4984 5975
638 306 767 369 263
1830 349 1842 363 .
2362 297 2832 368 EPIS'POLA
2870 298 2927 367 Ι.
4502 305 4615 369 264

640 491 871 575 Quid?
929 492 1156 557 Aaron
1197 496 1400 574 quum
1432 488 1714 555 vitulum
1758 510 1799 554 a
1841 509 1911 554 se
1954 490 2310 554 conflatum
2354 489 2592 572 populo

636 577 853 645 Israel
896 575 1263 642 ostenderet
1331 574 1544 639 Exod.
1592 577 1672 638 32
1691 625 1707 651 ,
1752 577 1858 657 4),
1906 595 1982 640 66
2023 574 2314 640 irrisorie
2349 574 2594 641 diceret

642 685 757 730 eos
778 683 917 729 6666
940 661 1118 744 (1606,
1154 682 1196 727 6
1228 659 1466 745 quibus
1500 659 1715 725 educti
1740 668 1964 725 essent
1997 680 2034 724 e
2068 667 2247 725 terra
2280 662 2591 745 Aegypti,

639 769 867 814 :nonne
907 746 1020 813 ille
1064 748 1236 812 serio
1273 745 1789 812 assentiebatur?
1835 767 2073 829 nempe
2114 746 2352 826 Deum,
2397 766 2593 829 quem

636 833 1122 915 redemptorem
1183 854 1374 897 suum
1446 832 1895 915 libertatisque
1961 853 2173 916 nuper
2235 832 2592 914 acquisitae

644 916 979 984 vindicem
1032 939 1168 987 non
1225 916 1623 995 abnuebant,
1682 919 1753 982 in
1807 917 2012 983 vitulo
2069 925 2290 982 tamen
2326 938 2592 983 cernere

645 1004 978 1070 volebant:
1037 1002 1210 1086 quod
1258 1024 1462 1087 prope
1514 1002 1637 1069 sibi
1695 1002 1921 1068 adesse
1954 1012 2111 1068 'non
2154 1001 2590 1083 confidebant,

645 1090 777 1155 nisi
830 1089 1279 1173 praesentibus
1334 1090 1552 1171 ipsum
1604 1089 1806 1154 oculis
1859 1090 2290 1155 intuerentur.
2359 1089 2593 1172 Itaque

649 1174 918 1240 solenne
938 1175 1070 1240 Dei
1105 1195 1364 1240 sacrum
1398 1197 1603 1258 quum
1639 1176 1722 1240 ab
1756 1176 2022 1241 Aarone
2056 1174 2374 1240 indictum
2402 1175 2452 1259 ¹)
2489 1197 2592 1241 es-

648 1268 779 1340 set,
833 1260 1003 1324 nihil
1055 1261 1462 1340 restitabant‚
1500 1280 1619 1327 666
1666 1258 2206 1343 deprecabantur:
2246 1260 2361 1327 sed
2395 1281 2592 1345 quam

644 1346 792 1411 Deo
843 1347 1099 1411 viventi
1144 1346 1419 1431 gloriam
1463 1345 1617 1411 dare
1661 1345 1993 1425 volebant,
2040 1367 2185 1412 eam
2225 1366 2442 1412 coram
2487 1347 2592 1411 vi-

641 1431 780 1496 t'ulo
825 1453 942 1497 ceu
980 1440 1232 1514 spectro
1269 1433 1407 1496 eius
1443 1430 1742 1514 quodam,
1780 1432 2256 1515 persolvebant.
2325 1431 2593 1498 'I'ollant

641 1519 983 1601 utrinque,
1042 1528 1116 1583 ut
1169 1517 1356 1596 libet,
1404 1519 1933 1600 superstitionem
1977 1539 2266 1584 omnem:
2313 1540 2446 1583 non
2490 1530 2590 1584 ta-

640 1622 795 1668 men
831 1604 1036 1669 satius
1071 1601 1313 1669 idcirco
1346 1604 1567 1681 fuisse,
1607 1614 1721 1668 aut
1754 1603 2173 1683 tolerabilius,
2211 1626 2430 1670 coram
2466 1604 2589 1671 hoc

641 1687 848 1755 vitulo
906 1689 1170 1754 honoris
1226 1709 1426 1755 causa
1482 1689 1845 1772 procidere,
1913 1711 2110 1772 quam
2153 1710 2371 1756 coram
2425 1689 2590 1756 bove

642 1777 1053 1858 aegyptiam,
1092 1772 1306 1840 dicere
1340 1783 1514 1841 certe
1562 1774 1993 1842 sustinebunt.
2056 1775 2397 1841 Iarobeam
2431 1797 2591 1859 quo-

642 1880 771 1942 que
815 1881 942 1942 quo
985 1860 1226 1927 vitulos
1273 1882 1426 1927 suos
1468 1860 1735 1926 consilio
1776 1863 1862 1926 sit
1904 1861 2271 1928 fabricatus.
2303 1862 2367 1946 (1
2418 1861 2584 1947 Reg.

651 1950 746 2022 12,
795 1945 929 2029 26),
976 1947 1031 2010 si
1076 1946 1468 2030 quaerimus,
1515 1967 1725 2029 neque
1773 1968 1979 2013 novos
2022 1947 2145 2012 sibi
2191 1946 2346 2011 deos
2391 1949 2589 2014 ascis-

642 2051 789 2097 cere
834 2031 905 2095 in
958 2032 1175 2097 animo
1230 2030 1542 2109 habebat,
1600 2054 1809 2115 neque
1867 2032 1961 2097 sio
2003 2052 2043 2096 a
2095 2033 2241 2097 Deo
2280 2032 2475 2115 plane
2518 2056 2588 2099 se

644 2115 1000 2182 desciscere
1029 2117 1371 2203 cogitabat,
1400 2138 1609 2200 neque
1644 2117 1772 2183 Dei
1807 2118 1999 2182 modo
2037 2118 2421 2202 religionem
2455 2140 2589 2184 non

643 2204 1142 2284 aspernabatur,
1200 2203 1316 2268 sed
1374 2225 1458 2268 ne
1510 2211 1769 2269 sanctas
1821 2202 2084 2285 quidem
2124 2204 2586 2284 caeremonias,

642 2308 805 2438 ffis
861 2288 1259 2370 pessundare
1314 2290 1702 2368 conabatur,
1760 2288 2194 2372 improbabat:
2253 2290 2393 2356 sola
2445 2299 2590 2357 erat

691 2374 704 2386 ‘
784 2371 1019 2453 dentia,
1064 2394 1230 2457 quae
1274 2374 1608 2440 hominem
1631 2375 1703 2438 in
1745 2374 1917 2440 hanc
1949 2377 2305 2442 amentiam
2336 2378 2588 2459 praeei-

641 2460 844 2542 pitem
865 2459 1084 2525 ferret.
1153 2459 1327 2526 Nam
1353 2482 1553 2544 quum
1574 2459 1709 2539 illa,
1734 2482 1933 2543 quam
1971 2460 2156 2527 601116
2181 2462 2381 2527 refert
2401 2483 2590 2529 sacra

641 2544 934 2623 historia,
982 2546 1313 2611 anxietate
1357 2548 1595 2612 misere
1640 2556 1989 2623 aestuaret,
2035 2568 2120 2611 ne
2166 2547 2393 2630 templi
2436 2547 2589 2612 reli-

640 2631 835 2716 gione
870 2638 1223 2714 sanctaque
1257 2632 1595 2698 maiestate
1633 2632 1794 2696 tacti
1825 2631 2036 2715 plebis
2070 2633 2292 2713 animi,
2330 2632 2415 2697 ad
2448 2634 2588 2699 Da-

639 2715 813 2782 vidis
859 2715 1154 2793 domum,
1199 2716 1375 2782 unde
1420 2717 1820 2796 defecerant,
1869 2740 2133 2783 rursum
2173 2718 2587 2797 inclinarent,

641 2822 845 2866 novos
900 2803 1270 2886 excogitare
1312 2803 1481 2869 ritus
1520 2802 1757 2881 voluit,
1802 2805 2041 2885 quibus
2084 2824 2124 2867 a
2161 2804 2390 2887 templi
2433 2826 2590 2871 con-

642 2894 869 2969 spectu
896 2885 1254 2952 abstractos
1287 2887 1483 2953 simul
1507 2910 1547 2953 a
1581 2909 1782 2971 regno
1805 2887 2063 2953 iudaico
2088 2890 2409 2972 paulatim
2432 2890 2589 2953 alie-

641 2981 847 3037 naret.
929 2971 1191 3037 Vitulos
1244 2993 1317 3036 er
1363 2995 1401 3038 o
1460 2994 1661 3056 quum
1716 2974 2066 3056 proferret,
2124 2996 2255 3040 non
2300 2997 2340 3040 a
2372 2975 2591 3058 priore

641 3056 787 3123 Deo
841 3064 918 3123 ut
970 3056 1055 3122 ad
1092 3056 1240 3121 illos
1342 3060 1654 3124 eficerent
1710 3059 2124 3139 hortabatur,
2182 3061 2355 3143 quod
2408 3061 2590 3125 futu-

639 3164 791 3207 rum
846 3150 990 3208 erat
1031 3143 1322 3207 omnium
1365 3143 1631 3210 auribus
1675 3145 1873 3211 nimis
1927 3166 2262 3228 asperum:
2308 3146 2422 3211 sed
2468 3167 2583 3211 ve-

639 3235 852 3293 terem
897 3237 1355 3312 assuetumque
1399 3231 1620 3296 Deum
1665 3235 1813 3311 [pag.
1851 3236 1957 3310 29]
2001 3238 2077 3295 ut
2117 3231 2189 3296 in
2241 3231 2374 3298 illis
2419 3233 2589 3299 cole-

640 3322 806 3395 rent,
852 3315 1175 3381 edocebat.
1244 3316 1398 3383 Huc
1433 3317 1609 3382 enim
1644 3316 1761 3382 illa
1795 3318 2130 3401 spectabat
2170 3319 2406 3384 oratio:
2451 3319 2590 3383 Vo-

640 3400 739 3490 bjs
782 3402 958 3468 ultra
1002 3401 1268 3467 modum
1301 3403 1370 3466 in
1414 3402 1776 3469 Ierusalem
1822 3402 2170 3469 ascendere
2211 3425 2412 3488 grave
2455 3413 2586 3470 est:

640 3508 681 3553 0
725 3487 963 3568 Israel,
1011 3487 1080 3551 hi
1126 3495 1283 3552 sunt
1336 3488 1427 3553 dii
1473 3489 1598 3568 tui,
1644 3489 1755 3571 qui
1800 3495 1866 3553 te
1911 3488 2287 3555 eduxerunt
2329 3512 2366 3555 e
2409 3499 2590 3556 terra

639 3575 957 3658 Aegypti:
1015 3571 1147 3636 illis
1198 3582 1274 3636 ut
1327 3574 1779 3655 persuaderet,
1836 3595 1971 3638 non
2029 3595 2098 3639 se
2153 3576 2588 3642 exterminato

638 3660 859 3742 priore
912 3656 1091 3734 Deo,
1144 3659 1468 3724 novitium
1522 3659 1805 3742 aliquem
1872 3659 2115 3725 inferre
2169 3662 2416 3727 Deum:
2470 3661 2588 3727 sed

640 3744 908 3809 modum
942 3741 1203 3808 tradere
1238 3743 1578 3824 duntaxat,
1615 3767 1740 3828 quo
1775 3747 2031 3810 minore
2066 3747 2365 3813 molestia
2397 3748 2588 3812 illum

640 3829 860 3913 ipsum
913 3826 1295 3908 adorarent,
1340 3831 1528 3896 cuius
1572 3832 1813 3897 virtute
1857 3831 2189 3915 quondam
2230 3834 2510 3899 fuissent
2552 3855 2590 3900 e

640 3914 881 3979 misero
927 3915 1214 4000 Aegypti
1249 3917 1520 3982 servitio
1553 3917 1830 3983 liberati.
1896 3917 2020 3983 Ille
2056 3918 2413 3984 vitulorum
2448 3920 2589 3986 cul-

642 4007 781 4078 tus,
826 4001 1250 4083 quantumvis
1295 4004 1545 4068 aeterni
1589 4002 1719 4068 Dei
1765 4004 2031 4071 nomine
2075 4013 2588 4087 praetexeretur,

642 4084 853 4168 qualis
908 4086 1135 4165 fuerit,
1196 4088 1453 4153 abunde
1511 4094 1841 4154 testantur
1897 4090 2268 4173 prophetae.
2335 4090 2590 4157 Utcun-

643 4191 769 4254 que
794 4172 1049 4237 abesset
1073 4174 1462 4254 superstitio,
1501 4184 1830 4257 utcunque
1866 4197 1907 4240 a
1941 4176 2136 4242 vituli
2168 4176 2591 4243 veneratione

641 4257 916 4323 interior
957 4258 1262 4343 cogitatio
1306 4259 1688 4326 abhorreret
1704 4312 1718 4338 ,
1763 4261 2074 4326 innoxius
2118 4283 2260 4327 esse
2304 4284 2434 4327 non
2475 4283 2590 4345 po-

643 4350 845 4423 terat,
892 4344 1260 4427 quicunque
1301 4346 1372 4408 in
1412 4346 1656 4412 Bethel
1699 4346 1782 4411 ad
1826 4345 2325 4413 sacrificandum
2368 4370 2590 4414 ascen·-

642 4428 869 4516 disset:
918 4450 1114 4512 quam
1156 4428 1259 4495 dei
1303 4433 1577 4497 verbum
1632 4433 1980 4498 Bethaven
1999 4434 2054 4514 ²)
2097 4435 2588 4517 pronunciabat.

644 4512 839 4594 Quod
875 4515 931 4578 si
965 4515 1221 4581 scelesti
1264 4515 1390 4580 illi:
1428 4540 1549 4583 nos
1587 4519 1741 4584 iusti
1781 4518 2044 4596 scilicet,
2091 4519 2204 4602 qui
2244 4521 2433 4602 panis
2467 4521 2590 4584 mi-

643 4621 819 4679 cam,
877 4599 1270 4685 simulatque
1339 4603 1525 4686 impii
1581 4604 1933 4670 sacrificuli
1987 4602 2421 4671 destinatione
2476 4606 2589 4671 de-

645 4691 800 4750 vota
842 4685 1272 4751 immolationi
1305 4688 1522 4767 fuerit,
1571 4689 1758 4755 nobis
1799 4710 1919 4773 pro
1961 4691 2105 4756 Deo
2141 4712 2282 4756 esse
2324 4694 2590 4775 profite-

782 4942 842 5006 1)
883 4941 977 4997 Sic
1009 4957 1217 5013 quoque
1255 4941 1479 4998 Gallus.-
1527 4946 1707 5014 quand
1752 4947 1935 5002 Aaron
1972 4954 2094 5003 61161
2136 4947 2320 5017 public
2354 4949 2411 5003 16
2445 4948 2587 5005 feste

644 5018 702 5065 61
736 5012 1002 5066 solennite
1049 5010 1115 5066 de
1148 5010 1303 5066 Dieu.
1387 5012 1604 5068 Caetera·
1633 5015 1765 5068 libri
1795 5017 1962 5071 latini
1992 5032 2198 5085 omnes,
2232 5034 2344 5072 uno
2379 5018 2588 5073 Amm-

640 5077 947 5134 lodamensi
976 5085 1209 5149 excepto,
1245 5081 1485 5151 adeoque
1522 5082 1630 5136 Ed.
1667 5082 1805 5138 1550
1836 5085 2058 5141 habent-
2092 5087 2380 5142 inductum.
2521 5086 2583 5152 2)

643 5146 810 5202 Duae
842 5149 1106 5204 editiones
1143 5152 1331 5219 prinei
1369 5168 1424 5205 es
1457 5151 1597 5205 male
1640 5150 1861 5207 habent.-
1908 5155 2219 5211 Bethanem.
2302 5155 2587 5211 Gallasius

630 5215 804 5273 1552:
842 5219 1163 5304 Β611161166.ι
1214 5218 1265 5274 G
1343 5236 1411 5274 us
1442 5221 1665 5289 optime.-
1700 5221 2016 5279 Beth-auen.

2693 485 2885 551 mur?
2949 486 3095 551 Iam
3135 494 3204 551 et
3245 484 3814 552 Samaritanorum
3857 486 4000 550 reli‘
4028 485 4243 551 ‘onem
4276 507 4405 550 non
4445 488 4521 554 ob
4552 490 4617 557 id

2693 572 2938 636 imitari
2984 593 3118 658 nou
3149 571 3386 638 licebat
3418 574 3701 650 omnino,
3747 570 3919 654 quod
3998 592 4222 636 eorum
4267 580 4436 637 esset
4475 575 4613 642 alie-

2693 677 2932 722 norum
2987 657 3168 724 cultu
3224 658 3586 740 implicata,
3642 656 3758 723 sed
3811 655 3986 740 quod
4028 677 4229 740 pravo
4270 657 4612 742 illegitimo·

2694 765 2821 826 que
2843 743 2973 808 Dei
3008 743 3188 809 cultu
3223 742 3471 826 polluta
3496 745 3677 808 foret.
3727 742 3810 807 In
3849 742 3988 819 hoc,
4024 743 4115 807 mi
4151 743 4371 820 frater,
4406 746 4471 810 in
4502 747 4611 816 hoo

2695 829 3017 909 fallimur,
3062 829 3234 911 quod
3277 829 3434 894 dum
3476 827 3851 893 immundas
3906 850 4026 911 per
4067 850 4137 894 se
4180 836 4247 893 et
4291 832 4614 916 sacrilegas

2696 915 3137 981 caeremonias
3183 936 3325 981 esse
3368 937 3499 980 non
3535 922 3875 998 putamus,
3923 913 4051 978 nisi
4092 934 4259 997 quae
4293 917 4614 999 gentilium
4712 925 4728 951 ⁹

2697 1000 2968 1066 deorum
3011 999 3384 1066 nominibus
3426 1000 3648 1084 palam
3682 1001 3818 1065 sint
3860 1000 4228 1084 insignitae,
4266 1022 4616 1070 sacrosanc-

2694 1092 2838 1150 tum
2863 1086 2994 1151 Dei
3021 1107 3262 1151 nomen
3282 1085 3644 1169 profanare,
3682 1106 4013 1150 summum
4043 1106 4185 1150 esse
4222 1086 4615 1172 sacrilegium

2693 1171 3152 1239 obliviscimur.
3210 1172 3607 1237 Profanatur
3640 1180 3861 1236 autem
3884 1192 4016 1235 non
4038 1172 4269 1255 magis,
4305 1171 4455 1237 dum
4477 1196 4615 1259 sup-

2694 1258 2920 1340 positis
2964 1258 3108 1323 aliis
3153 1256 3307 1336 diis,
3366 1257 3561 1341 plane
3605 1258 3747 1340 ipse
3787 1254 4199 1340 repudiatur:
4238 1278 4433 1341 quam
4474 1259 4616 1327 dum

2694 1345 3215 1409 commentitium
3269 1343 3364 1408 illi
3418 1343 3779 1426 quidpiam,
3831 1341 4004 1426 quod
4046 1344 4189 1407 eius
4227 1345 4616 1412 maiestatem

2693 1429 3056 1508 inhonoret,
3095 1430 3447 1514 affingitur.
3515 1430 3696 1493 Eant
3729 1450 3920 1507 nunc,
3958 1429 4069 1511 qui
4111 1429 4195 1493 ad
4236 1430 4509 1497 missalis
4545 1431 4615 1496 il-

2694 1514 2822 1580 lius
2875 1536 2912 1579 e
2967 1517 3237 1598 panario
3290 1516 3418 1580 Dei
3472 1523 3892 1598 conspectum
3951 1536 4168 1598 genua
4233 1516 4618 1583 simulandae

2695 1599 3028 1684 religionis
3055 1622 3253 1667 causa
3271 1601 3607 1679 inclinant,
3645 1610 3712 1665 et
3744 1600 3954 1665 levius
3990 1622 4059 1666 se
4098 1600 4472 1683 delinquere
4501 1604 4618 1668 iao-

2695 1692 2860 1764 tant,
2888 1689 2904 1727 ¹
2982 1687 3154 1770 quod
3189 1689 3309 1753 sub
3344 1687 3473 1752 Dei
3508 1687 3770 1751 nomine
3803 1685 4054 1753 idolum
4098 1686 4387 1752 adorent.
4448 1689 4540 1754 Ac
4569 1690 4619 1754 si

2692 1793 2826 1837 non
2887 1773 2899 1786 '
2956 1793 2996 1836 a
3048 1773 3267 1856 potius
3311 1773 3561 1838 nefaria
3603 1773 3705 1837 sui
3746 1772 4031 1837 nominis
4075 1775 4493 1856 usurpatione
4533 1773 4620 1840 bis

2691 1857 3079 1923 irrideretur
3131 1858 3486 1923 Dominus:
3541 1857 3713 1940 quod
3768 1868 3835 1922 et
3869 1879 3967 1926 ,60
4024 1857 4228 1923 nihilo
4286 1862 4490 1925 secius
4526 1881 4621 1925 re-

2692 1942 2867 2022 licto,
2914 1942 3000 2008 ad
3042 1943 3287 2009 idolum
3324 1945 3628 2023 curritur,
3675 1952 3744 2007 et
3785 1944 4067 2009 transire
4110 1944 4250 2027 ipse
4294 1945 4365 2009 in
4407 1966 4622 2028 panem

2690 2030 2993 2179 ¹iiiangitur,
3053 2028 3324 2095 obscuro
3381 2052 3456 2095 ac
3511 2030 3692 2096 velut
3734 2030 3986 2112 magico
4030 2051 4376 2095 murmure
4416 2033 4622 2097 incan-

2863 2203 3072 2268 Porro
3093 2200 3264 2285 quod
3288 2201 3469 2266 omni
3503 2200 3853 2284 impiarum
3887 2202 4433 2283 superstitionum
4467 2223 4623 2268 com·

2692 2289 3006 2353 munione
3025 2288 3119 2353 ita
3151 2288 3440 2370 praecise
3475 2286 3810 2365 interdicO,
3846 2287 3913 2351 id
3948 2287 4019 2352 in
4055 2307 4198 2352 eam
4233 2295 4489 2371 partem
4521 2308 4622 2353 no-

2690 2373 2808 2438 lim
2832 2374 3131 2457 accipias,
3168 2374 3355 2457 quasi
3390 2394 3618 2439 earum
3655 2394 3876 2438 rerum
3915 2373 4033 2438 tibi
4070 2373 4455 2458 religionem
4488 2374 4622 2438 inii-

2693 2460 2892 2540 ciam,
2946 2481 3108 2543 quas
3153 2460 3256 2525 vel
3301 2460 3593 2544 effugere
3637 2459 3901 2524 omnino
3949 2479 4082 2523 606
4127 2459 4217 2524 611
4259 2461 4332 2524 16
4377 2470 4485 2524 tua
4523 2480 4622 2542 po-

2693 2547 2896 2611 situm
2951 2545 3259 2610 facultate
3274 2595 3290 2623 ,
3344 2544 3450 2610 vel
3507 2543 3747 2609 liberas
3801 2545 4036 2628 alioqui
4094 2566 4240 2611 esse
4280 2544 4619 2611 conveniat.

2693 2631 2921 2714 Neque
2965 2631 3141 2695 enim
3175 2631 3232 2695 si
3276 2631 3452 2694 intra
3494 2630 3891 2714 templorum
3934 2631 4245 2709 omnium,
4293 2652 4457 2715 quae
4496 2631 4624 2713 qui-

2695 2716 2846 2780 dem
2887 2716 3036 2782 istic
3080 2723 3254 2790 sunt,
3297 2715 3601 2797 parietes,
3648 2716 3908 2780 infinita
3950 2716 4240 2800 quotidie
4286 2717 4623 2800 impietatis

2696 2801 2997 2883 exempla
3041 2797 3355 2879 eduntur,
3394 2797 3632 2867 idcirco
3675 2808 3742 2865 te
3782 2823 3823 2867 a
3866 2802 4099 2885 primis
4144 2823 4377 2868 eorum
4419 2802 4625 2867 limiti-

2694 2885 2816 2952 bus
2870 2905 3076 2964 arce0,
3123 2907 3244 2951 nec
3289 2887 3342 2951 si
3388 2886 3740 2952 simulacra
3777 2889 3995 2952 omnia
4037 2888 4341 2954 nefandis
4383 2887 4625 2955 sacrile-

2744 2972 2819 3039 ''s
2845 2980 3003 3038 sunt
3026 2970 3339 3052 dedicata,
3377 2971 3522 3037 ideo
3556 2994 3635 3038 ea
3655 2974 3956 3057 protinus
3980 2976 4274 3058 aspicere
4299 2984 4367 3041 te
4382 2977 4441 3061 ²)
4478 2980 4624 3039 veto.

2694 2994 2977 3139 {hande
3019 3058 3298 3123 alterum
3341 3059 3482 3124 sine
3524 3080 3699 3124 noxa
3743 3070 3869 3126 est:
3913 3061 4191 3126 alterum
4208 3112 4223 3139 ,
4274 3071 4529 3144 praeter
4569 3058 4628 3123 id

2694 3144 2869 3228 quod
2921 3145 3088 3210 nihil
3145 3145 3356 3224 obest,
3414 3145 3611 3210 simul
3670 3167 3745 3212 ac
3790 3145 4023 3228 pedem
4067 3146 4259 3212 domo
4308 3144 4626 3223 extuleris,

2695 3234 2914 3317 (tanta
2966 3230 3292 3296 idolorum
3339 3227 3765 3296 multitudine
3823 3232 4102 3297 refertae
4139 3237 4292 3312 [pag.
4334 3237 4441 3312 30]
4486 3237 4628 3297 sunt

2695 3319 2841 3383 viae
2881 3317 3135 3400 omnes)
3180 3316 3280 3380 tui
3316 3315 3567 3381 arbitrii
3602 3338 3744 3383 esse
3781 3317 4037 3383 desinit.
4108 3320 4201 3383 Te
4245 3339 4405 3403 ergo
4439 3335 4629 3398 usque

2695 3404 2856 3469 adeo
2915 3403 3438 3488 superstitiosum
3483 3423 3625 3468 esse
3666 3403 3817 3468 nolo
3832 3454 3848 3482 ,
3892 3410 3971 3467 ut
4016 3404 4244 3486 templi
4290 3404 4497 3488 magis
4537 3401 4630 3465 16-

2693 3509 2922 3573 gressu
2966 3488 3226 3572 pedem,
3273 3496 3389 3554 aut
3427 3488 3762 3555 simulacri
3803 3496 4072 3573 aspectu
4127 3492 4342 3575 magis
4386 3487 4630 3554 oculum

2693 3575 2896 3658 pollui
2925 3575 3277 3652 existimes,
3306 3595 3501 3657 quam
3526 3574 3581 3639 si
3605 3574 3710 3641 vel
3735 3573 3928 3639 illum
3954 3575 4026 3639 in
4050 3575 4399 3660 vulgarem
4419 3593 4632 3657 quem·

2693 3662 2798 3727 vis
2849 3661 3066 3725 locum
3121 3660 3393 3738 inferas,
3462 3659 3568 3725 vel
3620 3660 3797 3726 hunc
3849 3661 3922 3725 in
3975 3661 4206 3725 rudem
4267 3662 4631 3726 informem-

2692 3767 2820 3830 que
2876 3746 3165 3830 aliquem
3221 3743 3509 3829 lapidem
3563 3746 3887 3811 coniicias.
3978 3746 4231 3811 Verum
4293 3747 4503 3824 enim,
4565 3750 4632 3809 ut

2691 3833 2808 3897 illa
2841 3831 2961 3897 tibi
2997 3852 3140 3898 esse
3174 3832 3493 3912 permissa
3528 3830 3742 3896 audis:
3780 3833 3874 3896 ita
3916 3853 4001 3896 ne
4047 3832 4222 3898 ultra
4258 3834 4407 3898 eius
4450 3831 4633 3896 liber·

2692 3918 2849 3985 tatis
2888 3916 3154 3985 modum
3187 3917 3454 3983 licentia
3487 3916 3943 4066 progrediaris,
3971 3919 4169 3983 etiam
4208 3931 4411 4003 atque
4446 3915 4637 4011 etiam

2692 4025 2766 4069 re
2813 4011 2976 4069 utes.
3042 4003 3245 4070 Hunc
3277 4001 3548 4067 modum
3636 4003 3860 4068 efinire
3904 4025 4038 4068 non
4080 4004 4440 4088 improprie
4481 4000 4637 4067 mihi

2694 4089 2763 4156 vi
2808 4109 2951 4169 eor,
2996 4109 3200 4172 quum
3255 4089 3336 4153 ab
3391 4089 3572 4152 omni
3611 4089 3683 4153 in
3727 4090 4108 4154 universum
4153 4090 4639 4174 sacrilegiorum

2693 4176 3153 4243 communione
3189 4173 3646 4239 abstinendum
3690 4175 3808 4240 tibi
3853 4174 4065 4240 doceo.
4135 4173 4485 4258 Siquidem
4529 4192 4636 4255 per

2694 4261 3246 4339 communionem,
3305 4280 3438 4325 non
3491 4259 3855 4343 simplicem
3906 4260 4034 4326 loci
4088 4262 4635 4345 propinquitatem

2695 4347 2890 4442 (quae
2929 4346 3203 4411 minime
3227 4366 3347 4411 nos
3377 4345 3509 4410 illis
3545 4345 3868 4430 implicat)
3916 4346 4031 4411 sed
4072 4355 4218 4412 tum
4260 4348 4635 4412 interiorem

2695 4434 3209 4512 consensionem,
3236 4439 3378 4497 tum
3402 4439 3745 4497 externam
3772 4433 4070 4514 quamvis
4096 4432 4630 4506 testificationem,

2695 4540 2825 4603 qua
2840 4518 3011 4603 8)’16
3054 4518 3321 4583 illorum
3363 4515 3892 4601 approbationem
3936 4517 4407 4597 subscribatur,
4452 4513 4634 4581 intel-

2693 4605 2862 4689 ligis.
2931 4603 3275 4671 Oonsensu
3299 4625 3382 4668 ne
3410 4602 3542 4667 illis
3563 4602 4050 4683 adhaerescant,
4089 4604 4200 4687 qui
4233 4603 4495 4669 modica
4526 4619 4634 4666 ve-

2693 4690 2909 4756 ritatis
2963 4691 3110 4756 luce
3164 4697 3319 4755 sunt
3367 4687 3693 4767 irradiati,
3740 4689 3856 4754 vix
3899 4697 4001 4756 est
4044 4688 4431 4755 timendum.
4497 4683 4637 4752 Illis

2693 4775 2824 4842 illis
2841 4778 2898 4861 ⁴)
2926 4775 3493 4842 testificationibus
3518 4774 3828 4840 scelestae
3850 4775 4366 4859 participationis
4392 4770 4637 4856 laqueis

2828 5016 2886 5084 1)
2926 5016 3036 5072 Ed.
3065 5015 3352 5084 princeps.-
3389 5013 3609 5070 iactent.
3794 5013 3854 5080 2)
3893 5013 3989 5067 Ita
4023 5015 4144 5069 sola
4171 5013 4454 5082 princepe.
4512 5010 4634 5065 Gae-

2689 5091 2836 5142 torae
2868 5087 3148 5141 omittunt.-
3184 5090 3255 5139 te.
3516 5087 3539 5149 )
3577 5081 3725 5138 Edd.
3762 5099 3893 5139 rece.
3928 5079 4065 5136 1576
4095 5098 4236 5154 seqq.
4272 5097 4417 5152 quae
4479 5077 4634 5146 (Gal-

2688 5156 2802 5210 lus:
2849 5171 2950 5224 par
2984 5153 3264 5224 laquelle).
3481 5150 3541 5218 4)
3588 5152 3835 5208 Alterum
3877 5151 3985 5209 illis
4028 5154 4280 5207 omittunt
4328 5148 4470 5203 1576
4505 5161 4636 5218 seqq.

2694 5223 2904 5280 Gallice
2937 5229 3165 5279 vertetur
3199 5221 3278 5275 ad
3309 5221 3553 5277 literam.-
3587 5238 3689 5291 par
3723 5239 3814 5277 ces
3850 5237 3951 5290 par
3987 5237 4078 5276 ces
4112 5220 4484 5276 attestatione.
