4984 5975
335 298 362 321 '
477 331 729 400 Lv’m
1658 327 2205 396 onmArus
2250 326 2839 395 mmmmm
2880 324 3326 395 means.

802 519 1197 586 Melanthon
1212 570 1227 597 ,
1272 519 1452 583 inter
1496 517 1975 601 colloquutores
2017 517 2433 601 praecipuus,
2490 514 2721 582 edidit:
2766 514 2934 582 Acta
2977 515 3048 581 in
3097 520 3394 581 conventu
3442 513 3883 581 Ratisbonens-s'
3927 515 4302 581 continentia
4344 534 4505 596 quae

483 636 836 715 sequnntur
876 638 1065 697 caett.
1157 629 1549 711 Impressum
1598 628 2070 712 Wittemberyae
2101 649 2228 711 per
2272 627 2613 710 Iosephnm
2658 627 2737 693 Κ
2742 627 2864 712 lay.
2901 626 2996 692 Μ.
3032 627 3120 694 D.
3161 626 3353 692 XLI.
3439 626 3769 693 Praefatio
3819 623 3904 690 ad
3954 627 4141 710 pium
4194 625 4503 691 lectorem

490 743 650 809 data
692 748 794 809 est
836 743 1009 808 circa
1052 740 1112 805 d.
1160 748 1466 825 quartam
1513 738 1837 806 Octobris,
1903 739 2352 805 Inveniuntur
2394 739 2624 806 eadem
2664 739 2829 805 haec
2870 739 3044 805 Acta
3084 738 3155 803 in
3195 738 3502 821 operibus
3535 737 3985 803 Melanthonis
4018 745 4295 803 curante
4325 737 4503 803 Peu-

487 874 640 921 oero
682 850 1188 936 Wittenbergae
1240 850 1433 918 editis
1477 852 1662 918 Tem.
1708 851 1831 917 IV.
1887 873 1950 936 p.
2001 853 2125 916 729
2172 870 2346 934 seqq.
2434 849 3032 917 Bretschneiderus
3082 850 3154 915 in
3210 846 3460 914 edendo
3512 846 3804 932 Corpore
3845 849 4383 914 Reformatorum
4421 847 4505 914 il-

484 963 926 1030 lustrissimus
979 970 1204 1029 noster
1256 961 1585 1043 decessor,
1652 963 1816 1029 haec
1872 964 2047 1029 Acta
2108 961 2473 1028 secundum
2530 968 2903 1046 temporum
2956 959 3255 1028 ordinem
3308 960 3516 1026 'l'omo
3558 959 3680 1025 IV.
3735 979 4009 1042 operum
4057 958 4505 1026 Melanthonis

487 1074 737 1160 passim
779 1095 898 1141 suo
940 1073 1082 1141 loco
1124 1075 1422 1141 inseruit.

798 1175 1084 1251 Ioannes
1122 1172 1393 1265 Eckiu's,
1437 1184 1677 1252 tertius
1720 1184 2243 1268 colloquutorum
2299 1184 2767 1251 catholicorum
2781 1236 2799 1265 ,
2853 1184 2968 1269 qui
3020 1184 3187 1253 febri
3238 1187 3576 1266 correptus
3631 1182 3714 1248 ab
3769 1182 3914 1266 ipso
3962 1182 4268 1266 colloquii
4320 1182 4506 1248 initio

487 1297 662 1363 nulli
704 1297 947 1363 actioni
990 1296 1217 1364 adesse
1257 1298 1502 1381 potuit,
1557 1295 1869 1380 pleraque
1915 1293 2309 1361 documenta
2365 1295 2449 1360 ad
2504 1295 2679 1363 hanc
2730 1296 3251 1380 ratisponensem
3304 1291 3715 1359 concordiam
3764 1293 4162 1378 pertinentia
4184 1294 4507 1376 ‘sequenti

487 1428 663 1474 anno
706 1406 912 1473 edidit
951 1408 1078 1473 hac
1121 1428 1237 1474 suo
1275 1407 1444 1473 libro
1493 1408 1666 1473 facta
1697 1406 2149 1489 inscriptione:
2193 1404 2509 1489 Apoloqia
2552 1428 2676 1489 pro
2722 1405 3288 1473 Reverendissimis
3321 1409 3379 1470 et
3410 1400 3882 1471 manmsimis
3929 1403 4343 1485 Principibus
4384 1402 4504 1471 Ga-

491 1519 737 1585 tholicss
775 1540 850 1584 ac
889 1519 1043 1585 aliis
1085 1520 1409 1584 ordinibus
1433 1518 1707 1600 Imperii
1751 1517 2052 1583 adversas
2092 1537 2370 1583 mucores
2422 1523 2480 1583 et
2533 1519 2886 1584 calumnia-s
2929 1516 3169 1582 Buceri
3208 1535 3400 1597 super
3441 1516 3600 1581 actis
3645 1514 4052 1581 comitiorum
4098 1515 4502 1597 Rati-§ponae

492 1631 810 1714 Apoloyia
847 1651 974 1713 pro
1021 1630 1562 1717 Reverendissimo
1619 1628 1821 1711 Sedis}
1859 1627 2259 1710 Apostolicae
2301 1628 2536 1712 Leyatc
2605 1634 2662 1693 et
2736 1628 3060 1695 cardinali
3117 1625 3398 1709 Gaspare
3444 1624 3804 1693 Gontareno.
3906 1624 3998 1692 Io.
4034 1626 4229 1693 Echio
4270 1632 4506 1693 autore.

498 1739 792 1809 Coloniae
832 1741 927 1806 M.
963 1741 1049 1806 D.
1097 1740 1333 1806 XLII.
1368 1760 1575 1806 mense
1617 1739 1821 1806 Maio.
1879 1773 1883 1777 ·

797 1853 981 1917 Ante
1024 1852 1272 1934 aliquot
1315 1872 1524 1917 annos
1570 1850 1846 1916 Carolus
1890 1850 2277 1916 Theodorus
2321 1848 2646 1935 He‘rgang
2704 1849 2946 1916 librum
3005 1849 3210 1915 edidit
3252 1848 3333 1915 de
3376 1842 3696 1933 colloquio
3739 1840 4176 1933 ratisponensi
4214 1850 4504 1934 peculia-

489 1963 656 2029 riter
697 1970 1094 2029 tractantem
1136 1970 1206 2026 et
1245 1964 1600 2046 praecipua
1656 1962 2048 2049 documenta
2095 1969 2230 2026 tam
2285 1962 2495 2027 latine
2549 1983 2747 2045 quam
2800 1962 3178 2046 germanice
3233 1967 3545 2044 concepta
3599 1959 4049 2040 exhibentem,
4105 1962 4229 2028 hoc
4282 1961 4502 2028 titulo:

489 2073 641 2140 Das
685 2073 1364 2157 Reziyions-Gesprach
1406 2094 1490 2138 ,eu
1532 2072 1934 2157 Reyensbury
1976 2073 2066 2138 im
2087 2071 2291 2138 Jahre
2337 2077 2522 2139 1541
2564 2073 2699 2138 und
2739 2074 2859 2140 das
2903 2072 3371 2157 Reyensburqer
3388 2071 3594 2153 Bacch,
3637 2071 3813 2137 nebst
3852 2072 4094 2138 andern
4133 2074 4384 2155 darauf
4412 2073 4509 2139 be-

493 2185 820 2270 zae'ae'ylichen
868 2183 1182 2267 Schriften
1208 2186 1393 2266 jener
1437 2184 1590 2248 Zeit.
1684 2182 1905 2249 Caesel
1954 2188 2137 2249 1858.
2226 2187 2285 2248 8.

800 2296 970 2362 Acta
1009 2295 1217 2360 latina
1258 2295 1502 2362 Buceri
1540 2295 1795 2361 incuria
1835 2293 2119 2377 quadam
2162 2295 2464 2361 laborant
2497 2302 2566 2361 et
2598 2294 3031 2361 tumultuarie
3065 2295 3431 2379 conscripta
3466 2292 3778 2361 videntur
3812 2303 3880 2360 et
3912 2295 4259 2378 publicata.
4322 2293 4506 2362 Ordo

490 2407 672 2473 enim
718 2413 1086 2490 temporum
1128 2406 1313 2472 nullo
1356 2406 1551 2472 modo
1594 2406 1984 2472 observatus
2027 2413 2130 2472 est
2170 2414 2239 2472 et
2280 2406 2497 2473 multa
2538 2405 3014 2473 desiderantur.
3104 2406 3505 2473 Germanica
3546 2404 3742 2472 editio
3786 2406 3992 2472 multo
4036 2407 4397 2475 accuratior
4440 2416 4510 2471 et

487 2519 740 2585 auctior
781 2526 1166 2601 perpetuam
1209 2518 1479 2584 exhibet
1521 2516 1902 2583 historicam
1944 2518 2431 2582 enarrationem
2486 2538 2717 2583 earum
2774 2539 2997 2582 rerum
3041 2539 3208 2601 quae
3248 2524 3396 2601 post
3435 2516 4029 2601 praesentationem
4093 2519 4508 2585 uniuscuius-

485 2651 618 2714 que
661 2630 888 2714 scripti
933 2637 1051 2695 aut
1093 2627 1452 2694 deliberata
1505 2635 1620 2693 aut
1672 2635 2004 2694 transacta
2057 2634 2231 2693 sunt.
2318 2630 2494 2695 Acta
2533 2628 2989 2694 Melanthonis
3045 2628 3255 2692 multo
3308 2629 3618 2711 pauciora
3669 2628 4012 2694 continent
4051 2650 4250 2713 quam
4292 2630 4507 2696 Buce-

487 2741 694 2820 riana‚
739 2747 806 2804 et
847 2741 1093 2823 passim
1139 2740 1358 2805 varias
1401 2739 1651 2805 habent
1690 2738 2023 2817 lectiones,
2070 2737 2186 2804 sed
2229 2759 2341 2804 eas
2383 2740 2575 2822 parvi
2617 2739 3003 2823 plerumque
3048 2740 3379 2804 momenti.
3445 2737 3645 2804 Eckii
3686 2739 4015 2825 Apologia
4057 2741 4367 2807 refutatio
4405 2749 4510 2807 est

489 2871 725 2917 eorum
783 2871 950 2934 quae
993 2850 1295 2917 Bucerus
1351 2849 1487 2915 suis
1530 2847 1719 2915 Actis
1775 2848 2126 2914 admiscuit
2177 2856 2491 2932 tanquam
2549 2851 3034 2933 pontificiorum
3090 2869 3456 2915 censuram.
3548 2847 3742 2931 Quod
3796 2848 3881 2915 ad
3933 2840 4325 2918 documenta
4362 2852 4511 2936 ipsa

489 2962 749 3040 attinet,
793 2968 1055 3027 textum
1097 2959 1295 3028 habet
1338 2980 1491 3027 cum
1531 2958 1905 3026 Buceriano
1945 2959 2082 3025 fere
2127 2961 2430 3028 omnibus
2472 2961 2545 3027 in
2586 2961 2884 3046 partibus
2927 2961 3129 3028 verbo
3173 2967 3366 3027 tenus
3408 2981 3784 3029 consonum.

801 3073 974 3138 Acta
1016 3071 1280 3137 Calvini
1324 3071 1559 3156 gallica
1603 3091 1772 3153 quae
1815 3090 1996 3136 nunc
2038 3072 2332 3155 primum
2375 3094 2494 3139 suo
2536 3073 2678 3139 loco
2720 3074 2897 3139 inter
2939 3075 3080 3140 eius
3135 3093 3333 3157 opera
3386 3074 3756 3159 theologica
3808 3074 4246 3154 restituimus,
4302 3096 4508 3158 quum

487 3193 560 3251 et
605 3183 940 3251 Gallasius
982 3191 1050 3248 et
1091 3183 1269 3249 Beza
1311 3205 1390 3249 ea
1430 3182 1699 3248 omnino
1743 3182 2176 3266 neglexerint,
2220 3189 2480 3250 textum
2513 3185 2758 3251 Buceri
2799 3184 3080 3251 latinum
3119 3193 3500 3269 sequuntur,
3547 3184 3760 3250 solum
3803 3186 4051 3252 scilicet
4093 3207 4292 3269 quem
4333 3186 4507 3252 Nos-

490 3303 594 3362 ter
647 3296 720 3360 in
774 3294 1080 3366 manibus
1133 3294 1376 3364 habere
1431 3294 1660 3377 potuit.
1762 3291 1900 3360 Sed
1954 3314 2116 3359 cave
2172 3292 2416 3361 nudam
2460 3296 2820 3363 Buceriani
2870 3297 3024 3362 libri
3066 3296 3440 3362 versionem
3496 3296 3669 3363 hanc
3722 3317 3865 3363 esse
3917 3295 4037 3362 tibi
4091 3297 4508 3381 persuadeas.

487 3404 831 3473 Nonnulla
872 3406 1049 3471 enim
1092 3406 1353 3484 omittit,
1399 3405 1531 3470 alia
1572 3423 1710 3468 non
1751 3425 1959 3489 pauca
2000 3404 2384 3488 compendio
2429 3406 2663 3489 reddit,
2708 3408 3197 3474 exhortationes
3232 3407 3556 3487 videlicet,
3601 3428 3910 3474 censuras
3946 3415 4013 3474 et
4046 3410 4475 3475 refutationes
4486 3433 4507 3490 ;

487 3518 736 3602 passim
778 3517 980 3582 etiam
1024 3536 1062 3580 e
1104 3537 1222 3582 suo
1266 3536 1442 3600 penu
1486 3536 1710 3581 rerum
1754 3516 2286 3583 narratiunculas
2328 3516 2544 3599 addit,
2590 3526 2657 3583 et
2697 3520 2793 3586 sic
2829 3519 3077 3586 librum
3116 3539 3277 3586 vere
3328 3539 3581 3586 novum
3636 3527 3704 3584 et
3756 3520 4098 3604 proprium
4151 3520 4510 3587 lectoribus

490 3629 701 3712 offert.
792 3626 981 3710 Quae
1025 3627 1107 3692 de
1149 3626 1428 3712 singulis
1470 3627 1628 3693 locis
1673 3635 1743 3692 et
1784 3627 2083 3710 partibus
2128 3626 2403 3695 dicenda
2448 3637 2622 3709 sunt,
2667 3651 2746 3696 ea
2788 3629 2873 3695 ad
2911 3632 3125 3715 ipsum
3172 3636 3429 3696 textum
3473 3637 3790 3696 annotata
3830 3631 4139 3716 reperies.

801 3740 1030 3806 Unum
1085 3746 1382 3822 superest
1435 3737 1611 3823 quod
1663 3758 2076 3804 moneamus:
2141 3740 2463 3807 Actorum
2517 3749 2892 3820 nostrorum
2950 3742 3336 3825 gallicorum
3392 3742 3796 3826 exemplaria
3848 3742 4188 3808 rarissima
4240 3763 4383 3809 esse
4438 3750 4512 3807 et

489 3852 719 3935 paucis
762 3852 922 3917 visa.
1010 3850 1217 3917 Nobis
1261 3857 1437 3917 certe
1480 3849 1607 3916 duo
1653 3857 1914 3916 tantum
1957 3850 2403 3932 innotuerunt,
2446 3851 2729 3918 alterum
2770 3854 2838 3918 in
2884 3851 3280 3919 bibliotheca
3321 3851 3683 3920 Dresdcnsi
3728 3861 4165 3934 asservatum,
4223 3854 4512 3920 alterum

489 3981 623 4044 quo
664 3963 791 4045 ipsi
831 3964 936 4027 usi
985 3983 1233 4041 sumus,
1279 3963 1606 4028 turicense
1648 3984 1733 4028 ex
1771 3959 2174 4028 bibliotheca
2218 3962 2533 4029 Carolina
2575 3965 2715 4030 sive
2759 3964 2965 4032 civica
3008 3963 3482 4048 depromptum.

4328 36 4974 385 ,Ἴ
