4984 5975
607 276 727 337 155

589 461 1028 544 praestabunt:
1069 458 1567 524 misericordiam
1608 465 1813 522 antem
1855 460 2150 525 vitabunt.
2222 458 2339 523 Est
2381 461 2550 523 enim

597 549 821 612 vitium
852 545 1083 625 pusilli
1123 545 1354 632 animi,
1410 544 1496 608 ad
1544 546 1807 625 speciem
1847 546 2196 610 alienorum
2236 547 2550 611 maiorm

597 632 980 699 succidentis,
1046 630 1272 711 Itaque
1298 629 1578 708 pessimo
1619 631 1843 711 cuique
1880 631 2401 712 familiarissima
2441 637 2545 696 est.

599 720 790 783 Anus
831 723 886 780 et
926 714 1327 780 mulierculae
1368 719 1514 779 sunt
1556 736 1715 795 quae
1752 716 2049 798 lacrymis
2090 718 2547 782 nocentissimo-

596 825 743 870 rum
795 807 1140 868 moventia.-
1183 820 1368 881 quae,
1413 801 1473 865 si
1513 801 1718 865 liceret
1731 852 1745 877 ,
1791 821 2095 866 carcerem
2134 803 2546 886 effvin9erent.

600 887 1046 955 Misericordia
1075 907 1199 951 non
1231 905 1491 952 causam
1522 887 1631 954 sed
1660 887 1981 968 fortunam
2013 893 2252 968 spectat,
2294 889 2547 954 clemen-

596 978 689 1040 tia
736 975 971 1039 rationi
1013 972 1256 1037 accedit.
1350 970 1492 1036 Scio
1533 974 1699 1038 male
1740 974 1967 1038 audire
2009 974 2182 1056 apud
2222 975 2547 1056 imperitos

595 1066 824 1127 sectam
873 1059 1232 1136 Stoicorum,
1277 1062 1580 1138 tanquam
1619 1060 1813 1124 nimis
1869 1059 2124 1138 duram,
2182 1064 2239 1123 et
2287 1063 2546 1125 minime

583 1145 988 1229 principibus
1007 1143 1372 1227 reqibusque
1390 1145 1613 1208 bonum
1644 1146 1937 1209 daturam
1969 1145 2316 1211 consilium.
2377 1146 2546 1211 Obii-

596 1235 760 1299 citur
801 1231 968 1296 enim
1011 1230 1110 1294 illi
1155 1229 1318 1310 quod
1367 1231 1707 1312 sapientem
1761 1237 1943 1313 neqat
1994 1233 2308 1310 misereri,
2364 1237 2547 1315 neqat

598 1322 920 1403 iqnoscere.
1012 1316 1186 1381 Haeo
1228 1316 1288 1379 si
1319 1336 1443 1394 per
1484 1337 1549 1379 se
1575 1322 1915 1395 ponantwr,
1959 1318 2173 1382 invisa
2205 1323 2366 1382 sunt.
2442 1317 2545 1383 Vi-

601 1407 828 1472 dentur
868 1403 1032 1464 enim
1074 1401 1317 1465 nullam
1358 1422 1530 1483 spem
1569 1402 1918 1482 relinquere
1971 1403 2268 1467 humanis
2320 1404 2546 1467 errori-

602 1492 733 1568 bus,
776 1489 884 1554 sed
927 1488 1138 1551 omnia
1177 1486 1402 1550 delicta
1443 1488 1529 1551 ad
1560 1508 1832 1567 poenam
1875 1488 2182 1554 deducere.
2276 1490 2451 1571 Quod
2482 1490 2545 1552 si

602 1582 708 1654 est,
751 1575 906 1656 quid
948 1576 1019 1637 in
1058 1573 1174 1636 hac
1214 1573 1474 1638 scientia
1489 1622 1503 1649 ,
1549 1594 1708 1653 qnae
1749 1574 2056 1639 dediscere
2097 1574 2545 1640 humanitatem

602 1663 767 1728 iubet
780 1710 794 1738 ,
836 1665 1209 1741 portumque
1250 1659 1554 1723 adversus
1592 1658 1912 1739 fortunam
1950 1661 2366 1725 certissimum
2407 1681 2544 1726 mu—

603 1753 706 1813 tuo
750 1746 992 1811 auxilio
1042 1744 1282 1821 cludit?
1311 1747 1360 1826 ¹)
1455 1742 1577 1808 Sed
1622 1745 1803 1810 nulla
1849 1751 2014 1810 secta
2082 1745 2400 1829 beni9nior
2458 1747 2543 1811 le-

601 1835 873 1914 niorque
898 1836 1013 1908 est,
1069 1830 1251 1894 nulla
1304 1831 1616 1894 amantior
1660 1835 1807 1909 [pag.
1867 1835 2014 1908 150]
2082 1831 2428 1909 hominum,
2488 1837 2545 1895 et

600 1917 1028 1984 communibus
1078 1916 1254 1980 bonis
1315 1917 1627 1981 attentior.-
1704 1921 1773 1979 ut
1817 1919 2209 1997 propositum
2255 1920 2339 1981 sit
2392 1919 2541 1982 usui

602 2025 732 2071 esse
774 2008 886 2068 aut
927 2001 1171 2067 auxilio
1188 2049 1225 2083 ‚⁴
1254 2022 1363 2065 nec
1404 1999 1527 2065 sibi
1569 2006 1839 2080 tantum,
1892 2003 2002 2067 sed
2045 2004 2358 2067 universis
2410 2004 2543 2067 sin-

598 2091 887 2174 yulisque
931 2087 1261 2154 consulere.
1346 2085 1797 2151 *Misericordia
1836 2092 1925 2152 est
1968 2089 2290 2171 aem-itudo
2339 2088 2544 2154 animi

601 2176 673 2243 ob
696 2175 1045 2240 alienarum
1077 2174 1485 2236 miseriarum
1516 2173 1810 2253 speciem:
1843 2179 1955 2238 aut
1988 2175 2253 2238 nistitia
2286 2196 2362 2239 ec
2397 2175 2545 2239 alie·-

600 2264 706 2327 nis
746 2261 939 2325 malis
979 2263 1276 2338 concepta,
1318 2278 1478 2340 quae
1517 2259 1796 2323 accidere
1836 2260 2297 2325 immerentibus
2337 2261 2543 2325 credit.

601 2346 948 2431 Aeqritado
978 2348 1183 2408 autem
1205 2345 1272 2407 in
1305 2345 1648 2426 sapientem
1666 2346 1877 2408 virum
1908 2366 2026 2409 non
2057 2347 2239 2411 cadit.
2309 2345 2546 2412 Serena

599 2434 764 2498 enim
806 2433 943 2496 eius
984 2450 1157 2495 mens
1199 2435 1304 2506 est,
1350 2450 1456 2494 nec
1487 2430 1834 2512 quidquam
1862 2432 2136 2497 incidere
2157 2432 2543 2515 potestquod

601 2519 781 2584 illam
833 2517 1106 2582 obducat.
1200 2514 1386 2580 Nihil
1428 2535 1617 2596 aeque
1670 2516 1976 2582 hominem
2029 2538 2221 2598 quam
2274 2536 2545 2601 maynus

595 2606 854 2670 animus
892 2604 1069 2668 decet.
1139 2602 1512 2683 Nonpotest
1553 2606 1760 2666 autem
1799 2622 2064 2684 maqnns
2104 2623 2234 2668 esse
2274 2605 2442 2668 idem
2482 2603 2546 2666 si

596 2688 1550 2763 metusetmoerorcontundit,
1605 2689 1665 2751 si
1718 2692 1975 2751 mentem
2029 2689 2545 2754 obducitetcon-

594 2774 812 2840 trabit.
899 2772 1034 2838 Hoc
1086 2773 1361 2854 sapienti
1402 2792 1480 2837 ne
1522 2773 1594 2836 in
1635 2772 1777 2837 suis
1818 2773 2068 2853 quidem
2109 2774 2338 2838 accidet
2378 2774 2545 2838 cala-

597 2860 947 2938 mitatibu8‚
1000 2859 1110 2922 sed
1151 2878 1400 2927 ,omnem
1450 2857 1737 2938 fortunae
1789 2858 1958 2920 iram
2001 2859 2433 2934 reverberabit,
2490 2863 2546 2922 et

599 2951 740 3012 ante
771 2965 836 3011 se
865 2945 1147 3029 franqet:
1191 2944 1447 3009 eandem
1487 2963 1729 3026 semper
1768 2943 1996 3025 faciem
2038 2945 2305 3009 servabit
2338 2945 2544 3025 placi-

598 3033 762 3109 dam,
799 3039 855 3096 et
879 3034 1326 3107 inconcussam,
1351 3029 1514 3110 quod
1530 3030 1736 3111 faeere
1760 3049 1882 3093 non
1894 3035 2107 3110 posset
2132 3031 2193 3094 si
2219 3031 2544 3094 tristitiam

597 3119 906 3268 reciae-ret.
941 3117 1168 3266 ffiigtce
1184 3115 1352 3264 Zqud
1375 3115 1633 3194 sapiens
1641 3115 2087 3265 Ρνοῖξᾱιιεᾱῖΐώ
2097 3121 2151 3180 et
2165 3116 2243 3214 ‘in
2264 3117 2544 3197 expedito

597 3224 738 3269 cons
780 3223 923 3268 ‘mm
1121 3251 1136 3265 .
1249 3220 1528 3281 unquam
1549 3205 1755 3264 autem
1800 3222 1933 3280 iqui
2115 3222 2543 3282 sincerwmque

598 3311 675 3354 ex
711 3290 950 3353 turbido
985 3289 1166 3352 venit.
1240 3286 1533 3350 Tri-stitia
1554 3287 1730 3350 enim
1765 3286 2067 3350 inhabilis
2098 3292 2186 3351 est
2222 3289 2306 3353 ad
2343 3289 2544 3369 dispi-

597 3376 848 3440 ciendas
863 3376 918 3455 ²)
945 3395 1064 3453 res,
1096 3373 1286 3437 utilia
1308 3371 1733 3454 exmyitanda,
1752 3372 2111 3452 periculosa
2130 3374 2408 3454 vitanda,
2443 3395 2543 3438 ae-

596 3482 725 3543 qua
744 3460 802 3544 ⁸)
828 3459 1234 3525 aestimanda.
1278 3456 1452 3540 Eryo
1473 3477 1597 3522 non
1617 3458 1962 3537 miseretur,
2002 3459 2156 3540 quia
2189 3466 2246 3524 et
2269 3461 2406 3526 sine
2427 3461 2544 3524 mi-

594 3547 766 3612 seria
808 3545 1010 3609 animi
1061 3544 1219 3625 facit
1260 3547 1497 3608 caetera
1538 3544 1749 3608 omnia
1790 3565 1950 3626 quae
1992 3546 2103 3627 qni
2151 3547 2539 3612 miserentwr.

771 3664 1017 3746 Reciyio
1070 3664 1214 3729 aeos
1266 3662 1430 3745 colit]
1507 3661 1729 3744 Quam
1793 3664 1987 3733 habet
2056 3644 2543 3749 proportionem

596 3747 1898 3918 ffffifflssffiffifflitt
1933 3751 2544 3904 mmm:

596 3920 746 3986 dem
804 3928 905 3984 est
957 3920 1379 4003 proportione
1432 3919 1970 3990 0(1,0101110011001
1985 3975 2000 3999 ,
2060 3945 2190 4007 0110
2242 3924 2544 4006 impietas

596 4004 680 4071 ad
725 4004 1126 4088 religionem.
1193 4003 1293 4071 Su
1339 4006 1595 4072 erstitio
1638 4017 1858 4073 autem
1904 4010 2340 4092 vituperatur:
2389 4031 2545 4093 ergo

596 4099 663 4157 et
716 4089 1179 4157 misericordia.
1343 4093 1762 4159 uintilianus:
1829 4094 1923 4160 Ut
1974 4117 2014 4159 a
2070 4095 2370 4179 diligenti
2429 4117 2545 4162 cu-

596 4178 838 4253 riosus,
904 4178 1000 4243 ita
1066 4199 1106 4241 a
1172 4178 1485 4262 religione
1553 4180 1929 4261 superstitio
1995 4180 2212 4246 distat.
2314 4180 2546 4248 Cicero

595 4263 761 4329 libro
816 4262 909 4327 Π.
969 4262 1049 4327 de
1106 4263 1360 4329 Natura
1418 4263 1718 4330 deorum:
1776 4265 1927 4330 Non
1979 4266 2354 4350 philosophi
2397 4276 2544 4333 100-

596 4357 739 4414 tum
754 4399 773 4431 ‚
816 4369 1049 4414 verum
1090 4350 1290 4414 etiam
1345 4351 1628 4415 maiores
1672 4351 1878 4415 nostri
1934 4353 2461 4434 superstitionem
2507 4374 2547 4417 a

593 4434 909 4517 religione
966 4445 1455 4518 separaverunt.
1540 4436 1715 4501 Nam
1758 4437 1868 4520 0111
1914 4446 2086 4504 totos
2139 4438 2277 4505 (1108
2320 4461 2545 4522 preca-

594 4520 839 4585 bantur
895 4526 962 4584 et
1002 4520 1432 4586 immolabant
1474 4529 1552 4587 111
1589 4522 1708 4587 81111
1768 4523 1873 4588 8111
1927 4522 2117 4589 1111011
2161 4526 2547 4609 superstites

594 4612 831 4683 essent,
875 4606 1311 4688 superstitiosi
1353 4614 1509 4672 sunt
1551 4607 1889 4690 appellati,
1934 4607 2105 4690 quod
2147 4630 2390 4677 nomen
2431 4632 2547 4694 pa-

597 4691 729 4756 tuit
782 4698 1010 4774 postea
1051 4691 1265 4757 latius.
1355 4690 1490 4773 Qui
1534 4700 1755 4758 autem
1810 4695 2032 4759 omnia
2074 4716 2239 4779 01100
2282 4697 2363 4762 ad
2407 4697 2548 4763 0111-

598 4782 742 4842 111111
787 4777 1058 4842 deorum
1100 4779 1533 4860 pertinerent,
1581 4778 1932 4864 diligenter
1973 4788 2436 4861 retractarent,
2482 4792 2548 4847 et

598 4866 915 4944 tanquam
959 4862 1346 4947 relegerent,
1390 4872 1545 4929 sunt
1589 4864 1744 4932 dicti
1782 4865 2088 4951 religiosi.
2156 4868 2265 4933 Ita
2300 4869 2547 4935 factum

600 4953 700 5011 est
740 4948 1024 5013 alterum
1068 4948 1212 5013 vitii
1269 4971 1506 5015 nomen
1522 5003 1536 5029 ,
1594 4952 1876 5017 alterum
1933 4951 2187 5019 laudis.'
2252 4954 2402 5020 Non
2447 4964 2545 5019 ta-

739 5115 799 5181 1)
838 5118 1125 5175 Editiones
1159 5120 1484 5173 recentiores
1519 5136 1701 5175 omnes
1736 5122 1958 5177 habent:
1995 5123 2211 5179 claudit.

2331 5124 2391 5191 2)
2434 5124 2545 5179 Ed.

1580 5189 1641 5253 3)
1680 5187 1841 5245 1532:
1876 5207 2063 5260 000110.

602 5183 738 5239 1597
774 5192 824 5239 et
856 5203 1020 5257 seqq:
1056 5187 1444 5258 despiciendas.

2238 271 2366 337 DE
2410 269 2958 338 CLEMEN'PIA

4484 279 4603 346 156

2650 480 2805 524 men
2860 459 3161 525 omuibus
3215 467 3479 543 recepta
3525 469 3628 526 est
3691 461 4090 547 etymologia
4145 481 4338 546 quam
4400 465 4600 531 verbo

2653 546 3136 628 superstitionis
3201 544 3384 610 dedit
3446 545 3695 612 Cicero.
3796 548 3858 612 Ν
3859 567 3988 632 am·
4032 547 4306 614 Servius
4371 558 4601 616 ocmro

2648 638 3067 697 commentar.
3117 630 3446 697 Aeneidos
3498 644 3565 697 et
3606 631 3914 699 Donatus
3971 635 4042 697 in
4088 633 4431 712 Andriam,
4478 657 4590 700 su-

2648 717 3096 799 perstitionem
3151 715 3395 781 dictam
3439 726 3704 800 putant,
3759 719 3930 800 quod
3981 718 4368 802 plerumque
4412 720 4603 786 cadat

2649 802 2772 867 hoc
2815 803 3053 867 vitium
3093 802 3164 865 in
3208 802 3521 882 aniculas,
3568 824 3734 886 quae
3769 803 4001 868 multis
4043 813 4259 869 aetate
4298 814 4453 870 sunt
4487 827 4597 871 su-

2649 889 2984 970 perstites:
3045 887 3396 953 Lucretius
3451 890 3640 971 quasi
3697 910 3918 953 rerum
3982 889 4167 955 nobis
4221 903 4600 973 superstan-

2650 974 2816 1038 tium
2831 1024 2845 1049 ,
2906 973 3030 1039 hoc
3073 981 3172 1038 est
3216 973 3594 1038 coelestium
3635 976 3909 1039 inanem
3953 975 4358 1058 religionem.
4453 982 4602 1057 [pag.

2657 1065 2804 1137 151]
2863 1057 3049 1123 Idem
3105 1059 3307 1122 011001
3371 1057 3647 1125 Servius
3698 1060 3772 1124 in
3817 1060 3996 1156 XII.x
4027 1060 4386 1128 Aeneidos:
4445 1063 4604 1146 quia

2647 1154 2977 1226 superstet
3027 1144 3224 1227 capiti
3280 1145 3493 1210 omnis
3538 1145 3790 1228 religio.
3890 1143 4464 1226 Quemadmodum
4518 1147 4602 1213 de

2647 1229 2787 1311 ipso
2841 1229 3104 1295 nomine
3161 1229 3495 1313 religionis
3547 1251 3678 1295 0011
3736 1233 4157 1297 consentiunt
4202 1253 4356 1298 cum
4411 1231 4603 1300 cico-

2649 1335 2807 1380 rone
2851 1316 3242 1381 Lactantius
3297 1327 3366 1380 et
3410 1314 3815 1382 Macrobius:
3869 1338 4150 1400 quorum
4203 1318 4369 1383 alter
4414 1340 4454 1383 0
4497 1340 4602 1384 110-

2648 1400 2944 1484 legendo,
2972 1401 3020 1485 ¹)
3067 1401 3235 1466 alter
3276 1422 3316 1465 a
3355 1400 3784 1484 relinquendo
3829 1400 4099 1468 derivat.
4190 1402 4362 1468 Vide
4397 1404 4601 1469 etiam

2647 1486 2967 1568 quaedam
3022 1485 3196 1570 apud
3250 1488 3699 1570 Augustinum
3764 1487 3929 1553 libro
3971 1487 4091 1553 VI.
4155 1488 4236 1553 de
4290 1489 4600 1554 Oivitate.

2824 1572 2967 1637 Scio
3020 1573 3183 1637 male
3240 1572 3490 1655 audire]
3547 1573 3942 1655 Priusquam
3995 1573 4228 1639 reddat
4279 1574 4605 1641 rationem

2647 1679 2767 1723 cur
2836 1656 3348 1723 misericordiam
3414 1658 3785 1740 improbent
3841 1657 4075 1737 Stoici,
4148 1679 4267 1741 per
4333 1658 4604 1726 modum

2646 1737 3012 1828 προλήψεως
3055 1743 3296 1808 refellit
3328 1764 3552 1808 eorum
3594 1744 3985 1827 opinionem,
4033 1745 4145 1828 qui
4178 1744 4245 1809 id
4270 1745 4429 1809 vitio
4453 1767 4603 1810 ver·

2646 1836 2798 1894 tunt
2855 1828 3122 1908 Stoicis,
3178 1828 3350 1912 quod
3408 1838 3566 1893 sunt
3620 1830 3763 1894 sine
3821 1831 4093 1906 affeetu,
4151 1839 4219 1894 et
4274 1831 4606 1896 malorum

2645 1915 3008 1979 alienorum
3063 1914 3454 1999 sympathia.
3543 1916 3636 1979 Et
3691 1935 3848 1980 sane
3893 1924 3968 1979 ut
4011 1916 4183 1980 male
4225 1915 4599 1999 loquantur,

2645 2000 2760 2083 qui
2804 2002 2897 2064 ita
2940 2001 3229 2083 praecise
3282 2001 3614 2082 accipiunt
3659 2000 4034 2065 Stoicorum
4090 2000 4353 2085 dogma,
4409 2003 4604 2085 quasi

2646 2085 2810 2152 nulli
2852 2085 3223 2169 ignoscant:
3269 2087 3362 2149 ita
3403 2085 3530 2167 ipsi
3571 2086 3970 2151 invexerunt
4010 2094 4459 2152 commentum
4493 2109 4603 2152 ar-

2645 2179 2879 2254 gutum
2938 2171 3149 2255 magis
3202 2192 3399 2253 quam
3441 2192 3693 2236 verum.
3783 2171 4013 2237 Oioero
4067 2172 4352 2238 multum
4395 2173 4606 2239 effuse

2644 2257 2718 2320 in
2772 2278 2882 2322 eos
2935 2256 3106 2322 ludit
3159 2257 3230 2321 in
3289 2257 3584 2322 oratione
3640 2277 3758 2339 pro
3817 2257 4156 2322 Muraena.
4254 2258 4418 2323 Fuit
4456 2261 4606 2341 qui-

2647 2341 2818 2421 dam,
2862 2343 3096 2426 inquit,
3141 2364 3398 2408 summo
3437 2344 3702 2427 ingenio
3742 2343 3850 2407 vir
3891 2343 4090 2420 Zeno,
4138 2344 4324 2408 ouius
4366 2344 4607 2409 inven-

2647 2437 2869 2493 torum
2926 2427 3166 2492 aemuli
3221 2426 3428 2494 Stoici
3483 2436 3968 2509 nuncupantur.
4057 2428 4277 2494 Huius
4336 2441 4608 2495 8001011-

2647 2514 2779 2579 tiae
2822 2523 2996 2591 sunt,
3041 2520 3109 2578 et
3147 2522 3492 2596 praecepta
3536 2511 3945 2578 huiusmodi:
3991 2515 4354 2597 sapientem
4389 2518 4611 2598 grafia

2647 2619 2986 2681 nunquam
3017 2599 3286 2676 moveri,
3325 2618 3661 2681 nunquam
3691 2600 4078 2681 cuiusquam
4114 2599 4348 2667 delicto
4381 2602 4609 2685 ignos-

2647 2703 2823 2750 cere:
2880 2684 3215 2748 neminem
3266 2682 3750 2749 misericordem
3794 2704 3967 2763 esse,
4027 2685 4159 2750 nisi
4199 2685 4489 2752 stultum
4539 2699 4612 2752 et

2647 2768 2892 2834 levem:
2939 2769 3066 2833 viri
3109 2788 3245 2833 non
3290 2789 3432 2834 esse
3476 2790 3687 2852 neque
3730 2770 4020 2848 exorari,
4064 2792 4277 2853 000110
4320 2772 4605 2854 placari;

2647 2852 2819 2919 solos
2875 2855 3204 2937 sapientes
3259 2875 3433 2932 esse,
3492 2855 3548 2919 si
3602 2853 4042 2921 distortissimi
4099 2866 4283 2934 sunt,
4358 2867 4478 2922 etc.
4541 2869 4611 2923 01
4727 2861 4733 2866 ’

2646 2939 2857 3005 1011110
2890 2940 2971 3004 in.
2996 2940 3168 3006 hanc
3191 2940 3601 3009 sententiam.
3648 2942 3741 3005 Et
3760 2941 4075 3008 Horatius
4098 2939 4496 3010 Sermonum
4520 2944 4609 3010 L:

2647 3025 2832 3089 Bene
2874 3025 3101 3090 audire
3117 3078 3133 3104 ,
3191 3036 3257 3091 et
3297 3027 3474 3091 male
3518 3026 3745 3092 audire
3788 3027 4067 3093 dicimus
4108 3051 4192 3094 ex
4235 3029 4612 3097 imitatione

2648 3110 3071 3189 Graecorum,
3120 3132 3237 3194 pro
3279 3111 3553 3187 laudari,
3600 3124 3666 3177 et
3710 3114 4083 3196 vituperari.
4163 3113 4394 3181 Oicero
4437 3114 4612 3182 libro

2649 3196 2767 3260 VI.
2813 3196 2896 3262 ad
2942 3198 3267 3264 Atticum:
3336 3195 3470 3278 Qui
3524 3219 3632 3263 me
3685 3198 3925 3265 idcirco
3977 3206 4212 3283 putent
4268 3201 4433 3266 11000
4488 3223 4613 3267 au-

2648 3281 2790 3347 dire
2833 3282 3033 3359 velle,
3080 3290 3158 3348 111
3199 3283 3313 3347 ille
3357 3283 3529 3349 male
3572 3282 3822 3359 audiat,
3884 3296 3962 3348 et·
3993 3295 4170 3350 recte
4212 3286 4428 3352 facere
4473 3309 4614 3354 non

2647 3388 2834 3432 meae
2877 3366 3110 3446 laudis,
3156 3369 3272 3435 sod
3316 3369 3495 3434 illius
3535 3370 3971 3435 contumeliae
4009 3390 4223 3436 eausa.
4303 3373 4397 3436 Et
4438 3372 4613 3440 libro

2646 3453 2763 3519 L:
2807 3452 2942 3535 Qui
2979 3475 3099 3520 nos
3140 3462 3319 3521 recte
3360 3455 3588 3534 facere,
3636 3463 3701 3520 et
3745 3456 3910 3521 11000
3953 3456 4184 3522 audire
4229 3457 4395 3523 vult.
4481 3461 4612 3524 Te-

2646 3539 2898 3604 rentius
2940 3541 3010 3604 in
3056 3541 3322 3624 prologo
3364 3540 3823 3606 Phormionis:
4567 3560 4573 3565 ·

2773 3660 2776 3667 ·
2980 3642 3126 3697 Bene
3163 3644 3318 3698 dictis
3355 3643 3401 3696 si
3437 3650 3719 3711 certasset,
3755 3643 3998 3699 audisset
4033 3646 4187 3699 11000.

2647 3728 2740 3791 Ε1
2782 3728 2851 3790 10
2895 3727 3331 3793 Phormione:
3626 3778 3634 3785 .

2855 3812 2925 3875 Si,
2943 3814 3133 3868 herum
3169 3813 3499 3887 insimulabis
3534 3814 3876 3883 avaritiae‚²)
3913 3815 4055 3869 male
4089 3816 4293 3872 audies.

2650 3896 3107 3979 Quintilianus
3150 3899 3221 3962 in
3257 3897 3547 3981 Corpore
3589 3900 3907 3981 proiecto:
3966 3900 4096 3966 Ubi
4133 3902 4390 3967 virtus?
4437 3904 4602 3969 ubi?

2649 3986 2875 4066 peristi
2919 3985 3135 4061 miser,
3182 3992 3248 4047 et
3289 3985 3459 4049 male
3504 3984 3706 4050 audis.

2822 4069 3268 4135 Misericordia
3309 4076 3398 4135 est
3439 4071 3761 4153 aeyritado
3802 4071 4032 4154 animi}
4092 4072 4223 4137 Hic
4264 4074 4467 4140 totius
4508 4078 4614 4140 rei

2650 4154 2845 4220 cardo
2889 4156 3187 4220 uertitur.
3269 4154 3788 4222 Misericordiam
3829 4154 4032 4223 Stoici
4079 4158 4407 4239 reiiciunt,
4449 4162 4615 4244 quia

2651 4247 2752 4305 est
2805 4241 3007 4306 animi
3062 4240 3417 4325 aegritudo.
3520 4242 3872 4307 Passiones
3940 4263 4127 4321 vero,
4190 4245 4344 4328 01110
4397 4248 4612 4311 01111111

2651 4334 2896 4391 statum
2941 4334 3008 4390 et
3042 4327 3579 4409 tranquillitatem
3615 4326 3984 4406 obturbant,
4031 4348 4289 4481 8001ἔο1
4327 4332 4614 4399 vitiosae

2653 4418 2825 4477 sunt.
2915 4412 3132 4494 Igitur
3175 4413 3411 4478 vitium
3455 4424 3556 4479 est
3607 4412 4067 4478 misericordia.
4214 4417 4491 4483 alustius
4530 4421 4614 4483 111

2651 4498 2943 4562 01011000
2992 4497 3324 4563 Caesaris:
3408 4496 3659 4564 Omnes
3726 4499 4027 4565 homines
4083 4502 4198 4584 qui
4259 4500 4342 4567 de
4406 4503 4616 4569 rebus

2652 4582 2864 4648 dubiis
2919 4583 3322 4661 consultant,
3378 4585 3459 4649 ab
3503 4583 3683 4662 odio,
3728 4585 4046 4664 amicitia,
4093 4587 4196 4652 ira
4238 4598 4432 4670 atque
4477 4591 4616 4655 mi-

2651 4667 3004 4733 sericordia
3060 4690 3298 4735 vacuos
3351 4690 3493 4734 0880
3547 4668 3782 4735 decet·
3847 4670 4050 4736 Haud
4103 4672 4291 4739 facile
4333 4677 4615 4743 animus

2651 4774 2884 4819 verum
2960 4754 3287 4836 providet,
3363 4755 3476 4819 ubi
3542 4754 3656 4819 illa
3723 4756 4035 4822 officiunt.
4147 4757 4618 4839 Quintilianus

2651 4839 2816 4904 libro
2859 4840 3012 4903 VL:
3079 4839 3250 4903 Nam
3305 4861 3506 4921 quum
3553 4842 3775 4917 irasci,
3819 4842 4069 4920 favere,
4115 4842 4357 4925 odisse,
4399 4846 4617 4913 miso-

2789 5061 2849 5141 1)
2893 5058 3134 5141 Fallitur
3157 5059 3207 5113 h.
3231 5060 3265 5139 ζ.
3295 5061 3382 5114 vir
3405 5076 3661 5144 summus,
3695 5069 3745 5118 et
3765 5065 3873 5119 sibi
3903 5067 4023 5146 ipse
4055 5067 4399 5125 contradicit.
4454 5067 4616 5125 Lao-

2653 5133 2889 5183 tantmm
2923 5144 3068 5182 mm
3103 5128 3410 5197 religionem
3447 5146 3484 5183 a
3516 5131 3794 5202 rehgando
3816 5130 4094 5188 amcam
4125 5137 4469 5192 notissimum
4502 5146 4616 5195 eu.

2655 5196 2716 5261 2)
2755 5194 2940 5252 Hodie
2972 5196 3194 5266 leqihr:
3229 5198 3481 5253 malitiae.
