4984 5975
410 269 534 332 481

413 456 710 521 firmatae
756 461 940 535 sunt,
997 455 1366 536 requirunt,
1410 474 1494 519 ne
1538 456 1682 538 quis
1726 476 1810 520 ex
1853 453 2192 520 ordinibus
2236 454 2362 518 im-

411 540 575 624 perii
630 540 823 606 alteri
876 540 1120 606 bellum
1182 541 1421 605 inferat
1486 562 1682 606 causa
1734 539 2065 624 religionis
2083 590 2113 618 ,,
2156 546 2224 604 et
2278 561 2361 605 ne

411 625 676 692 electori
722 624 1046 691 Saxoniae
1089 626 1278 709 eique
1320 627 1393 691 iu
1436 625 1561 691 hac
1604 645 1801 692 causa
1841 625 2237 704 coniunctis,
2281 624 2362 688 li-

414 719 513 777 tes
556 712 637 777 ob
680 713 941 796 negotia
966 710 1300 795 religionis
1345 713 1415 776 in
1459 711 1716 778 iudiciis
1758 710 2016 794 imperii
2051 731 2361 777 movean-

411 805 553 876 tur,
607 804 721 862 aut
762 799 893 862 iam
937 803 1152 862 motae
1204 796 1595 863 iudicentur.
1684 798 1777 862 Et
1832 797 1888 861 si
1943 794 2102 880 quid
2143 796 2214 860 in
2257 795 2362 861 his

411 883 627 950 causis
660 889 887 947 contra
907 882 1053 947 illos
1086 881 1447 948 iudicatum
1483 883 1700 960 fuerit,
1735 903 1855 966 per
1898 883 2361 965 imperatorem

411 969 763 1052 abrogetur
810 967 1201 1052 irritumque
1253 970 1384 1034 fiat.
1486 968 1672 1034 Haec
1729 975 2164 1051 protestantes
2218 967 2360 1051 qui-

414 1053 565 1118 dem
662 1055 674 1067 ‘
711 1052 725 1066 ⁹
777 1061 962 1119 enter
1005 1054 1470 1131 observarunt,
1534 1054 1784 1138 nemini
1828 1055 2003 1119 enim
2070 1059 2361 1118 statuum

413 1157 599 1203 arma
656 1159 728 1204 re
754 1138 993 1224 igionis
1050 1135 1247 1204 c'ausa
1326 1139 1723 1218 intulerunt,
1785 1149 1900 1204 aut
1964 1138 2167 1203 ullam
2227 1139 2363 1204 vim

410 1225 720 1291 fecerunt.
810 1224 891 1289 In
958 1226 1094 1289 suis
1157 1224 1349 1289 modo
1415 1225 1766 1290 ditionibus
1827 1224 2361 1289 reformationem

413 1310 831 1377 eeclesiarum
880 1310 1340 1386 instituerunt,
1398 1310 1464 1373 id
1508 1309 1679 1393 quod
1724 1318 1791 1375 et
1835 1308 2247 1375 Schvinfurti
2293 1317 2359 1373 et

412 1396 840 1480 Nurnbergae
903 1394 1024 1460 sibi
1090 1394 1331 1461 diserte
1395 1395 1673 1462 liberum
1740 1403 2177 1460 reservarunt.
2268 1395 2362 1458 At

412 1480 725 1546 iudicium
760 1502 1055 1547 camerae
1077 1501 1189 1546 eas
1225 1480 1522 1547 inducias
1556 1481 1785 1545 multis
1820 1479 2031 1546 modis
2065 1479 2357 1557 violavit,

413 1565 756 1633 iudicando
807 1575 1036 1632 contra
1089 1565 1431 1631 electorem
1482 1565 1812 1632 Saxoniae
1866 1566 2154 1649 aliosque
2209 1564 2360 1629 reli-

412 1653 622 1737 gionis
657 1652 962 1717 societate
999 1652 1058 1716 ei
1095 1654 1488 1717 coniunctos.
1563 1651 2059 1718 confoederatio
2095 1649 2359 1734 quidem

412 1738 912 1822 protestantium
962 1744 1156 1803 aucta
1199 1745 1300 1802 est
1337 1738 1699 1804 accessione
1742 1738 2115 1820 principum
2161 1742 2228 1801 et
2269 1736 2359 1800 ci-

412 1824 720 1900 vitatum,
767 1822 880 1889 sed
924 1822 992 1887 id
1034 1844 1443 1906 nequaquam
1481 1831 1709 1889 contra
1744 1830 1935 1908 pacta
1977 1831 2092 1888 aut
2133 1841 2371 1905 pacem-

416 1909 813 1975 Germaniae
855 1909 961 1974 vel
996 1908 1481 1988 iusiurandum,
1538 1930 1660 1974 nec
1700 1911 1878 1973 enim
1919 1907 2030 1974 vel
2072 1906 2359 1973 Schvin-

413 1995 593 2073 furti,
611 1995 723 2094 vel
759 1993 1191 2092 Nurnbergae
1232 1993 1357 2059 hoc
1381 1993 1462 2058 ab
1506 1995 1681 2077 ipsis,
1728 2015 2103 2077 quanquam
2145 1991 2213 2057 id
2249 1992 2362 2056 diu

412 2081 877 2250 {gogbqsltlagafla
965 2186 1150 2230 suam
1196 2164 1577 2248 religionem
1624 2173 1842 2230 essent
1876 2164 2215 2241 accessuri,
2251 2183 2360 2227 eos

412 2252 483 2316 in
538 2251 764 2316 foedus
821 2272 1014 2315 suum
1070 2251 1463 2334 reciperent,
1522 2270 2060 2333 communemque
2103 2268 2364 2315 causam

410 2337 485 2401 in
528 2337 661 2401 illis
704 2356 959 2418 quoque
1001 2356 1120 2420 pro
1165 2356 1284 2400 sua
1325 2336 1620 2436 portione
1665 2333 2103 2400 defenderent.

589 2531 696 2598 Ετ
719 2532 959 2612 quiem,
1006 2553 1077 2596 ne
1119 2532 1421 2616 lonyiores
1445 2533 1663 2611 simus,
1711 2536 1830 2613 [fol.
1875 2537 1983 2611 20]
2005 2530 2195 2613 facile
2230 2550 2366 2595 con—

412 2619 527 2684 ‘lico‘
575 2623 799 2700 potest,
844 2638 1003 2699 quae
1052 2637 1198 2697 spes
1234 2617 1491 2700 futurae
1534 2618 1721 2699 pacis
1764 2619 1849 2682 sit
1892 2617 2202 2696 habenda‚·
2253 2616 2367 2680 du-

413 2709 593 2771 rante
635 2704 801 2768 emim
829 2722 1018 2784 pace,
1071 2708 1203 2767 mm
1245 2703 1461 2783 literis,
1506 2708 1637 2767 tum
1679 2703 1875 2768 minis
1890 2753 1905 2781 ,
1963 2707 2094 2767 tum
2124 2700 2366 2783 praebi-

412 2790 535 2869 ciS,
593 2788 840 2870 aliquos
892 2788 1161 2868 quotidie
1214 2788 1512 2853 seducunt
1567 2808 1647 2853 ex
1689 2789 1858 2853 omni
1911 2786 2230 2853 hominum
2267 2808 2367 2871 ye-

416 2897 576 2943 nere.

587 3012 737 3077 Non
780 3012 997 3089 minis,
1044 3032 1177 3075 non
1218 3012 1518 3094 practicis
1559 3011 1821 3089 illicitis,
1864 3010 2033 3094 quod
2077 3030 2212 3076 non
2246 3012 2369 3074 mi-

420 3122 548 3164 nus
592 3107 692 3163 est
745 3098 875 3162 illis
931 3096 1312 3161 inusitatum
1369 3117 1564 3179 quam
1608 3096 2134 3162 Romanensibus
2175 3095 2366 3160 fami-

420 3184 601 3260 liare,
642 3181 756 3248 sed
782 3182 906 3265 piis
937 3182 1472 3264 persuasionibus
1509 3190 1576 3246 et
1601 3183 2077 3248 hortationibus
2120 3190 2368 3265 protes-

418 3278 637 3335 tantes
678 3268 907 3346 velint,
952 3268 1008 3333 si
1042 3265 1370 3333 Dominus
1407 3267 1534 3347 det,
1577 3288 1711 3331 non
1746 3267 2117 3333 Germanos
2150 3266 2365 3344 modo,

420 3376 542 3421 sua
575 3355 886 3429 membra,
922 3373 1111 3418 suam
1147 3373 1412 3418 earnem
1447 3360 1513 3418 et
1546 3354 1955 3436 sanguinem,
1993 3354 2051 3417 si
2083 3359 2291 3417 totum
2318 3353 2368 3434 ¹)

418 3443 617 3506 etiam
661 3440 880 3505 orbem
927 3437 1009 3503 ad
1051 3438 1447 3504 consortium
1488 3458 1679 3504 verae
1724 3446 1791 3503 et
1836 3438 2065 3503 unicae
2109 3437 2369 3522 religio-

418 3528 523 3592 nis
568 3525 816 3591 Ohristi
862 3544 1262 3607 permovere.

610 3721 688 3788 Ut
747 3743 865 3787 non
916 3720 1100 3802 facile
1142 3722 1243 3798 sit,
1288 3721 1395 3785 ubi
1441 3722 1664 3804 reliyio
1699 3721 2041 3803 refrixerit,
2087 3740 2372 3809 revocarp

421 3808 697 3873 lumine-3
755 3831 794 3871 a
852 3806 1099 3871 duriori
1142 3807 1225 3871 ad
1267 3806 1636 3886 molliorem,
1681 3829 1723 3871 a
1765 3806 2095 3872 continenti
2138 3807 2222 3871 ad
2266 3826 2368 3871 vo-

423 3894 797 3977 luptuosam,
843 3913 920 3957 ex
964 3891 1303 3958 obedientia
1349 3891 1435 3957 ad
1475 3892 1830 3958 libertatem.
1862 3936 1868 3953 .

596 4047 792 4113 Ultra
835 4043 1260 4111 Sauromatas
1294 4047 1517 4129 fugere
1554 4046 1707 4111 binc
1741 4045 1916 4111 libet.
1996 4045 2162 4127 Quis
2198 4046 2373 4109 enim

424 4136 494 4200 in
540 4142 731 4198 tanta
776 4131 1184 4215 impudentia
1238 4131 1653 4197 stomachum
1709 4131 1969 4197 toneat?
2016 4131 2126 4196 ubi
2170 4132 2375 4214 pieta-

428 4229 561 4285 tem
599 4217 930 4284 refrixisse
967 4215 1269 4283 flebiliter
1305 4215 1661 4300 deplorant,
1698 4219 1811 4301 qui
1833 4239 2034 4301 quum
2068 4217 2189 4300 ipsi
2226 4216 2376 4281 nul·

426 4306 569 4371 lum
613 4325 879 4388 prorsus
923 4302 1210 4368 habeant
1252 4302 1382 4367 Dei
1425 4324 1708 4381 sensum,
1754 4312 1822 4368 et
1865 4312 2069 4368 totam
2115 4302 2375 4386 religio-

430 4393 534 4457 nis
578 4390 970 4467 doctrinam,
1018 4396 1084 4453 et
1125 4388 1439 4472 quidquid
1481 4388 1798 4473 populum
1844 4390 1914 4452 in
1954 4388 2084 4453 Dei
2142 4389 2377 4453 timore

430 4479 767 4543 continere
820 4483 1076 4558 poterat
1099 4527 1114 4554 ,
1163 4498 1198 4540 e
1240 4474 1485 4540 mundo
1520 4472 1730 4558 quoad
1765 4474 1836 4537 in
1879 4475 2037 4556 ipsis
2070 4474 2193 4538 fuit
2228 4495 2377 4558 pro·

434 4564 761 4647 fligarunt.
834 4559 1027 4626 Unde
1062 4561 1234 4625 enim
1274 4561 1418 4639 ista,
1457 4582 1653 4643 quam
1688 4559 1775 4644 pii
1812 4579 2036 4624 omnes
2072 4581 2201 4625 non
2237 4560 2379 4625 sine

433 4670 673 4733 magno
728 4645 977 4732 gemitu
1033 4655 1338 4724 cernunt,
1395 4646 1728 4730 religionis
1782 4644 2159 4710 dissolutio?
2205 4645 2380 4731 unde

434 4742 843 4817 contemptus
877 4729 1051 4796 Dei?
1089 4729 1262 4796 unde
1296 4753 1631 4799 sacrorum
1666 4731 1957 4796 omnium
2000 4752 2082 4795 ne
2127 4730 2378 4797 lectus?

436 4820 566 4886 nisi
608 4818 777 4904 quod
813 4816 1331 4883 Romanensium
1370 4820 1609 4902 partim
1654 4815 1946 4883 socordia
1986 4824 2053 4881 et
2094 4818 2378 4902 ignavia,

579 5108 637 5174 1)
677 5107 771 5163 Sic
801 5109 1015 5177 quidem
1049 5123 1358 5176 eaepreuum
1391 5109 1600 5177 ἱερέων,
1633 5108 1792 5163 nobis
1824 5114 1999 5163 tamen
2034 5108 2381 5163 scabendum

440 5179 678 5231 videtum-.-
714 5176 811 5232 sed
847 5188 1037 5233 totum,

657 5262 878 5317 Caluini
909 5278 1091 5331 opem.
1156 5261 1268 5316 Vol.
1320 5261 1376 5316 V.

1894 264 2413 334 CONSILIUM
2453 265 2746 333 PAULI
2786 266 2913 331 111.

2420 653 2430 661 ·
2462 624 2639 690 Nam
2679 645 2807 708 qua

957 2087 1167 2144 tatum
1211 2080 1297 2145 sit
1312 2132 1327 2158 ,
1373 2081 1745 2163 extorqueri
1788 2079 2024 2163 potuit,
2091 2079 2250 2161 quin
2305 2076 2410 2166 si,

4292 272 4424 336 482

2463 454 2703 537 partim
2722 454 2997 534 inscitia,
3022 453 3265 537 partim
3290 454 3487 518 etiam
3509 454 3834 520 malitiosa
3937 454 4145 536 rfidia‚
4165 455 4420 524 Christi

2463 540 2707 605 veritas
2742 540 2999 689 selpultlz:
3031 541 3180 690 gut¹2
3211 539 3315 605 vel
3350 540 3567 689 {sitias
3596 562 3840 690 {ommi
3886 562 3925 605 o
3960 543 4417 696 extierminagla..s

2833 646 2904 690 es
2996 647 3147 691 aui
3221 646 3353 709 pon
3456 646 3560 690 ces
3701 647 3885 691 maa
3960 648 4196 692 uarm
4279 652 4328 694 n

2466 717 2584 775 aut
2634 711 3015 795 quingentis
3059 712 3317 778 circiter
3373 711 3564 776 annis
3582 763 3598 788 ,
3659 711 3878 776 notius
3919 648 4034 778 t‹last
4085 649 4284 795 quaffi
4340 723 4419 779 ut

2465 797 2962 862 commemorari
3006 818 3269 863 necesse
3314 797 3415 861 sit.
3507 794 3642 877 Qui
3687 819 3843 861 voro
3887 798 4007 863 sub
4050 797 4164 862 illo
4207 797 4416 864 domi-

2462 890 2626 946 natu
2716 882 2941 947 titulos
3030 902 3467 966 personasque
3587 891 3889 948 esserunt
3964 883 4417 967 episcoporum

2463 968 2536 1031 in
2572 967 2727 1032 orbe
2762 967 3143 1047 christiano,
3190 970 3375 1051 quasi
3410 968 3480 1032 ni
3535 969 3547 981 “
3614 968 3792 1033 aliud
3827 969 4147 1034 haberent
4186 991 4416 1036 mune·

2462 1053 2556 1117 ris
2574 1103 2588 1130 ,
2629 1059 2844 1136 'quam
2909 1061 2982 1118 ut
3034 1055 3508 1137 praedarentur
3555 1054 4050 1137 expilarentque
4092 1054 4414 1135 ecclesias,

2463 1137 2734 1203 docendi
2794 1160 3019 1204 curam
3074 1140 3363 1210 maxima
3405 1160 3489 1204 ex
3544 1147 3732 1221 parte
3785 1162 3825 1204 a
3879 1160 3950 1204 se
4006 1140 4413 1224 ablegarunt.

2465 1221 2598 1304 Qui
2677 1244 2834 1289 vero
2906 1224 3180 1291 docendi
3250 1225 3536 1290 officium
3614 1233 4019 1309 usurparunt
4095 1234 4213 1290 aut
4253 1226 4416 1292 stul-

2462 1311 2548 1373 tis
2602 1317 2667 1374 et
2708 1308 2979 1375 insulsis
3042 1311 3240 1394 nugis
3329 1310 3745 1375 inebriabant
3799 1308 4054 1395 plebem
4111 1319 4228 1376 aut
4291 1312 4417 1377 im·-

2434 1395 2591 1477 ,piis
2643 1395 3149 1478 perniciosisque
3200 1394 3610 1479 opinionibus
3664 1395 4143 1462 dementabant.
4233 1397 4416 1462 Inte-

2463 1482 2593 1543 rim
2636 1481 2962 1546 exstincta
3016 1482 3316 1548 veritatis
3371 1481 3518 1545 luce
3571 1483 3866 1565 exposita
3908 1490 4098 1547 erant
4135 1481 4417 1565 praedae

2464 1575 2532 1630 et
2567 1566 2868 1648 quaestui
2903 1586 3087 1631 sacra
3123 1567 3460 1651 mysteria,
3484 1588 3606 1633 nec
3642 1568 3840 1632 alium
3865 1568 4151 1633 fructum
4172 1567 4417 1634 habere

2464 1651 2895 1802 gutabantur,
2944 1671 3139 1734 quam
3196 1661 3269 1716 ut
3325 1652 3609 1736 populus
3652 1652 3734 1717 ad
3791 1673 3870 1719 ea
3913 1652 4416 1738 obstupesceret.

2520 1737 2580 1799 ic
2624 1738 2802 1802 enim
2846 1736 2925 1802 de
2967 1735 3294 1803 industria
3336 1737 3490 1803 boni
3530 1738 3919 1821 interpretes
3967 1738 4419 1819 obscurabant,

2448 1843 2594 1904 ‘quo
2628 1821 2882 1887 facilius
2918 1821 3152 1888 deinde
3189 1823 3449 1890 venalia
3481 1824 3966 1905 prostituerent.
4025 1824 4207 1889 Eant
4237 1846 4419 1892 nunc

2467 1915 2534 1972 et
2598 1919 2959 1990 querantur
3021 1908 3220 1974 fidem
3280 1909 3632 1975 refrixisse.
3721 1896 3918 1990 fflod
3975 1919 4194 1974 autem
4263 1908 4422 1976 dicit

2467 1992 2633 2057 nihil
2680 2013 2820 2058 esse
2863 1993 3217 2077 proclivius
3251 2015 3444 2078 quam
3487 1995 3807 2060 abducere
3842 1994 4141 2060 homines
4187 2016 4227 2060 a
4261 2016 4414 2060 eon-

2464 2079 2706 2143 tinenti
2741 2079 2880 2142 vita
2913 2078 2997 2144 ad
3035 2079 3510 2163 voluptuosam,
3549 2102 3589 2146 a
3625 2079 3886 2146 duriore
3921 2079 4005 2145 ad
4039 2080 4419 2159 molliorem,

2465 2161 2550 2227 ab
2587 2162 2955 2230 obedientia
2975 2183 2978 2188 “
2997 2165 3067 2228 in
3110 2164 3497 2244 libertatem,
3543 2166 3687 2248 quis
3723 2166 3865 2231 sine
3901 2167 4039 2230 risu
4072 2165 4294 2250 legat?
4333 2166 4420 2231 si-

2467 2246 2730 2332 quidem
2786 2270 2981 2332 quam
3041 2251 3455 2315 continenter
3498 2257 3566 2315 et
3610 2257 3726 2333 [fol.
3781 2264 3814 2314 2
3828 2255 3887 2331 1]
3935 2265 4191 2316 austere
4234 2250 4423 2318 vivat

2467 2354 2742 2398 romana
2785 2334 2968 2400 curia
3013 2341 3079 2399 et
3121 2355 3347 2401 omnes
3390 2334 3524 2401 illic
3579 2336 3862 2414 formati,
3907 2343 4235 2419 postremo
4279 2337 4421 2419 qui·

2469 2441 2723 2503 cunque
2768 2427 2986 2484 notam
3038 2427 3106 2485 et
3148 2421 3592 2487 characterem
3643 2422 3781 2487 eius
3837 2422 4076 2505 ubique
4120 2422 4420 2505 gentium

2468 2505 2709 2583 ferunt,
2749 2503 2961 2571 dicere
2996 2505 3156 2589 quid
3200 2506 3478 2572 attinet?
3550 2507 3701 2572 Non
3742 2527 3899 2592 ergo
3935 2507 4178 2571 mirum
4221 2508 4277 2571 si
4313 2506 4425 2571 hic

2470 2610 2542 2655 se
2595 2611 3062 2672 persuasurum
3117 2591 3363 2656 mundo
3416 2614 3448 2656 s
3495 2594 3810 2672 eraverit,
3866 2603 4080 2656 actum
4143 2613 4288 2657 esse
4341 2590 4423 2656 de

2469 2677 2889 2755 continentia,
2923 2678 3285 2757 sanctitate,
3308 2677 3428 2742 obe
3478 2678 3677 2743 ‘entia
3699 2686 3766 2743 et
3800 2679 3979 2744 omni
4014 2698 4254 2762 genere
4286 2677 4424 2743 vir-

2469 2763 2650 2841 tutis,
2688 2762 2747 2827 si
2789 2762 2990 2827 semel
3035 2782 3075 2826 a
3108 2783 3382 2828 romana
3425 2762 3771 2847 disciplina
3805 2763 4161 2829 discessum
4194 2763 4423 2842 fuerit;

2469 2868 2702 2912 verum
2749 2844 2862 2911 ubi
2915 2848 3214 2929 subierit,
3257 2848 3367 2914 hic
3422 2870 3530 2915 eos
3572 2849 3749 2933 loqui
3794 2851 3907 2933 qui
3946 2855 4158 2914 totum
4199 2847 4425 2913 orbem

2471 2934 2761 3016 nequitia
2795 2953 2913 2998 sua
2946 2934 3374 3018 corruperint,
3413 2955 3489 3001 ao
3524 2935 3826 3001 omnibus
3861 2935 4260 3020 flagitiorum
4294 2935 4424 3000 for-

2470 3020 2597 3083 mis
2651 3027 2893 3084 terram
2944 3021 3537 3087 contaminaverint
3551 3072 3567 3098 ,
3624 3022 3770 3104 quis
3814 3043 3945 3085 non
4110 3021 4279 3087 viter
4322 3021 4424 3084 in-

2470 3104 2779 3189 dignetur
2822 3104 3064 3170 audere
3109 3106 3202 3171 ita
3245 3106 3391 3172 aliis
3416 3107 3812 3189 exprobrare
3854 3105 3984 3171 mol
4016 3106 4214 3183 ‘tiem,
4262 3104 4425 3170 deli-

2472 3192 2607 3257 cias
2638 3197 2705 3255 et
2745 3188 3297 3257 inobedientiam?
3344 3192 3593 3258 scilicet
3632 3193 3929 3276 ignotum
3974 3203 4076 3257 est
4118 3211 4428 3257 romanas

2468 3275 2775 3341 libidines
2828 3276 3066 3361 pudori
3122 3299 3198 3342 ac
3249 3276 3602 3360 pudicitiae
3659 3278 3829 3342 nihil
3885 3277 4117 3377 reliqui
4176 3276 4425 3353 fecisse,

2472 3362 2704 3427 luxum
2720 3413 2735 3439 ‚
2813 3362 3298 3446 intemperiem,
3364 3370 3773 3446 portentosas
3853 3362 4115 3427 delicias
4188 3361 4430 3426 laxatis

2468 3447 2716 3513 fraenis
2759 3444 2933 3528 apud
2977 3468 3202 3513 omnes
3244 3467 3553 3513 romanae
3607 3447 3778 3514 sedis
3822 3456 4153 3512 creaturas
4209 3444 4421 3510 domi-

2475 3534 2649 3610 nari,
2717 3531 3152 3597 obedientiam
3208 3554 3473 3598 omnem
3524 3532 3655 3597 Dei
3701 3532 4016 3616 verbique
4071 3530 4276 3613 ipsius
4331 3530 4429 3593 ita

2475 3620 2855 3701 proiectam,
2921 3626 3000 3681 ut
3053 3620 3187 3683 iam
3238 3639 3360 3683 nec
3408 3619 3581 3701 apud
3638 3618 3937 3682 homines
3994 3614 4424 3680 dissimulent.

2476 3703 2705 3785 Quum
2760 3723 2917 3786 ergo
2981 3703 3227 3785 pudere
3281 3705 3457 3786 ipsos
3510 3702 3775 3769 desierit
3789 3754 3806 3782 ,
3869 3702 4057 3766 bonis
4113 3707 4288 3764 certe
4342 3720 4426 3764 ex

2477 3791 2696 3854 animo
2753 3787 3226 3870 deplorandum
3269 3798 3398 3867 est,
3453 3797 3588 3853 tam
3647 3788 4022 3866 sceleratos,
4077 3784 4427 3870 probrosos

2477 3885 2545 3939 et
2600 3873 2684 3940 ad
2734 3895 2925 3939 omne
2978 3874 3380 3958 impuritatis
3421 3874 3984 3957 nequitiarumque
4026 3892 4234 3956 genus
4277 3892 4428 3955 pro-

2478 3962 2678 4025 iectos
2758 3960 3057 4024 homines
3140 3960 3380 4025 audere
3451 3979 3521 4024 so
3613 3957 3826 4024 adhuc
3901 3963 4232 4023 ostentare
4310 3978 4427 4040 pro

2479 4044 2856 4112 custodibus
2910 4046 3310 4124 severitatis,
3379 4044 3819 4110 continentiae
3873 4051 3940 4108 et
4004 4041 4426 4108 obedientiae.

2480 4132 2709 4213 Quum
2753 4131 3009 4195 nullum
3053 4152 3344 4214 unquam
3391 4132 3461 4194 in
3498 4144 3673 4195 terra
3716 4130 4039 4194 exstiterit
4082 4129 4426 4193 hominum

2480 4239 2693 4302 genus
2736 4217 2947 4302 magis
2991 4215 3072 4282 ab
3116 4218 3294 4282 omni
3336 4215 3806 4294 moderatione,
3854 4213 4196 4297 disciplina
4215 4265 4230 4292 ,
4277 4213 4428 4277 obe·

2482 4304 2727 4369 dientia
2777 4301 3060 4368 alienum
3118 4312 3184 4368 et
3238 4301 3622 4379 abhorrens,
3690 4300 3948 4365 nullum
4006 4298 4088 4363 ad
4143 4297 4426 4376 delicias,

2482 4391 2887 4473 importunas
2955 4387 3359 4471 voluptates,
3429 4385 3876 4464 insolentiam,
3959 4384 4427 4467 impuritatem,

2482 4475 2702 4558 legum
2746 4474 3040 4539 omnium
3099 4482 3538 4556 contemptum
3558 4524 3573 4550 ,
3632 4471 3950 4537 scelerum
4007 4470 4302 4534 omnium
4345 4469 4432 4533 li-

2474 4561 2784 4659 scentiam,
2833 4561 3040 4643 magis
3085 4557 3470 4623 dissolutum
3516 4568 3581 4622 et
3625 4558 4064 4641 prostitutum.

2661 4765 2876 4847 Neque
2929 4767 3229 4831 seducunt
3282 4763 3559 4827 homines
3613 4762 3815 4827 solum
3855 4762 3964 4828 scd
4008 4759 4296 4825 eeclesia-5
4337 4759 4434 4823 di-

2483 4852 2748 4930 ripiunt,
2800 4852 3111 4931 episcopos
3153 4850 3426 4926 eiiciant,
3460 4848 3818 4932 reliyionm
3841 4846 4207 4928 profwnant,
4243 4850 4428 4924 atque

2482 4937 2555 5001 id
2592 4938 2863 5016 impune.
3827 4984 3840 5001 .

2654 5072 2960 5139 Primum
3014 5092 3148 5137 non
3191 5068 3540 5149 seducunt,
3595 5069 3708 5153 qui
3751 5067 4045 5133 homines
4100 5064 4180 5129 ab
4233 5064 4436 5131 inviis

2484 5158 2813 5224 erroribus
2858 5156 2940 5223 ad
2982 5155 3322 5222 Christum
3365 5154 3702 5221 reducunt.
3793 5152 3942 5217 Non
3954 5148 4288 5303 3{cclesias
4333 5148 4435 5213 di-
