4984 5975
582 294 657 355 11
2230 293 2458 361 VITA
2501 290 2946 360 SENEOAE.
3827 381 3842 394 ι
3979 247 3988 256 “
4523 295 4595 356 12

577 491 754 549 stum
810 491 1009 560 esset,
1065 482 1241 548 servi
1295 482 1536 550 vulnus
1599 483 2004 569 obligarunt,
2064 484 2538 550 incertum-an

578 568 897 635 nescienti
914 621 929 646 ,
993 590 1080 633 an
1133 569 1309 635 vitae
1363 566 1667 652 cupidine
1723 570 1975 636 evictae
1988 622 2005 649 ,
2061 590 2272 654 quum
2312 568 2537 635 mitior

793 676 834 719 a
896 653 1156 720 Nerone
1220 654 1584 721 offerretur.
1697 654 1952 722 Seneca
2020 661 2244 721 autem
2301 654 2537 720 mortis

579 738 1044 804 lentitudinem
1088 746 1426 824 pertaesus
1441 791 1457 816 ,
1502 740 1655 824 quia
1696 740 1902 806 senile
1946 761 2183 824 corpus
2229 740 2534 825 sanguini

577 823 896 909 effugium
948 846 1082 891 non
1138 824 1366 906 dabat,
1436 847 1704 891 crurum
1760 848 2015 910 quoque
2072 836 2142 892 et
2208 826 2535 910 poplitum

575 930 783 976 venas
826 909 950 977 sibi
994 911 1273 994 abrupit.
1365 910 1517 994 Qua
1558 912 1667 978 via
1708 934 1910 996 quum
1954 933 2090 978 non
2136 913 2349 997 magis
2383 933 2533 995 pro-

575 998 826 1075 ficeret,
888 1018 1222 1064 venenum
1275 997 1533 1080 pridem
1591 999 1659 1063 in
1714 1019 1863 1064 eum
1910 1017 2136 1064 casum
2192 998 2535 1083 provisum

574 1081 828 1160 hausit,
883 1083 1156 1162 frustra,
1222 1084 1356 1149 iam
1413 1083 1632 1150 clauso
1696 1091 1959 1169 pectore
2015 1082 2331 1150 adversus
2398 1085 2534 1148 vim

2642 482 2897 548 veneni.
2998 481 3289 548 Domum
3344 482 3577 548 balneo
3627 481 3852 547 illatus
3867 532 3882 559 ,
3951 487 4020 546 et
4078 500 4318 564 vapore
4372 482 4597 548 exani-

2643 574 2859 634 matus
2872 620 2890 648 ,
2949 569 3094 634 sine
3137 568 3274 634 ullo
3316 569 3565 634 funeris
3608 568 3865 634 solenni
3909 572 4239 633 crematus
4293 574 4409 634 est.
4496 568 4600 634 Ita

2643 652 2953 720 codicillis
2996 655 3496 737 perscripserat,
3556 674 3762 737 quum
3821 652 4019 719 etiam
4078 660 4219 716 tum
4261 652 4600 736 praedives

2641 748 2707 805 et
2770 748 3164 824 praepotens
3217 741 3542 823 supremis
3597 740 3740 806 suis
3801 737 4190 805 consuleret.
4293 740 4599 806 Mortuus

2641 833 2742 892 est
2783 846 2957 891 anno
3000 826 3235 891 aetatis
3288 827 3642 893 centesimo
3687 825 3938 892 decimo
3977 825 4208 906 quinto
4253 833 4369 891 aut
4410 829 4594 893 circi-

2639 919 2742 977 ter
2757 963 2773 991 ,
2835 931 3011 977 anno
3068 912 3329 995 imperii
3371 912 3656 978 Neronis
3715 909 4091 990 undecimo,
4147 930 4233 974 ex
4274 934 4402 996 quo
4446 933 4600 979 vero

2640 997 2780 1063 eius
2807 996 3154 1080 pueritiae
3209 997 3605 1064 erudiendae
3667 996 3970 1064 admotus
4037 995 4280 1076 fuerat,
4352 995 4599 1065 decimo

2640 1082 2939 1167 septimo.
