4984 5975
627 403 753 465 295
2316 391 2783 462 EPISTOLA
2821 395 2916 465 11.
4500 393 4624 457 296

633 586 1057 652 offensionem
1110 594 1418 668 nequeat,
1479 586 1551 650 in
1607 582 1860 650 stolidis
1919 602 1994 649 ac
2048 582 2171 648 bis.
2202 584 2576 649 carnalibus
2680 591 2890 649 scant:
2950 604 3081 649 non
3138 584 3357 648 minus
3413 583 3838 668 sanguinaria
3879 589 3980 647 est
4022 602 4244 647 eorum
4290 581 4630 646 taciturni-

636 671 1055 738 caeremoniis
1108 679 1243 735 toto
1286 681 1545 754 pectore
1588 678 1850 754 stupere
1894 670 2134 735 sinunt.
2222 668 2578 752 Utcunque
2681 678 2812 747 tas,
2857 691 2986 753 qua
3024 669 3253 753 populi
3292 669 3470 735 salus
3512 669 3836 734 malitiose
3879 666 4205 751 proditur,
4248 686 4444 749 quam
4488 666 4631 749 ipse

634 756 715 821 ad
758 756 884 821 Dei
938 756 1382 823 adorationem
1433 764 1697 835 vocent,
1762 754 1955 821 idolis
2017 762 2240 820 tamen
2305 753 2578 820 haerere
2682 754 2970 821 hostium
3016 756 3216 833 furor,
3263 775 3389 837 quo
3432 755 3716 821 inermes
3760 762 3826 819 et
3868 753 4192 818 indefensi
4245 753 4627 835 opprimun-

633 864 831 925 quum
869 861 1095 907 omnes
1131 850 1419 921 cernant,
1455 842 1789 907 neminem
1821 851 2035 906 autem
2072 838 2577 923 reprehendant,
2682 850 2810 904 tur.
2898 840 3055 905 Iure
3098 861 3254 924 ergo
3298 860 3382 904 ex
3426 861 3655 906 eorum
3696 839 4000 904 manibus
4043 838 4314 922 sanguis
4348 838 4630 921 reposci-

635 949 753 992 sua
796 925 914 992 illa
957 927 1492 1006 dissimulatione,
1538 948 1704 1011 quae
1738 934 1937 993 nutus
1971 926 2200 1005 instar,
2246 934 2314 990 et
2345 927 2580 992 tacitae
2685 934 2813 1004 tur,
2861 947 2987 1009 quo
3031 945 3166 991 non
3210 925 3450 1004 minus,
3495 946 3694 1008 quam
3737 924 4028 989 hostium
4062 923 4282 1009 gladii,
4328 944 4630 1006 aspersae

636 1011 972 1079 cuiusdam
1021 1013 1504 1096 approbationis
1552 1013 1881 1096 accipitur,
1926 1013 2160 1077 fortius
2206 1012 2502 1096 affigunt.
2529 1012 2579 1095 ¹)
2685 1010 3107 1095 foedatusque
3152 1020 3325 1076 sunt.
3395 1010 3587 1092 Quod
3636 1010 3814 1075 aliud
3860 1010 4199 1074 hominum
4248 1030 4454 1094 genus
4490 1029 4630 1073 cer·

637 1096 968 1181 Quidquid
1007 1099 1086 1164 (16
1120 1099 1388 1178 iustitia,
1427 1099 1954 1177 sanctificatione,
1995 1097 2205 1183 salute
2240 1118 2280 1161 a
2313 1097 2582 1162 Christo
2685 1097 2835 1175 tius,
2881 1118 3079 1180 quam
3124 1119 3194 1162 se
3239 1099 3260 1161 i
3343 1118 3444 1177 os,
3488 1096 3985 1174 causabuntur,‘
4014 1095 4128 1160 illa
4171 1093 4421 1160 Christi
4482 1115 4628 1159 sen-

637 1183 921 1266 petenda
984 1184 1382 1250 balbutiant:
1452 1206 1690 1267 susque
1757 1183 1965 1267 deque
2026 1191 2249 1248 tamen
2314 1183 2581 1261 habent,
2688 1184 2922 1261 tentia,
2977 1203 3107 1265 qua
3160 1202 3276 1264 pas
3348 1204 3488 1248 rem
3532 1203 3685 1248 eum
3728 1171 4137 1248 severissime
4180 1180 4507 1264 obiurgat,
4564 1188 4630 1245 et

637 1268 810 1352 quod
846 1270 1143 1353 populus,
1192 1271 1429 1336 omisso
1466 1269 1750 1348 Christo,
1789 1291 1866 1334 66
1902 1270 2123 1335 6111616
2158 1269 2429 1351 quaerit,
2467 1268 2583 1333 ubi
2687 1268 3169 1333 mercenarium
3213 1268 3681 1333 contumeliose
3725 1267 4040 1351 appellat,
4097 1267 4198 1331 cui
4245 1274 4446 1351 negat
4489 1286 4630 1331 esse

636 1356 907 1420 minime
942 1356 1219 1439 reperiri
1253 1363 1544 1439 possunt.
1616 1354 1676 1421 Ο
1720 1354 2090 1440 praeclaras
2129 1354 2198 1419 in
2238 1374 2398 1418 sana
2433 1351 2583 1419 doc·
2689 1373 2883 1418 curae
2926 1374 3099 1432 oves,
3145 1354 3256 1436 qui
3303 1353 3459 1419 dum
3503 1353 3877 1419 venientem
3921 1353 4232 1435 prospicit
4270 1352 4520 1434 lupum,
4567 1361 4632 1417 et

636 1441 810 1505 trina
847 1440 1349 1523 exhortationes,
1387 1462 1555 1525 quae
1590 1441 1747 1506 dum
1781 1440 2137 1505 insanienti
2155 1440 2408 1589 (populo
2443 1439 2583 1523 pla·
2687 1439 2952 1505 iamiam
2989 1428 3363 1517 instantem,
3400 1439 3470 1503 in
3507 1440 3576 1504 fu
3735 1491 3747 1518 ,
3786 1438 4011 1504 relicto
4045 1458 4263 1522 grege,
4300 1458 4444 1502 sese
4525 1457 4631 1501 ro-

638 1525 781 1591 oide
824 1526 1268 1605 blandiuntur,
1314 1548 1389 1594 ac
1431 1534 1691 1593 tantum
1735 1547 1868 1591 non
1913 1525 2152 1608 applau
2200 1534 2338 1601 unt,
2387 1524 2585 1590 simul
2687 1525 2847 1607 ripit
2890 1525 3144 1609 (Ioann.
3192 1529 3287 1602 10,
3332 1524 3483 1609 12)?
3573 1458 3765 1605 5111311
3809 1524 3863 1589 61
3909 1543 4243 1607 nunquam
4300 1523 4364 1587 id
4415 1545 4456 1589 a
4562 1543 4631 1587 o-

641 1611 841 1676 etiam
886 1614 1205 1691 efficiunt,
1254 1623 1332 1677 ut
1375 1613 1765 1678 obstinatius
1804 1613 2021 1676 furere
2063 1611 2324 1695 pergat!
2346 1640 2365 1651 ’
2415 1609 2586 1691 Quis
2688 1610 2867 1674 mino
2912 1611 3410 1693 pronunciatum
3462 1620 3664 1689 esset,
3727 1611 4055 1694 propriam
4108 1608 4240 1674 illis
4295 1609 4634 1675 conscien-

642 1699 813 1762 enim
862 1697 1203 1782 displicere
1244 1698 1374 1764 illis
1416 1706 1621 1781 putet,
1670 1714 1835 1781 quae
1878 1696 2055 1761 inter
2096 1698 2441 1762 conciones
2483 1697 2584 1780 ip·
2690 1696 2853 1759 tiam
2896 1695 3175 1760 iudicem
3219 1696 3383 1761 fero:
3431 1704 3779 1779 pastorem,
3825 1695 3934 1778 qui
3980 1695 4081 1760 vel
4128 1695 4436 1759 minimas
4479 1695 4639 1760 insi-

644 1803 748 1848 sas
791 1803 1018 1848 eorum
1073 1784 1278 1850 oculis
1336 1783 1595 1850 assidue
1652 1784 2073 1868 ingeruntur:
2129 1783 2270 1846 eius
2323 1781 2585 1866 generis
2690 1780 2831 1846 dias
2873 1788 3071 1846 noctu
3124 1782 3431 1859 senserit,
3484 1782 3610 1846 nisi
3666 1803 3748 1846 ex
3797 1782 4159 1865 ergefactus
4212 1801 4368 1845 mox
4412 1802 4639 1847 accur-

639 1869 1043 1951 praesertim,
1090 1889 1256 1953 quae
1300 1870 1357 1934 si
1399 1869 1575 1933 mala
1615 1869 1847 1947 forent,
1894 1867 1996 1932 vel
2041 1867 2378 1932 tantillum
2423 1867 2585 1932 tole-
2691 1878 2824 1944 rat,
2880 1887 3102 1931 nonne
3157 1867 3459 1950 ignaviae
3517 1888 3746 1932 accusa
3792 1866 3957 1931 unt?
4048 1866 4224 1931 Eum
4276 1886 4463 1943 vero,
4524 1867 4640 1950 qui

640 1974 789 2019 rare
833 1955 1015 2019 nefas
1055 1954 1298 2019 fuerit?
1389 1953 1724 2037 Quidquid
1778 1960 1994 2018 autem
2050 1972 2188 2018 non
2243 1952 2587 2035 displicere
2689 1953 2994 2035 perfossis
3060 1952 3298 2017 stabuli
3358 1954 3744 2035 parietibus,
3815 1957 3962 2032 [pag.
4014 1957 4120 2032 63]
4180 1952 4637 2035 confractoque

643 2038 774 2104 illis
816 2046 1107 2122 putatur,
1153 2061 1231 2104 eo
1252 2039 1411 2105 ,loco
1456 2039 1749 2117 habetur,
1796 2060 1871 2104 ac
1914 2040 1967 2103 si
2012 2039 2305 2122 ipsorum
2349 2040 2586 2104 suffra-
2690 2039 2877 2116 ostio,
2921 2039 3395 2121 pauperculum
3444 2059 3712 2123 gregem
3756 2038 4057 2104 omnibus
4099 2047 4465 2115 ventorum,
4510 2039 4639 2102 im-

643 2125 752 2208 gio
794 2124 1011 2208 palam
1045 2127 1501 2191 confirmatum
1540 2133 1728 2191 esset.
1795 2125 1889 2189 Et
1931 2144 2097 2207 quae
2129 2123 2262 2189 iam
2301 2129 2448 2204 [pag.
2474 2128 2585 2203 62]
2692 2123 2903 2188 brium
2921 2174 2937 2201 ,
2995 2123 3315 2200 hostium,
3375 2123 3674 2206 luporum
3721 2122 3979 2189 insidiis
4024 2124 4390 2206 expositum
4435 2123 4640 2189 obno-

643 2231 869 2275 eorum
913 2218 1085 2276 esset
1113 2211 1187 2275 in
1224 2211 1615 2276 revincendo
1650 2210 2024 2276 adversario
2059 2210 2586 2294 magnanimitas,
2692 2208 3003 2292 xiumque
3022 2208 3376 2291 reliquerit,
3413 2218 3695 2293 quantae
3713 2209 4042 2275 socordiae
4064 2208 4636 2275 condemnabunt?

643 2297 698 2360 si
742 2296 823 2360 ad
868 2302 1201 2363 certamen
1242 2306 1517 2362 ventum
1564 2298 1765 2361 'foretz
1825 2296 1935 2378 qui
1994 2303 2243 2360 tantam
2300 2297 2369 2359 in
2431 2296 2591 2359 sim-1
2694 2292 2874 2374 Quid
2928 2293 3083 2359 ille?
3145 2295 3330 2360 cuius
3390 2295 3511 2361 sub
3572 2303 3836 2377 aspectu
3887 2294 4106 2361 media
4152 2296 4225 2360 in
4279 2295 4428 2361 luce
4483 2317 4636 2360 oves

642 2381 793 2463 plici
820 2381 1292 2448 exhortatione
1326 2382 1529 2447 animi
1565 2381 1989 2464 pusillitatem
2005 2381 2059 2462 ²)
2104 2381 2436 2463 produnt?
2475 2380 2586 2463 qui
2693 2381 2997 2445 atrociter
3039 2379 3399 2458 laniantur,
3458 2382 3600 2464 ipso
3646 2380 3726 2444 ad
3771 2380 3839 2446 lu
3888 2402 3960 2445 os
4016 2379 4368 2465 abigendos
4413 2403 4500 2445 ne
4542 2380 4637 2445 di-

642 2466 782 2533 sine
828 2466 1205 2533 adversario
1249 2468 1341 2532 ita
1382 2468 1684 2552 protinus
1728 2465 2109 2545 concidunt,
2167 2474 2234 2531 et
2277 2466 2359 2532 de
2400 2487 2589 2549 prae-
2639 2486 2643 2519 ι
2694 2467 2902 2549 gitum
2949 2462 3212 2548 quidem
3256 2466 3747 2531 commovente?
3902 2488 3987 2531 66
4044 2468 4203 2532 satis
4248 2466 4449 2550 digno
4507 2468 4636 2532 elo-

642 2551 806 2618 sidio
825 2554 1236 2637 stationeque
1252 2553 1545 2619 nondum
1568 2560 1947 2638 oppugnata
1967 2550 2332 2618 decedunt?
2357 2550 2588 2632 Quan-
2638 2548 2644 2669 }
2695 2552 2801 2634 gio
2843 2552 3142 2634 insigniri
3200 2554 3438 2634 poterit
3490 2553 3693 2617 istaec
3750 2562 3885 2616 tam
3943 2553 4266 2637 flagitiosa
4319 2551 4630 2635 perfidia?

641 2660 836 2721 quam
883 2641 935 2704 si
982 2638 1195 2721 qualis
1235 2639 1431 2703 hodie
1471 2639 1559 2705 sit
1600 2639 1911 2705 ecclesiae
1966 2638 2250 2703 conditio
2294 2637 2600 2703 conside-.
2639 2676 2642 2687 .
2693 2656 2820 2718 qua
2880 2636 3179 2719 supplicii
3240 2638 3566 2721 gravitate
3611 2638 3807 2723 digne
3851 2658 3968 2720 pro
4011 2639 4242 2703 merito
4284 2638 4630 2704 mulctari?

643 2745 863 2788 remus
881 2776 896 2801 ,
942 2724 1214 2788 Ohristo
1258 2725 1513 2789 restitui
1559 2745 1689 2789 non
1729 2732 1971 2806 potest,
2027 2724 2154 2788 nisi
2199 2744 2236 2788 6
2279 2723 2588 2807 luporum
2692 2722 2981 2787 Posthac
3024 2723 3078 2785 si
3122 2723 3359 2786 iustam
3406 2732 3473 2787 et
3516 2743 3672 2788 suae
3716 2723 4204 2806 speculationis,
4249 2736 4315 2787 et
4356 2725 4634 2806 pastori-

642 2807 936 2874 faucibus
979 2818 1233 2892 erepta:
1281 2809 1364 2874 ad
1406 2810 1536 2874 Dei
1579 2828 1821 2891 pascua
1873 2828 2011 2871 non
2067 2807 2299 2874 adduci
2355 2816 2586 2891 potest,
2693 2807 2821 2871 tiae
2864 2828 3060 2873 curae
3103 2808 3422 2872 rationem
3480 2805 3753 2873 reddere
3795 2810 4046 2887 volent,
4090 2806 4358 2875 videant
4403 2810 4526 2873 hoc
4569 2812 4630 2874 in

642 2894 769 2959 nisi
814 2893 1156 2958 hominum
1198 2895 1444 2975 laqueis
1489 2893 1727 2958 soluta:
1774 2903 1955 2958 recta
1996 2894 2105 2958 via
2148 2896 2254 2977 agi
2297 2915 2430 2958 non
2474 2914 2587 2975 po—
2694 2892 2950 2974 primis‚
3009 2895 3149 2957 sino
3203 2914 3329 2975 quo
3373 2894 3540 2957 nihil
3589 2895 3882 2960 efficiunt
3923 2895 4005 2959 ad
4049 2894 4247 2959 fidem
4289 2916 4474 2959 suam
4523 2915 4632 2978 ap-

644 2990 802 3058 test,
859 2979 987 3044 nisi
1039 2999 1337 3044 errorum
1379 2977 1770 3064 labyrinthis
1827 2978 2164 3043 extricata.
2255 2979 2368 3045 Sic
2411 2979 2590 3044 enim
2639 2932 2645 3054 l
2694 2975 3115 3061 probandam,
3154 2978 3317 3043 nihil
3365 2979 3487 3045 sibi
3532 3001 3673 3046 esse
3715 2979 3967 3064 reliqui,
4013 2979 4124 3046 ubi
4163 2981 4258 3046 rei
4295 2980 4633 3066 sanguinis

644 3067 713 3129 in
754 3063 1113 3129 evertenda
1145 3064 1752 3148 exstinguendaque
1787 3065 2101 3147 religione
2139 3063 2430 3129 Satanae
2462 3066 2590 3128 mi-
2640 3057 2644 3090 ⁸
2693 3065 2926 3128 merito
2970 3077 3355 3148 arguuntur,
3415 3087 3449 3131 a
3496 3088 3621 3148 quo
3666 3089 3736 3132 se
3780 3066 4060 3131 mundos
4105 3087 4246 3132 esse
4288 3065 4633 3150 improbis-

645 3150 837 3218 nien-i
880 3149 1327 3231 profecerunt,
1372 3163 1445 3213 ut
1489 3171 1664 3227 eam,
1726 3150 1848 3215 nisi
1896 3151 1977 3214 ab
2020 3150 2314 3232 ipsorum
2356 3152 2589 3233 impie·—
2638 3153 2644 3244 ξ
2693 3150 2854 3214 61616
2897 3150 3324 3229 mentiuntur,
3384 3152 3512 3216 nisi
3566 3173 3714 3217 cum
3758 3153 3967 3217 Paulo
4013 3173 4164 3217 vere
4209 3174 4284 3218 ac
4330 3155 4498 3218 serio
4541 3154 4633 3218 af-

646 3243 779 3300 tate
814 3242 1149 3313 assertam,
1196 3235 1516 3300 instillare
1557 3235 1899 3300 hominum
1936 3236 2172 3299 animis
2209 3256 2341 3299 non
2375 3236 2584 3301 liceat.
2637 3261 2642 3308 ξ
2691 3237 2956 3300 firmare
2992 3244 3251 3318 queant,
3299 3258 3367 3301 se
3403 3257 3815 3321 nequaquam
3850 3237 4335 3321 subterfugisse,
4381 3241 4633 3322 quomi-

646 3321 725 3386 Id
781 3322 849 3384 in
894 3318 1229 3385 obruenda
1282 3319 1813 3404 obliterandaque
1854 3319 1984 3384 Dei
2027 3322 2304 3385 veritate
2360 3341 2587 3386 conse·
2637 3319 2642 3362 ³
2692 3343 2816 3387 nus
2857 3321 3113 3404 publice
3152 3323 3593 3406 privatimque
3648 3344 4176 3406 unumquemque
4222 3323 4632 3390 admonendo

646 3407 832 3489 quuti
877 3419 1057 3483 sunt,
1112 3415 1190 3469 ut
1231 3407 1299 3469 in
1342 3407 1559 3473 lucem
1612 3427 1973 3491 emergere,
2026 3407 2159 3471 nisi
2200 3407 2279 3471 ab
2323 3407 2585 3472 illorum
2636 3367 2642 3480 l
2692 3427 2950 3471 omnem
2995 3408 3122 3486 Dei
3168 3406 3570 3473 voluntatem
3618 3421 4029 3474 enarrarent:
4086 3411 4472 3493 praesertim
4520 3410 4630 3475 ubi

644 3491 1001 3557 mendaciis
1041 3489 1388 3570 vindicata,
1437 3503 1731 3575 nequeat.
1822 3493 2099 3557 Interim
2134 3491 2290 3575 quid
2337 3494 2586 3577 egregii
2690 3494 3204 3558 circumventam
3233 3492 3520 3558 Satanae
3558 3496 3806 3561 artibus
3838 3495 4175 3560 ecclesia-m
4214 3497 4485 3579 gravius
4522 3517 4631 3580 pe-

645 3579 755 3643 isti
811 3586 877 3643 et
932 3576 1336 3642 excubitores
1352 3629 1365 3653 ,
1425 3588 1490 3642 et
1542 3578 1879 3661 pastores?
1971 3577 2286 3643 Gladium
2331 3580 2584 3661 conspi-
2636 3601 2640 3624 ·
2690 3579 2960 3645 riclitari
3006 3581 3346 3644 senserint.
3415 3577 3598 3659 Quas
3637 3581 3709 3645 in
3743 3591 3963 3663 partes
4007 3587 4192 3645 tanta
4234 3581 4500 3647 solertia
4533 3584 4631 3646 in-

648 3666 849 3742 ciunt,
895 3684 1025 3728 non
1051 3663 1411 3729 cervicibus
1429 3662 1933 3747 impendentem,
1970 3663 2084 3730 sed
2117 3664 2363 3748 iugulis
2381 3685 2586 3748 prope
2635 3713 2640 3760 3
2690 3665 2990 3730 cubuisse
3034 3673 3332 3731 sanctum
3377 3665 3561 3729 illum
3609 3667 3972 3749 apostolum
4016 3666 4330 3744 videmus,
4371 3675 4448 3732 ut
4490 3689 4630 3733 sae-

642 3750 993 3815 admotum.
1082 3745 1261 3813 Oves
1304 3759 1600 3827 cernunt,
1646 3771 1778 3814 non
1820 3750 2128 3834 luporum
2171 3750 2424 3815 insidiis
2469 3771 2583 3833 ap-
2635 3773 2638 3840 ;
2689 3750 2838 3835 pius
2893 3769 3112 3815 coram
3170 3752 3502 3816 monuisse
3558 3772 3709 3816 suos
3765 3773 3900 3816 non
3952 3759 4333 3832 contentus,
4403 3753 4629 3819 eadem

643 3836 900 3919 petitas,
946 3833 1061 3899 sed
1102 3832 1411 3900 dentibus
1451 3843 1782 3917 correptas
1822 3846 1888 3900 et
1927 3835 2278 3901 mutilatas.
2351 3834 2584 3901 Securi
2636 3853 2639 3892 τ
2689 3857 2942 3919 quoque
2998 3837 3247 3901 monita
3299 3838 3560 3921 scriptis
3601 3837 3865 3916 absens,
3921 3857 3996 3902 ac
4040 3859 4076 3902 e
4117 3838 4400 3903 vinculis
4443 3860 4627 3922 repe-

638 3929 878 3998 tamen,
923 3929 998 3984 ut
1039 3920 1109 3983 in
1149 3918 1366 3985 media
1399 3941 1577 4004 pace,
1622 3928 1907 4004 torpent:
1956 3922 2084 3985 nisi
2116 3920 2289 4003 quod
2323 3943 2440 3986 suo
2476 3941 2584 3986 ca-
2634 3933 2638 3988 i
2690 3930 2883 3986 teret:
2931 3922 3351 3987 observarent
3393 3944 3606 4000 66666,
3651 3924 4074 3989 observarent
4117 3943 4355 4007 pravos
4398 3945 4627 4007 opera-

637 4006 757 4154 Riti
801 4004 1111 4088 privatim
1147 4005 1471 4082 timentes,
1520 4007 1769 4072 abiecta
1808 4005 2108 4090 publicae
2141 4006 2371 4072 salutis
2406 4028 2581 4084 cura,
2635 4003 2638 4014 *
2687 4009 2818 4072 rios
2834 4059 2850 4085 ,
2896 4004 3321 4073 observarent
3365 4009 3799 4074 concisionem
3815 4060 3829 4086 ,
3887 4029 4056 4091 quae
4095 4010 4317 4092 impiis
4361 4023 4627 4076 conteu-

686 4112 721 4155 e
769 4111 841 4154 se
882 4091 1044 4173 ipsis
1087 4089 1233 4173 plus
1276 4092 1436 4156 satis
1490 4099 1649 4156 sunt
1694 4091 1969 4158 solliciti.
2059 4092 2265 4157 Istam
2321 4091 2582 4174 quidem
2632 4159 2638 4170 ,
2686 4092 2969 4158 tionibus
3010 4113 3235 4158 veram
3279 4094 3586 4159 ccclesiae
3628 4096 3946 4159 unitatem
3987 4093 4379 4160 discinderet
4422 4096 4624 4178 (Phil.

642 4176 1036 4242 inertiamne
1092 4197 1177 4241 66
1231 4176 1573 4260 perfidiam
1627 4178 1844 4260 potius
1900 4199 2153 4257 vocem,
2206 4176 2458 4242 dubito:
2526 4180 2583 4243 si
2633 4211 2637 4256 2
2687 4183 2744 4258 3,
2785 4183 2820 4242 2
2858 4178 2992 4261 ss.).

644 4264 911 4345 impune
956 4261 1082 4325 sibi
1122 4262 1411 4327 futuram
1470 4260 1834 4341 confidunt,
1889 4284 2104 4329 meras
2155 4263 2276 4329 sibi
2329 4263 2583 4330 fabulas
2632 4277 2636 4314 ³
2856 4262 3035 4344 Quid
3079 4264 3246 4347 quod
3292 4286 3420 4330 non
3465 4264 3871 4331 connivendo
3924 4274 4214 4343 tantum,
4274 4286 4350 4332 66
4410 4267 4626 4332 indul-

645 4368 805 4424 esse,
853 4343 1164 4430 quidquid
1199 4347 1525 4415 Dominus
1568 4357 1683 4414 aut
1721 4350 2058 4431 promittit,
2104 4355 2220 4414 aut
2260 4350 2580 4414 minatur:
2685 4350 2918 4433 gendo,
2964 4352 3239 4415 miserae
3275 4372 3349 4417 ac
3383 4351 3676 4435 perditae
3711 4350 4087 4433 plebeculae
4121 4351 4502 4417 caecitatem
4536 4355 4625 4417 fo-

645 4454 730 4499 ex
776 4453 852 4497 eo
896 4438 1207 4496 testatum
1248 4433 1512 4499 faciunt.
1582 4433 1774 4515 Quod
1809 4435 1985 4499 enim
2021 4455 2138 4517 per
2169 4435 2583 4501 Ezechielem
2685 4444 2870 4500 vent:
2919 4434 3035 4501 sed
3070 4457 3363 4502 errorum
3408 4436 4070 4520 superstitionumque
4092 4438 4388 4502 omnium
4423 4437 4628 4503 admi-

638 4517 965 4582 Dominus
1007 4516 1215 4581 edixit
1257 4539 1325 4583 se
1369 4519 1592 4602 populi
1638 4520 2028 4604 sanguinem
2071 4542 2108 4586 6
2151 4521 2582 4603 speculatoris
2684 4521 2926 4587 nistros
2969 4523 3029 4586 ei
3075 4544 3144 4587 se
3186 4521 3541 4606 praebent?
3629 4521 3896 4585 Etenim
3941 4523 4096 4587 huic
4128 4524 4465 4588 teterrimo
4508 4525 4623 4588 fla·

639 4624 845 4669 manu
881 4602 1374 4686 reposciturum,
1418 4605 1532 4686 qui
1567 4627 1770 4688 quum
1802 4607 2253 4684 imminentem
2290 4606 2581 4690 gladium
2685 4607 2843 4690 gitio
2907 4608 3419 4691 quotusquisque
3486 4608 3772 4689 ipsorum
3843 4607 4181 4672 infitiando
4247 4610 4398 4684 erit,
4465 4611 4622 4693 quin

640 4687 913 4767 videret,
959 4687 1268 4771 clangore
1311 4689 1506 4754 tubae
1548 4711 1683 4755 non
1715 4691 2061 4757 indicavit:
2105 4693 2179 4756 in
2213 4712 2406 4774 quem
2441 4712 2581 4756 ma·
2684 4693 2896 4775 primo
2954 4693 3178 4758 statim
3234 4694 3536 4776 ingressu
3592 4693 3873 4775 pessimo
3930 4713 4150 4758 errore
4201 4693 4454 4777 plebem
4499 4697 4623 4760 im·

691 4775 746 4838 ’s
787 4774 1047 4857 proprie
1087 4781 1483 4856 competere,
1546 4796 1737 4858 quam
1781 4779 1852 4842 in
1899 4798 1970 4844 se
2011 4779 2188 4861 ipsos
2231 4777 2582 4860 responde·
2685 4778 2873 4853 buat,
2928 4778 3084 4843 dum
3140 4778 3282 4859 ipsa
3340 4785 3706 4859 spectante,
3766 4790 3832 4841 et
3886 4778 3968 4843 ad
4025 4787 4356 4862 stuporem
4411 4801 4620 4864 usque

685 4858 849 4924 unt?
938 4859 1192 4941 Nempe
1234 4860 1289 4923 si
1335 4880 1413 4924 ea
1455 4860 1599 4946 lege
1669 4863 1973 4929 ecclesiae
2028 4863 2321 4929 excubiis
2374 4863 2581 4945 impo-
2686 4871 2962 4941 attenta,
3022 4862 3271 4928 stolidis
3328 4863 3705 4928 exorcismis
3763 4884 3996 4946 aquam
4056 4866 4353 4931 incantat
4370 4918 4384 4940 ,
4444 4866 4618 4932 mille

644 4947 752 5010 siti
799 4951 953 5010 sunt
997 4943 1312 5024 custodes,
1358 4947 1467 5028 qui
1513 4969 1722 5031 neque
1757 4957 1966 5025 nocte,
2013 4967 2223 5031 nequo
2260 4948 2363 5012 die
2398 4947 2581 5029 quie-
2684 4957 2909 5030 postea
2948 4947 3232 5012 infandis
3287 4947 3853 5030 superstitionibus
3909 4951 4304 5016 servituram
4319 4950 4351 5014 ⁶?
4444 4951 4614 5033 Quin

940 5084 1047 5092 „—
2686 5056 2722 5099 e
2767 5040 3078 5131 suggestu
3118 5053 3378 5131 rursum
3415 5032 3497 5098 ad
3532 5034 3735 5099 altare
3767 5035 4079 5117 prodeat?
4116 5038 4506 5104 sacrificium
4541 5037 4612 5102 il-

783 5169 841 5233 1)
881 5165 974 5221 Sic
1007 5167 1127 5222 sola
1244 5171 1252 5179 .
1385 5184 1426 5222 ⁸·
1489 5170 1749 5222 caeterae
1773 5186 1983 5224 omnes.-
2018 5169 2297 5238 affingunt.
2360 5169 2584 5224 Gaztus:
2684 5118 2800 5184 lud
2845 5116 3296 5183 abominandis
3339 5119 3758 5219 blasphemus
3799 5129 4290 5223 repertum-aut
4330 5145 4414 5223 pe

643 5236 748 5290 elle
797 5241 910 5290 sert
954 5252 1095 5304 pour
1140 5236 1413 5292 tousiours
1452 5238 1732 5290 6616611161
1815 5238 1899 5292 lus
1936 5245 2099 5292 avant
2134 5244 2226 5291 etc.
2389 5237 2450 5303 2)
2491 5235 2586 5291 Sic
2688 5212 2809 5304 ²⁰¹²,
2845 5224 2915 5268 ΒΘ
2958 5223 3267 5286 Pemgffl’e
3311 5204 3611 5270 amulae?
3657 5206 3741 5272 ad
3783 5206 4200 5273 01⁸00fflb1118
4242 5208 4400 5309 ldqh
4427 5231 4612 5309 VPUO·

637 5304 759 5359 sola
786 5304 1057 5372 princepe.
1118 5304 1375 5358 eceterae
1409 5318 1618 5357 omnes.-
1654 5306 1770 5370 pusi
1795 5306 2157 5359 lanimitatem.
2687 5299 3006 5354 rationem
3051 5290 3360 5372 populum
3409 5299 3477 5356 et
3519 5293 3815 5376 exemplo
3858 5313 3977 5358 suo
4022 5301 4087 5357 et
4130 5303 4299 5358 nutu
4337 5293 4612 5361 invitet?
