4984 5975
362 1273 381 1288 ·
489 1246 841 1312 tammale

487 293 525 353 ⁷
529 293 569 354 9
2125 286 2254 351 DE
2298 283 2846 352 CLEMENTIA
4399 285 4487 347 80

484 477 591 543 nis
634 475 777 542 dari
818 473 1083 541 solitum
1126 474 1301 560 apud
1342 475 1695 552 Romanos,
1738 471 2287 558 quemadmodum
2330 493 2432 539 se-

485 563 811 628 natoriam
875 559 1260 644 dignitatem
1274 611 1289 637 ,
1368 568 1438 625 et
1512 560 1643 625 alia
1712 558 1970 643 publica
2030 566 2430 624 ornamenta.

485 648 717 714 Cicero
771 645 1060 711 Verrina
1113 645 1303 711 V11.:
1378 643 1766 711 Sententiae
1820 643 2134 709 dicendae
2192 644 2431 723 locum,

485 745 706 818 togam
748 739 1177 815 praetextam,
1222 731 1453 797 sellam
1494 731 1809 810 curulem,
1852 731 1960 794 ius
1996 729 2306 814 imaginis
2350 730 2434 795 ad

488 818 874 883 memoriam
914 818 1488 901 posteritatemque
1528 816 1951 901 prodendam.

661 903 850 970 Hanc
878 900 1175 989 poenam]
1232 900 1501 969 Scilicet
1542 901 2110 985 exprobrationem
2169 922 2436 966 suorum

489 990 954 1056 beneficiorum
998 995 1066 1054 et
1105 988 1599 1072 ingratitudinis
1640 986 1906 1053 Cinnae.

676 1075 885 1140 Vitam
926 1074 1043 1139 tibi
1083 1076 1308 1139 iterum
1350 1072 1456 1160 do]
1502 1073 1845 1139 Peroratio
1858 1124 1875 1150 ,
1919 1072 1990 1137 in
2032 1093 2163 1155 qua
2201 1073 2436 1157 Augu-

490 1169 632 1227 stus
675 1159 963 1226 Cinnam
1005 1158 1343 1237 admonet,
1400 1169 1470 1224 et
1509 1179 1626 1242 pro
1670 1165 1917 1242 quanto
1958 1157 2268 1223 beneficio
2313 1158 2439 1223 sibi

926 1246 1067 1310 rius
1115 1246 1395 1330 gratiam
1439 1245 1806 1328 reposuerit
1819 1295 1836 1324 ,
1891 1253 1960 1308 et
2002 1249 2322 1327 quantum
2364 1244 2437 1308 in

486 1342 823 1417 posterum
874 1267 1215 1397 d'ebiturus
1269 1331 1372 1396 sit.
1460 1331 1690 1395 Vitam
1732 1329 1935 1396 semel
1975 1331 2279 1413 Augusto
2324 1328 2435 1394 de-

478 1417 694 1496 bebat,
739 1437 936 1500 quam
980 1416 1186 1483 hostis
1230 1417 1404 1482 hosti
1447 1416 1900 1483 concessisset:
1958 1435 2136 1480 nunc
2178 1415 2280 1481 bis
2323 1414 2436 1480 de-

480 1504 614 1582 bet,
660 1510 730 1567 et
772 1504 833 1568 ei
876 1502 1158 1585 quidem,
1203 1503 1311 1569 cui
1356 1513 1633 1567 mortem
1678 1510 1779 1567 est
1815 1501 2248 1567 machinatus.

659 1588 1035 1654 Insidiatori
1111 1608 1186 1653 ac
1250 1585 1648 1687 pamcidae]
1728 1587 2059 1667 Quoniam
2123 1594 2199 1650 ut
2262 1585 2437 1669 apud

484 1673 943 1758 Tranquillum
1002 1673 1312 1758 legimus,
1391 1672 1751 1757 parricidae
1826 1672 2041 1737 vocati
2105 1678 2263 1737 sunt
2324 1672 2436 1755 qui

482 1758 752 1827 Caesari
814 1780 1050 1824 manus
1117 1759 1479 1825 attulerant
1551 1760 1621 1823 in
1685 1757 1898 1836 curia,
1973 1756 2162 1840 quasi
2223 1759 2434 1840 patris

481 1845 727 1931 publici
780 1846 1126 1923 occisores,
1184 1851 1253 1909 et
1304 1844 1453 1910 idus
1504 1844 1783 1909 martiae
1836 1842 2261 1927 parricidium
2312 1863 2434 1908 no-

479 1933 789 1998 minatae.
878 1929 1108 1996 Cioero
1152 1929 1260 1995 lib.
1297 1930 1458 1996 XII.
1508 1930 1564 1994 E
1610 1929 1952 1995 istolarum
1988 1928 2246 1995 Cassio:
2292 1930 2433 1994 Au-

481 2029 594 2103 get
636 2026 794 2081 tuus
837 2018 1088 2082 amicus
1130 2017 1419 2081 furorem
1462 2017 1534 2080 in
1618 2016 1739 2080 ‘esz
1784 2016 2071 2097 primum
2107 2014 2180 2079 in
2216 2024 2435 2080 statua

479 2123 714 2254 aa
734 2103 1085 2254 ...ffi
1118 2109 1801 2254 mss-3
1827 2100 2435 2269 ..mna

479 2273 878 2340 indicemini.
946 2272 1058 2338 Ad
1099 2273 1166 2339 id
1212 2274 1410 2338 etiam
1454 2272 1678 2338 allusit
1720 2271 2034 2337 Valerius
2078 2270 2187 2337 lib.
2224 2272 2279 2336 I.
2339 2272 2431 2337 M„

482 2361 680 2426 etiam
734 2358 931 2424 Bruti
986 2359 1225 2443 dignus
1279 2357 1566 2425 admisso
1621 2357 1970 2441 parricidio
2014 2364 2290 2424 eventus
2334 2365 2437 2423 est

480 2446 697 2512 omine
740 2443 1141 2529 designatus.
1228 2445 1321 2511 Et
1362 2446 1431 2510 in
1477 2444 1623 2510 aliis
1669 2444 1921 2526 aliquot
1957 2443 2131 2509 locis.

653 2530 763 2595 Es:
803 2530 1100 2596 hodierno
1143 2529 1274 2617 die]
1294 2529 1578 2601 ,Scnsus
1620 2538 1752 2595 est:
1811 2528 1926 2595 Sic
1974 2537 2275 2595 mutuam
2331 2530 2433 2593 in-

481 2638 712 2683 eamus
778 2616 1328 2696 benevolentiam,
1385 2617 1572 2699 quasi
1623 2614 1814 2680 nulla
1875 2614 2153 2680 antehac
2207 2614 2431 2681 fuerit:

483 2723 710 2768 omnes
752 2702 1027 2768 iniurias
1060 2701 1390 2768 oblivione
1424 2711 1859 2778 conteramus,
1895 2701 2226 2783 fingamus
2263 2722 2434 2766 nun-

484 2809 682 2871 quam
736 2789 935 2853 fuisse
991 2786 1389 2871 diremptum
1447 2807 1734 2852 amorem
1749 2837 1763 2863 ,
1819 2808 1902 2851 ne
1958 2807 2088 2869 qua
2139 2785 2436 2852 labecula

481 2872 748 2952 incidat,
794 2878 941 2953 [pag.
981 2879 1088 2952 70]
1145 2892 1312 2956 quae
1355 2872 1657 2938 obscuret
1697 2880 2110 2955 praesentem
2153 2872 2435 2938 benevo—

485 2958 777 3026 lentiam.
867 2958 1216 3025 Certemus
1258 2978 1343 3023 ex
1386 2958 1509 3025 hoc
1553 2958 1658 3023 die
1701 2957 1969 3037 officiis,
2005 2955 2197 3023 modo
2240 2957 2435 3024 intel·-

481 3045 652 3131 ligas
693 3053 760 3110 te
802 3044 986 3110 velut
1038 3044 1331 3108 debitum
1372 3043 1748 3128 persolvere
1762 3095 1777 3119 ,
1838 3064 1943 3109 me
1982 3042 2156 3108 ultro
2198 3064 2436 3126 provo-

483 3151 664 3196 casse
746 3150 906 3194 uum
948 3129 1118 3194 nihil
1160 3129 1481 3195 deberem.

670 3150 896 3282 &trum
937 3235 1041 3299 eqo
1080 3216 1331 3281 meliore
1360 3216 1487 3297 fide

482 3300 866 3368 Alexander
908 3301 1109 3367 verba
1140 3301 1384 3368 faciens

1576 3213 1691 3283 Sic
1747 3235 1788 3280 a
1829 3214 2058 3281 Curtio
2102 3214 2435 3281 inducitur

1554 3300 1827 3367 milites:
1872 3299 2126 3367 Eadem
2166 3299 2296 3366 fide
2330 3322 2434 3366 re-

485 3388 619 3453 dite
672 3408 932 3454 mecum
1000 3388 1072 3451 in
1136 3388 1443 3473 gratiam,
1521 3409 1654 3472 qua
1716 3388 2050 3453 vobiscum
2115 3394 2431 3453 revertor.

482 3474 676 3540 Bona
715 3470 878 3539 fides
922 3472 1046 3552 hic,
1092 3493 1259 3556 quae
1303 3473 1579 3540 Graecis
1619 3478 1905 3537 ἐπιείκεια
1947 3476 2048 3536 καὶ
2090 3471 2432 3557 χρηστότης,

482 3557 554 3625 id
597 3568 699 3625 est
738 3558 1028 3643 probitas
1071 3570 1141 3624 et
1181 3560 1519 3625 sinceritas
1561 3560 1629 3624 in
1674 3555 2433 3642 servandis⁸promissia

483 3644 903 3727 Tranquillus
945 3647 1018 3710 in
1061 3644 1393 3728 Augusto:
1438 3644 1691 3728 Populo
1734 3645 2130 3729 promissum
2171 3647 2434 3730 congia-

482 3732 658 3797 rium
699 3731 1082 3814 reposcenti,
1128 3729 1481 3813 respondit,
1526 3752 1597 3796 se
1640 3729 1852 3797 bonae
1886 3730 2039 3797 fidei
2083 3751 2244 3797 esse.
2312 3728 2436 3796 Se-

481 3837 646 3883 neca
688 3816 900 3900 Epist.
948 3819 1052 3880 12:
1114 3816 1471 3918 Qunquam
1513 3815 1683 3881 bona
1722 3816 1851 3881 fide
1892 3818 2057 3882 vitia
2096 3837 2435 3883 mansues·

484 3909 658 3968 cunt.

658 3985 876 4052 Nullis
926 3987 1209 4069 amplius
1263 3984 1550 4075 insidiis]
1626 3986 1940 4054 Clausula
1987 4009 2155 4070 quae
2212 4008 2432 4054 exem-

527 4072 667 4137 lum
721 4072 819 4137 rei
870 4073 1202 4156 praesenti
1258 4072 1717 4138 accommodat.
1817 4074 1987 4140 Erat
2042 4074 2220 4139 enim
2283 4096 2432 4158 pro·

569 4157 805 4235 ndum,
873 4159 1098 4242 augeri
1166 4180 1205 4222 a
1276 4158 1540 4243 regibus
1603 4159 2017 4225 inimicorum
2083 4182 2435 4225 numerum

482 4242 790 4321 tollendo,
834 4244 991 4326 quia
1023 4251 1327 4326 parentes
1362 4252 1428 4309 et
1461 4246 1808 4329 propinqui
1840 4246 1910 4311 in
1946 4245 2433 4311 demortuorum

485 4329 705 4397 locum
752 4329 1125 4395 succedunt

1241 4620 1545 4690 CAPUT
1588 4623 1674 4689 X.

658 4757 907 4842 Iynovit
959 4758 1199 4824 abavus
1256 4765 1402 4826 taus
1455 4762 1651 4827 victis.
1748 4760 1920 4824 Nam
1973 4762 2034 4825 si
2088 4782 2215 4827 non
2264 4763 2437 4845 iono-

483 4844 671 4909 visset
687 4893 702 4923 ,
768 4844 995 4926 quibus
1048 4845 1466 4927 imperasset?
1559 4846 1942 4925 Salustium,
2012 4846 2312 4926 Cocceios,
2379 4853 2436 4912 et

484 4929 787 5010 Deillios,
842 4936 897 4996 et
938 4934 1126 4996 totam
1167 4932 1471 4997 cohortem
1505 4933 1792 5013 primam
1831 4933 2158 4999 interioris
2199 4933 2435 4999 admis-

483 5017 682 5081 sionis
725 5036 804 5081 ex
845 5017 1358 5083 adversariorum
1378 5019 1623 5093 ‚castris
1654 5019 2036 5098 consa-ipsit.
2107 5019 2281 5083 Nam
2302 5019 2434 5085 Do·

481 5103 711 5181 mitios,
755 5101 1094 5181 Messalas,
1139 5100 1440 5180 Asinios,
1491 5101 1839 5181 cicerones,
1884 5108 1941 5167 et
1981 5104 2289 5187 quidquid
2323 5105 2436 5183 flo-

482 5188 581 5253 ris
629 5189 700 5252 in
738 5190 986 5254 civitate
1028 5193 1188 5266 erat,
1245 5189 1596 5253 densentiae
1644 5208 1799 5253 suae
1852 5187 2116 5254 debebat.
2206 5189 2434 5272 Ipsum

2537 473 2853 555 Lepidum
2895 473 3202 556 quamdiu
3243 474 3832 554 moripassusnon
3873 472 4011 539 est?
4097 469 4220 537 Per
4261 469 4491 538 multos

2538 579 2737 625 annos
2777 559 2920 624 tulit
2953 564 3318 626 ornantem
3340 559 3658 640 principis
3690 560 4063 625 retinentem.
4131 555 4299 624 Eius
4327 576 4490 640 pon·

2539 645 2840 726 tifieatum
2881 646 3232 709 maximum
3264 664 3389 710 non
3426 645 3559 709 nisi
3602 648 3840 709 mortuo
3881 644 3992 711 illo
4034 643 4374 724 transferri
4416 644 4490 707 in

2537 751 2608 797 se
2649 750 2893 812 passus
2942 736 3052 796 est.
3143 730 3383 795 Maluit
3434 731 3600 794 enim
3655 730 3841 795 illum
3905 730 4196 795 honorem
4256 729 4490 808 vocari,

2537 836 2733 899 qaam
2772 817 3060 897 spolium.
3149 816 3324 882 Haec
3365 835 3505 880 eam
3547 815 3864 880 clementia
3906 816 3994 880 ad
4025 815 4290 881 salutem
4322 834 4492 880 seca-

2538 903 2905 983 ritatemque
2924 902 3249 984 perduxit.
3319 901 3493 967 Haec
3522 907 3773 985 oratam
3800 901 4324 982 favorabilemque
4352 900 4494 966 red-

2541 987 2733 1060 didit,
2776 988 3066 1069 quamvis
3107 988 3381 1052 nondmn
3418 986 3689 1053 subactis
3729 986 4108 1068 reipublicae
4151 986 4492 1053 cervicibus

2538 1092 2799 1138 mantem
2836 1074 3244 1156 imposuisset.
3331 1072 3506 1138 Haec
3548 1072 3726 1138 hodie
3755 1077 4043 1153 praestat
4085 1072 4185 1139 illi
4225 1072 4491 1154 famam,

2540 1178 2703 1240 quae
2755 1160 2867 1223 vice
2919 1159 3082 1224 vivis
3127 1158 3533 1241 principibus
3584 1159 3790 1223 servit.
3879 1156 4093 1224 Deum
4143 1178 4274 1224 esse
4290 1210 4304 1236 ‚
4361 1177 4494 1224 non

2538 1249 2843 1326 tanquam
2877 1245 3058 1323 iussi,
3103 1245 3415 1310 credimus
3456 1244 3679 1309 bonum
3710 1245 4067 1327 principem
4108 1244 4491 1328 Anqustam,

2540 1335 2597 1394 et
2639 1329 2783 1394 bene
2827 1330 2929 1396 illi
2961 1331 3309 1396 convenisse
3337 1330 3626 1411 parentis
3661 1349 3877 1394 nomen
3908 1331 4201 1412 fatemur,
4246 1330 4319 1396 ob
4352 1330 4496 1397 aab·

2538 1415 2670 1481 lam
2722 1416 2922 1482 aliam
2985 1435 3274 1494 causam,
3341 1435 3534 1497 qaam
3582 1415 3746 1497 quod
3801 1417 4199 1481 contumelias
4249 1436 4495 1499 quoque

2538 1521 2712 1579 suas,
2747 1522 2906 1583 quae
2947 1501 3287 1567 acerbiores
3320 1502 3721 1583 principibus
3759 1501 3961 1566 solent
3991 1522 4121 1567 esse
4162 1521 4354 1583 quam
4394 1502 4494 1566 in·-

2539 1588 2769 1666 iuriae,
2812 1586 2996 1653 nulla
3036 1587 3397 1652 crudelitate
3437 1587 3912 1668 exsequebatur.-
3968 1588 4129 1669 quod
4159 1587 4493 1670 probrosis

2539 1673 2610 1737 in
2652 1693 2720 1739 se
2762 1673 2947 1738 dictis
2985 1674 3249 1737 arrisit.-
3307 1673 3468 1753 quod
3523 1672 3678 1737 dare
3721 1672 3905 1738 illam
3938 1693 4176 1754 poenas
4219 1694 4490 1756 appare-

2539 1757 2668 1838 bat,
2722 1779 2919 1840 quum
2959 1759 3258 1841 exiyeret:
3321 1759 3485 1839 quod
3537 1777 3924 1839 quoscunque
3987 1758 4057 1824 ob
4109 1759 4494 1825 adulterium

2536 1843 2829 1926 familiae
2873 1863 3029 1910 suae
3066 1844 3489 1923 damnaverat,
3532 1845 3686 1910 adeo
3727 1865 3851 1908 non
3890 1845 4121 1924 occidit,
4163 1850 4233 1909 at
4266 1846 4492 1912 diruis-

2538 1929 2661 2008 sis,
2721 1951 2840 2011 quo
2902 1932 3157 1994 altiores
3221 1934 3449 2007 essent,
3514 1930 3860 2012 diplomata
3923 1931 4118 1996 daret.
4209 1931 4344 1996 Hoc
4395 1938 4494 1999 est

2541 2018 2689 2093 [pag.
2717 2021 2824 2095 71]
2871 2017 3203 2100 iynoscere,
3248 2036 3442 2097 quum
3481 2017 3648 2081 scias
3689 2016 3914 2081 maltos
3943 2018 4195 2097 futuros
4225 2018 4339 2099 qui
4360 2039 4493 2101 pro

2536 2105 2594 2164 te
2647 2103 3039 2167 irascantur.-
3109 2108 3167 2165 et
3230 2101 3344 2166 tibi
3398 2100 3603 2167 alieno
3658 2104 3966 2187 sanquine
4015 2102 4491 2186 qratificantem,

2536 2206 2659 2251 non
2701 2187 2856 2252 dare
2898 2192 3142 2252 tantum
3181 2188 3468 2265 salutem,
3509 2187 3619 2251 sed
3650 2194 3994 2269 praestare.

2710 2338 2904 2421 Quod
2948 2341 3033 2407 ad
3075 2340 3360 2425 exempli
3402 2341 3897 2407 similitudinem
3939 2344 4324 2427 pertinebat,
4370 2365 4492 2411 ex-

2537 2426 2837 2509 peditum
2882 2436 3002 2507 est,
3050 2435 3312 2492 tantum
3355 2426 3703 2509 profecisse
3748 2430 4127 2512 Augustum
4169 2451 4290 2496 sua
4330 2451 4496 2515 erga

2539 2510 2827 2577 Cinnam
2869 2513 3243 2591 clementia,
3301 2519 3380 2577 ut
3421 2519 3489 2577 et
3528 2512 3718 2578 illum
3767 2514 3890 2580 sibi
3934 2515 4218 2582 amicum
4257 2515 4494 2583 redde-

2538 2607 2669 2675 ret,
2737 2607 2805 2663 et
2865 2597 3062 2664 nullis
3126 2598 3408 2682 amplius
3475 2597 3730 2664 insidiis
3794 2600 3875 2665 ab
3943 2599 4074 2666 ullo
4138 2608 4491 2685 peteretur.

2537 2683 2668 2748 Est
2709 2683 2914 2768 igitur
2959 2683 3237 2749 alterum
3281 2683 3688 2766 exemplum,
3737 2686 3927 2751 victis
3970 2686 4301 2771 ignovisse
4346 2689 4492 2754 Au-

2541 2777 2830 2852 gustum,
2875 2770 3068 2852 idque
3111 2769 3208 2834 illi
3253 2769 3528 2835 feliciter
3570 2771 3866 2848 cessisse,
3914 2794 4041 2856 quo
4085 2772 4169 2837 ad
4211 2773 4493 2839 eandem

2539 2853 2920 2921 facilitatem
2965 2856 3296 2921 Neronem
3340 2854 3600 2921 alliciat.
3672 2854 3951 2923 Ovidius
3994 2857 4161 2924 libro
4202 2858 4295 2926 II.
4342 2859 4491 2925 Tri-

2539 2941 2743 3006 stium
2785 2939 2851 3006 id
2894 2942 3110 3025 ipsum
3158 2948 3437 3008 testatur
3480 2939 3565 3006 ad
3605 2943 3986 3027 Augustum
4028 2943 4343 3012 scribens:

2744 3060 2955 3116 Divitiis
2993 3063 3155 3116 etiam
3190 3063 3388 3118 multos
3425 3070 3481 3118 et
3513 3063 3810 3118 honoribus
3847 3070 4039 3120 auctos

2847 3131 2984 3198 Vidi,
3022 3148 3113 3252 {1:¹¹
3148 3131 3387 3186 tulerant
3419 3134 3474 3186 in
3510 3142 3679 3201 caput
3711 3147 3861 3185 arma
3896 3140 4062 3187 tuum.

2746 3196 3003 3268 Quaeque
3093 3214 3153 3253 cs
3189 3200 3405 3267 bellum,
3439 3200 3570 3254 belli
3603 3201 3699 3254 tibi
3733 3201 3953 3254 sustulit
3986 3203 4142 3256 iram:

2849 3267 3089 3337 Parsque
3125 3269 3279 3322 simul
3315 3269 3531 3337 templis
3567 3276 3794 3338 utraque
3833 3269 3976 3324 dona
4012 3270 4152 3325 tulit.

2536 3359 2726 3426 Idem
2766 3360 2874 3427 lib.
2920 3363 2976 3427 I.
3023 3363 3104 3427 de
3147 3364 3392 3428 Ponto:

2744 3463 2850 3519 Sed
2886 3466 3040 3535 piger
3074 3465 3144 3520 ad
3179 3480 3386 3534 poenas
3422 3468 3690 3535 princeps,
3728 3466 3798 3520 ad
3833 3468 4074 3535 praemia
4108 3468 4297 3523 velox:

2848 3533 3054 3602 Quique
3091 3534 3242 3588 dolet
3275 3536 3488 3604 quoties
3524 3537 3734 3604 cogitur
3769 3551 3889 3590 esse
3925 3535 4095 3590 ferox.

2744 3600 2845 3669 Qui
2880 3603 3045 3656 vincit
3079 3618 3309 3672 semper,
3346 3605 3500 3659 victis
3535 3612 3597 3657 ut
3670 3619 3855 3658 arcere
3891 3605 4091 3673 possit:

2849 3670 3057 3726 Clausit
3090 3677 3147 3725 et
3181 3678 3404 3726 aeterna
3440 3674 3609 3727 civica
3680 3672 3787 3726 ella
3822 3688 3960 3727 sera.

2746 3738 2923 3794 Multa
2955 3746 3102 3794 metu
3135 3755 3366 3809 poenae,
3402 3757 3582 3810 poena
3616 3742 3710 3809 qui
3742 3757 3918 3810 pauca
3953 3751 4186 3810 coercet,

2843 3807 2920 3862 Et
2951 3809 3080 3862 iacit
3113 3809 3280 3863 invita
3452 3811 3461 3821 '
3502 3827 3535 3864 a
3570 3825 3693 3863 rara
3725 3825 3905 3864 manu.
4045 3862 4054 3871 ,

2711 3902 2975 3968 Abavus
3016 3901 3191 3990 was]
3279 3903 3343 3968 N
3345 3923 3431 3968 on
3493 3912 3739 3969 temere
3793 3908 4081 3988 reperias
4144 3908 4257 3989 qui
4311 3929 4500 3975 asse-

2537 3999 2794 4075 quatur,
2851 3987 3171 4072 quomodo
3222 3990 3343 4055 hoc
3399 3988 3611 4073 gradu
3669 3992 4071 4075 cognationis
4126 3991 4210 4057 ad
4252 3993 4500 4078 Augu—

2536 4086 2715 4143 stum
2755 4075 3117 4159 pertineret
3160 4074 3353 4140 Nero.
3419 4075 3593 4140 Nam
3635 4075 3882 4142 abavus
3926 4077 4067 4143 eius
4111 4079 4339 4162 stirpis
4372 4100 4504 4164 pa—

2536 4168 2763 4228 ternae
2796 4161 2922 4226 fuit
2943 4160 3274 4226 Domitius
3308 4161 3384 4238 is,
3422 4162 3535 4245 qui
3568 4170 3833 4244 praetor
3858 4162 4206 4228 Caesarem
4242 4165 4502 4233 abeun-

2537 4258 2673 4314 tem
2718 4246 3061 4314 consulatu
3075 4297 3090 4325 ,
3146 4266 3342 4329 quem
3387 4255 3618 4313 contra
3659 4247 3840 4331 leges
3879 4250 4298 4334 auspiciaque
4341 4274 4501 4336 ges-

2538 4334 2701 4400 sisse
2745 4333 3177 4410 existimabat,
3223 4330 3308 4397 ad
3350 4331 3869 4416 disquisitionem
3912 4343 4181 4401 senatus
4208 4340 4498 4404 vocavit.

2538 4420 2700 4486 Mox
2741 4418 2968 4485 consul
3018 4419 3475 4501 imperatorem
3522 4417 3606 4484 ab
3649 4420 4041 4487 exercitibus
4084 4421 4340 4506 gallicis
4383 4445 4499 4490 re-

2539 4506 2803 4570 trahere
2847 4506 3150 4570 tentavit:
3210 4524 3671 4586 successorque
3715 4506 3776 4569 ei
3820 4528 3938 4589 per
3978 4507 4328 4574 factionem
4370 4531 4502 4575 no-

2539 4592 2867 4668 minatus,
2912 4590 3231 4673 principio
3274 4590 3487 4655 civilis
3527 4590 3679 4655 belli
3725 4591 3810 4656 ad
3852 4592 4294 4676 Corphinium
4336 4616 4504 4679 cap-

2539 4685 2649 4743 tus
2692 4686 2809 4753 est,
2853 4677 3118 4759 acieque
3161 4674 3426 4740 demum
3471 4676 3859 4743 Pharsalica
3899 4679 4229 4757 occubuit,
4275 4681 4508 4763 inquit

2540 4763 2980 4846 Tranquillus.
3086 4760 3241 4843 Qua
3304 4762 3557 4827 ratione
3613 4762 3955 4846 Augustus
4021 4786 4153 4830 non
4218 4766 4502 4849 abavus,

2539 4848 2656 4915 sed
2711 4847 3194 4932 proavunculus
3247 4845 3562 4913 dicendus
3620 4857 3809 4914 esset.
3901 4848 4241 4934 Siquidem
4287 4849 4506 4919 Octa-

2539 4937 2688 5001 vius
2744 4942 2932 5017 pater
2986 4932 3270 5016 Augusti
3332 4932 3534 4998 filiam
3600 4934 3833 5000 habuit
3886 4934 4262 5015 Octaviam,
4321 4959 4504 5020 quae

2538 5021 2832 5085 Antonio
2873 5019 2947 5083 in
2988 5019 3478 5083 matrimonium
3513 5019 3840 5099 collocata,
3887 5042 3971 5087 ex
4005 5043 4081 5088 eo
4118 5022 4283 5088 duas
4318 5024 4507 5094 filins

2538 5104 2825 5182 sustulit,
2870 5125 3152 5187 quarum
3194 5105 3406 5169 maior
3446 5107 3740 5171 Antonia
3777 5108 4068 5186 nomine,
4124 5129 4209 5174 ex
4251 5108 4504 5177 Domi—

2539 5190 2636 5255 tio
2679 5210 2801 5255 avo
2843 5190 3098 5274 peperit
3138 5188 3508 5257 Domitium
3548 5200 3822 5274 patrem.
3910 5192 4185 5260 Abavus
4242 5203 4506 5263 mater-
