4984 5975
416 336 536 398 361

416 520 638 604 ipsum
697 521 1067 587 auscultare
1124 527 1443 603 oporteat:
1502 521 1874 604 horumque
1928 521 2370 588 ministerium

418 615 486 671 61
525 606 658 671 Dei
711 605 1018 672 mandato
1074 605 1503 688 adprobatum
1519 659 1536 687 ,
1600 614 1669 672 et
1715 608 2029 673 ecclesiae
2074 628 2369 674 necessa-

416 692 591 758 rium
635 713 777 757 esse
829 691 1183 758 credimus:
1252 693 1346 756 ita
1385 714 1421 757 6
1461 713 1775 759 converso
1834 695 2367 775 pronunciamus,

416 784 566 858 [pag.
604 782 713 857 61]
755 780 1157 860 impostores,
1204 797 1557 861 omnesque
1590 778 2213 862 pseudoprophetae,
2257 780 2371 862 qui

416 864 650 930 relicta
704 863 1029 947 evangelii
1079 865 1395 946 puritate,
1451 864 1535 928 ad
1587 885 1707 929 sua
1763 872 2131 930 commenta
2173 864 2372 930 decli-

416 957 614 1027 nant,
671 959 1087 1033 nequaquam
1127 970 1268 1015 esse
1311 949 1613 1014 ferendos
1629 1002 1645 1028 ,
1702 949 2180 1034 qualescunque
2223 971 2372 1034 pas-

415 1043 638 1101 torum
683 1035 906 1101 titulos
949 1035 1355 1118 praeferant:
1404 1036 1565 1118 quin
1599 1036 1834 1118 potius,
1881 1056 1998 1101 ceu
2033 1036 2372 1119 luposra-

414 1139 610 1205 paces
654 1141 691 1186 6
734 1120 950 1186 1116ὥο
996 1121 1306 1187 ecclesiae
1351 1121 1781 1186 eliminandos
1826 1128 1893 1185 61
1935 1121 2309 1206 abigendos.

983 1324 1113 1391 DE
1159 1323 1788 1392 MAGISTRATU.

592 1460 1133 1527 Dominationem
1185 1484 1259 1528 ac
1324 1469 1746 1545 potestatem,
1819 1470 1957 1527 tam
2013 1484 2246 1548 regum
2300 1486 2375 1530 ac

418 1549 812 1632 principum,
847 1570 934 1697 qlu
888 1570 1043 1613 uam
1067 1547 1467 1632 reliquorum
1501 1549 2030 1632 magistratuum,
2055 1552 2229 1613 inter
2270 1572 2376 1615 res

420 1641 683 1699 sanctas
740 1653 815 1699 ac
899 1634 1201 1718 egitimas
1258 1635 1389 1699 Dei
1443 1633 1885 1698 ordinationes
1930 1657 2371 1701 numeramus.

418 1721 644 1803 Atque
691 1729 763 1784 ut
806 1720 933 1798 illi,
983 1718 1139 1784 dum
1182 1740 1457 1785 munere
1499 1741 1618 1785 suo
1662 1721 2181 1803 perfunguntur‚
2228 1720 2376 1786 Deo

418 1807 721 1872 serviunt
763 1815 830 1869 et
871 1771 1297 1871 christianam
1343 1812 1710 1888 sequuntur
1754 1807 2186 1885 vocationem,
2234 1809 2373 1872 sive

412 1889 871 1958 innocentibus
915 1891 1345 1973 opitulentur,
1397 1911 1561 1974 quos
1610 1892 1831 1975 inique
1871 1892 2151 1974 opprimi
2192 1892 2373 1958 vide-

413 1985 567 2041 ant:
614 1978 754 2043 sive
791 1976 1239 2058 improborum
1276 1975 1641 2053 audaciam,
1689 1998 1914 2043 severe
1958 1978 2029 2041 in
2074 1999 2182 2044 eos
2226 1980 2374 2042 vin-

413 2061 717 2142 dicand0,
757 2070 1126 2127 coerceant:
1173 2063 1265 2150 sic
1307 2082 1431 2126 1108
1468 2063 1752 2128 vicissim
1791 2084 1901 2127 608
1942 2065 2228 2129 revereri
2264 2062 2374 2128 de-

408 2147 654 2213 bemus
711 2167 786 2212 86
842 2147 1172 2230 suscipere
1188 2153 1230 2226 ,‘
1266 2147 1734 2213 subiectionem
1801 2169 1875 2213 ac
1940 2147 2375 2213 obedientiam

406 2233 554 2298 illis
600 2232 929 2312 exhibere,
978 2253 1204 2298 eorum
1245 2234 1423 2298 iussa
1464 2234 1767 2315 exsequi,
1813 2253 2015 2298 onera
2054 2241 2120 2297 et
2153 2236 2379 2299 munia

2073 327 2752 400 CATEOHISMUS.

4301 335 4424 396 362

2473 521 2555 587 ab
2599 520 2730 586 illis
2772 520 3080 603 imposita
3118 521 3415 603 proferre
3430 571 3445 599 ,
3495 527 3817 604 quatenus
3861 522 4028 586 citra
4062 521 4192 586 Dei
4226 522 4431 587 offen-

2473 608 2724 673 sionem
2768 607 2936 671 licet.
3026 607 3330 687 Denique
3376 627 3511 670 non
3556 627 3741 673 secus
3792 612 3986 689 atque
4027 605 4160 672 Dei
4202 608 4434 708 vicarii

2473 692 2863 759 aestimandi
2911 698 3084 770 sunt,
3132 692 3368 773 quibus
3405 712 3774 776 repugnare
3818 713 4011 757 nemo
4046 693 4272 776 possit,
4317 694 4433 777 qui

2475 801 2624 845 cum
2668 780 2810 860 ipso
2854 778 3000 843 Deo
3043 777 3294 844 bellum
3339 785 3541 861 gerat.
3609 777 3886 842 Illorum
3927 779 4126 843 etiam
4167 799 4429 860 munus,

2473 887 2593 948 pro
2637 871 2863 929 sancta
2897 863 3460 928 administratione
3494 885 3535 928 a
3570 864 3716 928 Deo
3753 862 4144 928 demandata
4177 871 4278 930 681
4312 864 4433 929 118-

2474 949 2794 1026 bendum,
2852 948 2934 1013 ad
2977 948 3150 1032 quod
3194 959 3351 1013 sunt
3393 950 3742 1032 assumpti,
3788 959 3866 1013 ut
3907 951 4095 1016 nobis
4137 950 4434 1032 praesint

2476 1056 2552 1101 86
2611 1001 3050 1100 dominentur.
3143 1034 3360 1114 Quam
3417 1036 3497 1100 ob
3553 1057 3694 1099 rem
3750 1034 4091 1101 christiani
4144 1035 4432 1102 hominis

2475 1131 2699 1222 partes
2751 1142 2892 1186 6886
2946 1120 3340 1199 111(1168111118,
3405 1122 3947 1205 magistratuum,
4017 1120 4140 1185 sub
4198 1121 4434 1204 quibus

2477 1209 2644 1292 agit,
2700 1205 3197 1290 prosperitatem
3252 1207 3556 1288 precibus
3599 1208 3742 1271 Deo
3787 1206 4270 1272 commendare:
4338 1206 4432 1271 le-

2475 1294 2669 1376 gibus
2724 1299 2922 1376 atque
2978 1292 3235 1370 edictis,
3296 1313 3463 1375 quae
3507 1314 3659 1358 cum
3702 1293 3832 1357 Dei
3889 1293 4255 1376 praeceptis
4297 1313 4434 1357 non

2474 1386 2801 1463 pugnant,
2859 1377 3235 1442 obedienter
3289 1397 3548 1461 parere·
3535 1428 3548 1440 .
3608 1377 3938 1461 publicam
3993 1386 4139 1442 tum
4184 1378 4431 1443 utilita-

2474 1473 2630 1542 tem,
2669 1473 2814 1528 tum
2849 1463 3410 1546 tranquillitatem,
3447 1484 3860 1547 promovere:
3906 1463 4280 1546 principum
4314 1463 4432 1528 110-

2474 1552 2620 1615 nori
2660 1571 2734 1615 86
2778 1550 3106 1613 communi
3154 1551 3358 1614 totius
3412 1550 3634 1633 populi
3687 1551 3857 1615 bono
3900 1571 3983 1614 ex
4028 1550 4245 1614 animo
4290 1558 4432 1614 stu-

2477 1634 2651 1712 dere,
2699 1637 2780 1700 ab
2818 1633 3123 1700 omnibus
3170 1641 3315 1713 [pag.
3356 1641 3465 1715 62]
3510 1636 3900 1700 factionibus
3943 1635 4255 1734 religiose
4284 1636 4434 1701 abs-

2474 1723 2712 1800 tinere,
2799 1720 2978 1785 unde
3043 1720 3277 1785 turbae
3370 1743 3445 1787 ac
3525 1721 3849 1786 tumultus
3921 1722 4105 1786 nasci
4163 1728 4428 1803 queant.

2479 1807 2728 1873 Contra
2772 1828 2928 1872 vero
2972 1826 3083 1872 eos
3127 1827 3370 1886 01111168,
3418 1808 3530 1890 (1111
3563 1807 3860 1872 infideles
3896 1828 3966 1873 86
4002 1814 4240 1890 gerunt
4274 1825 4432 1889 erga

2470 1893 2970 1977 magistratum,
3054 1913 3176 1958 nec
3249 1892 3332 1956 ad
3408 1892 3738 1976 publicam
3806 1893 4090 1991 regionis
4154 1892 4226 1956 in
4302 1912 4432 1975 (1118

2479 1988 2832 2044 versantur
2883 1976 3238 2042 utilitatem
3303 1979 3662 2044 curandam
3727 1979 4019 2043 animum
4082 1977 4427 2060 applicant,

2478 2066 2990 2214 prongnciamus
3026 2084 3102 2127 68
3134 2065 3567 2145 perversitate
3600 2064 3875 2147 prodere
3897 2085 4084 2130 suam
4119 2065 4190 2128 in
4209 2062 4431 2129 Deum

2477 2151 2642 2234 perfi
2713 2170 2821 2213 am

2282 2623 2558 2679 FINIS.
