4984 5975
547 282 672 347 335

544 492 623 537 eo
666 470 869 535 vitam
915 474 1243 533 aeternam
1288 467 1715 532 obtinemus,
1788 465 2359 549 Quemadmodum
2402 468 2496 533 ait

544 558 716 623 hanc
760 574 901 620 esse
944 555 1151 618 vitam
1205 560 1568 631 aeternam,
1609 553 1821 618 Nosse
1866 558 2073 619 unum
2112 554 2332 619 Deum
2378 573 2492 637 pa·-

545 653 743 720 trem,
803 646 868 703 et
920 660 1114 722 quem
1169 638 1279 704 ille
1330 639 1511 703 misit
1563 638 1788 704 Iesum
1835 638 2174 705 Christum
2231 640 2488 724 (Ioann.

551 733 647 807 17,
688 731 775 810 3).
864 725 1065 790 Item:
1121 723 1257 806 Qui
1310 723 1521 795 credit
1573 725 1642 788 in
1686 746 1821 803 me,
1878 746 2012 790 non
2054 726 2377 790 morietur
2420 724 2491 790 in

544 821 918 889 aeternum3
961 809 1134 894 quod
1169 810 1225 876 si
1267 817 1562 876 mortuus
1596 810 1815 890 fuerit,
1860 811 2047 876 vivet
2090 811 2347 895 (Ioann.
2392 815 2490 889 11,

543 898 677 979 26).
757 894 889 978 Qui
942 914 1098 963 vero
1154 894 1328 961 istud
1379 897 1523 973 flat,
1581 918 1699 961 nos
1743 897 1856 979 qui
1898 904 2312 981 peccatorum
2355 917 2492 962 sor-

542 984 733 1051 dibus
785 982 1217 1047 contaminati
1271 1003 1526 1059 sumus,
1586 983 1653 1046 in
1705 982 1848 1065 ipso
1903 982 2247 1048 cmundari
2303 1002 2496 1065 opor-

544 1078 668 1137 tet:
727 1069 883 1152 quia
934 1068 1006 1131 in
1059 1088 1339 1152 regnum
1397 1066 1528 1132 Dei
1582 1067 1748 1132 nihil
1803 1069 2221 1151 inquinatum
2274 1069 2495 1153 ingre-

544 1156 775 1222 dietur.
845 1153 981 1219 Nos
1024 1172 1180 1238 ergo
1224 1154 1316 1219 sic
1350 1154 1508 1219 facit
1540 1154 1641 1218 sui
1675 1154 2043 1237 participes,
2088 1162 2163 1219 ut
2196 1155 2311 1238 qui
2344 1173 2496 1238 pec-

544 1247 799 1308 catores
842 1241 915 1305 in
957 1239 1145 1304 nobis
1190 1261 1433 1317 sumus,
1480 1239 1655 1305 illius
1700 1239 1949 1304 iustitia
1990 1260 2211 1307 coram
2254 1239 2492 1306 throno

543 1327 672 1394 Dei
716 1326 873 1391 iusti
917 1332 1303 1409 reputemur
1371 1332 1564 1409 atque
1610 1325 1704 1390 ita
1748 1324 2015 1409 propria
2051 1326 2302 1392 iustitia
2346 1346 2492 1409 spo-

542 1414 715 1491 liati,
763 1411 1013 1477 Christi
1058 1411 1305 1475 iustitia
1348 1410 1717 1477 induimur:
1781 1419 1846 1475 et
1901 1412 2205 1494 operibus
2248 1412 2492 1492 iniusti,

543 1498 797 1565 Christi
840 1495 968 1563 fide
1003 1497 1448 1563 iustificamur.
1516 1495 1684 1560 Fide
1728 1498 1906 1561 enim
1946 1498 2290 1563 iustificari
2335 1496 2494 1564 dici·

542 1605 714 1663 mur,
762 1587 906 1663 [pag.
946 1584 1054 1661 20]
1102 1604 1231 1651 non
1268 1583 1423 1666 quia
1457 1582 1675 1664 aliqua
1709 1582 1962 1648 iustitia
1997 1603 2116 1648 nos
2155 1585 2336 1648 intus
2369 1585 2494 1649 im-

545 1672 851 1738 buamur:
921 1666 1033 1733 sed
1101 1670 1253 1751 quia
1310 1667 1564 1733 Christi
1627 1668 1903 1748 iustitia,
1976 1669 2247 1752 perinde
2306 1690 2380 1735 ac
2436 1669 2494 1733 si

544 1767 769 1822 nostra
814 1762 983 1819 esset
998 1806 1012 1831 ‚
1060 1752 1244 1837 nobis
1283 1763 1550 1837 accepta
1580 1753 1808 1832 fertur,
1846 1756 2110 1837 propria
2151 1756 2495 1838 iniquitate

543 1860 957 1925 nequaquam
1002 1839 1187 1904 nobis
1229 1840 1578 1923 imputata:
1634 1850 1711 1903 ut
1768 1839 1940 1905 hanc
1991 1840 2311 1906 iustitiam
2365 1862 2496 1906 uno

542 1927 746 1994 verbo
783 1946 937 1990 vere
978 1924 1305 2008 appellare
1348 1932 1763 2009 peccatorum
1798 1925 2249 1992 remissionem
2282 1926 2491 1992 liceat.

544 2012 743 2096 Quod
795 2011 1137 2096 perspicue
1209 2009 1499 2077 declarat
1565 2010 1895 2094 apostolus
1911 2062 1926 2087 ,
2004 2011 2162 2076 dum
2227 2033 2499 2095 operum

545 2099 865 2165 iustitiam
928 2118 1076 2162 cum
1131 2096 1280 2161 fidei
1327 2078 1576 2162 iustitia
1618 2096 1880 2179 saepius
1924 2098 2200 2177 confert,
2258 2097 2496 2162 altera-

585 2206 671 2251 ue
725 2183 999 2249 alteram
1054 2184 1259 2248 everti
1325 2181 1510 2247 docet
1563 2183 1783 2265 (Rom.
1832 2188 1925 2260 10,
1966 2188 2032 2263 33
2088 2183 2261 2249 Phil.
2310 2188 2366 2263 3,
2406 2184 2495 2267 9).

609 2290 699 2335 ua
753 2277 973 2334 autem
1029 2267 1283 2333 ratione
1339 2268 1511 2334 hanc
1566 2268 1886 2333 iustitiam
1928 2270 2204 2334 meritus
2248 2268 2336 2336 sit
2380 2290 2498 2334 no-

540 2356 645 2422 bis
667 2353 994 2432 Christus,
1031 2362 1097 2418 et
1129 2354 1368 2438 quibus
1403 2353 1704 2438 partibus
1739 2355 2176 2434 contineatur,
2213 2356 2285 2419 in
2317 2376 2497 2440 sym-

543 2441 692 2509 bolo
735 2439 1103 2506 videbimus
1118 2492 1133 2517 ‚
1190 2438 1304 2505 ubi
1350 2441 1571 2505 omnia
1624 2438 2008 2524 siugulatim
2054 2448 2496 2519 recensentur,

544 2527 780 2611 quibus
825 2522 986 2591 fides
1032 2532 1257 2590 nostra
1299 2524 1575 2591 fundata
1619 2533 1720 2590 est
1764 2544 1840 2589 ac
1883 2525 2143 2590 nititur.

611 2733 798 2798 PER
838 2730 1139 2796 FIDEM
1188 2680 1954 2798 sANcrmmAMUa
1997 2731 2097 2795 m
2143 2730 2425 2797 LEGIS

708 2828 717 2835 ·
1185 2831 1857 2898 οΒΕΒΙΕΝΤΙΑΜ.

719 2952 1289 3037 Quemadmodum
1331 2972 1450 3016 sua
1499 2952 1754 3019 iustitia
1796 2950 2105 3018 Christus
2157 2950 2327 3036 apud
2386 2973 2500 3036 pa-

547 3051 715 3107 trem
757 3060 878 3124 pro
913 3039 1100 3105 nobis
1144 3036 1509 3115 intercedit,
1553 3046 1631 3101 ut
1674 3057 1750 3102 eo
1785 3037 1992 3103 veluti
2034 3058 2345 3121 sponsore
2378 3060 2498 3123 pro

546 3127 737 3192 iustis
786 3143 1199 3190 censeamur:
1261 3124 1352 3187 ita
1400 3122 1672 3205 spiritus
1715 3123 1819 3189 sui
1874 3122 2369 3206 participatione
2414 3124 2498 3190 ad

546 3232 805 3277 omnem
870 3210 1228 3294 puritatem
1283 3218 1349 3273 et
1414 3208 1855 3274 innocentiam
1907 3208 2285 3275 sanctificat.
2389 3208 2499 3275 Si-

545 3296 807 3381 quidem
863 3295 1185 3379 requievit
1234 3313 1436 3378 super
1490 3314 1639 3359 eum
1695 3294 1962 3376 spiritus
2004 3294 2275 3359 Domini
2332 3297 2497 3361 citra

548 3403 954 3448 mensuram:
1012 3381 1312 3465 spiritus,
1359 3379 1646 3462 inquam,
1693 3380 2051 3463 sapientiae
2096 3390 2162 3445 et
2197 3381 2495 3448 intellec-

546 3477 684 3546 tus,
730 3467 983 3535 consilii
1002 3519 1016 3544 ,
1061 3465 1463 3532 fortitudinis
1480 3516 1495 3542 ,
1540 3466 1873 3544 scientiae,
1918 3466 2175 3532 timoris
2219 3467 2494 3533 Domini

546 3555 704 3640 (Ies.
746 3560 845 3631 61,
888 3559 955 3633 1;
998 3553 1158 3618 item
1204 3557 1298 3630 ll,
1340 3554 1437 3634 2):
1487 3558 1560 3615 ut
1594 3551 1674 3616 de
1709 3552 1850 3617 eius
1889 3551 2294 3635 plenitudine
2330 3553 2492 3621 hau-

545 3642 795 3708 riamus
833 3639 1082 3716 omnes,
1128 3643 1195 3702 et
1236 3636 1514 3721 gratiam
1558 3658 1676 3721 pro
1711 3638 1927 3736 gratia
1961 3638 2217 3722 (Ioann.
2263 3644 2316 3718 1,
2362 3640 2490 3723 16).

543 3725 902 3792 Falluntur
944 3743 1098 3807 ergo
1113 3773 1128 3800 ,
1174 3723 1283 3805 qui
1327 3721 1455 3787 fide
1498 3722 1748 3789 Christi
1803 3724 2196 3808 gloriantur,
2253 3727 2492 3792 sancti-

544 3812 847 3877 ficatione
901 3809 1170 3892 spiritus
1224 3808 1365 3874 eius
1419 3830 1687 3892 prorsus
1742 3809 2054 3875 destituti.
2148 3809 2492 3877 Christum

544 3896 792 3961 facmm
848 3916 990 3960 esse
1042 3893 1227 3960 nobis
1271 3915 1404 3959 non
1447 3896 1766 3962 iustitiam
1812 3894 2004 3961 modo
2018 3947 2035 3975 ,
2092 3896 2207 3962 sed
2251 3898 2491 3963 sancti-

544 3980 918 4047 ficationem
962 3999 1241 4062 quoque,
1300 3980 1628 4063 scriptura
1671 3982 1871 4048 docet.
1960 3981 2248 4048 Proinde
2291 3983 2495 4067 recipi

545 4087 587 4131 a
649 4066 837 4132 nobis
900 4066 1153 4131 iustitia
1207 4068 1347 4133 eius
1406 4067 1535 4133 fide
1591 4088 1728 4133 non
1781 4074 2028 4151 potest,
2140 4068 2256 4133 uin
2311 4066 2492 4134 illam

547 4152 1131 4218 sanctificationem
1186 4153 1379 4218 simul
1437 4153 1927 4237 amplectamur.
2004 4154 2108 4219 Eo
2153 4174 2261 4220 em
2315 4154 2494 4219 enim

543 4245 739 4323 pacto
777 4238 1105 4303 Dominus
1122 4288 1138 4314 ,
1183 4238 1354 4321 quod
1396 4239 1469 4303 in
1513 4239 1779 4306 Christo
1820 4239 2156 4305 nobiscum
2197 4240 2377 4316 ferit,
2423 4262 2494 4306 se

545 4325 789 4389 nostris
843 4323 1291 4407 iniquitatibus
1333 4325 1689 4409 propitium
1730 4326 1890 4406 fore,
1939 4333 2007 4391 et
2042 4325 2256 4410 legem
2305 4345 2495 4390 suam

546 4408 848 4475 cordibus
881 4410 1121 4475 nostris
1142 4409 1610 4494 inscripturum
1646 4410 1987 4494 pollicetur
2021 4412 2178 4495 (Ier.
2218 4415 2319 4490 31,
2359 4411 2490 4495 33).

546 4494 702 4560 Non
756 4515 913 4579 ergo
965 4503 1226 4561 nostrae
1283 4496 1607 4564 facultatis
1660 4518 1823 4580 opus
1866 4504 1995 4576 est,
2063 4497 2228 4582 legis
2271 4498 2491 4563 obser-

545 4581 756 4657 vatiO,
812 4579 925 4646 sed
968 4580 1328 4665 spiritualis
1384 4587 1532 4662 [pag.
1574 4587 1680 4662 21]
1730 4582 2024 4650 virtutis:
2084 4604 2214 4666 qua
2253 4585 2360 4663 fit,
2418 4592 2495 4647 ut

548 4664 746 4731 corda
788 4675 1014 4733 nostra
1076 4688 1117 4731 a
1159 4687 1280 4731 sua
1322 4689 1509 4733 corru
1559 4669 1733 4734 tione
1777 4677 2245 4753 repurgentur,
2302 4678 2369 4735 et
2411 4668 2492 4733 ad

549 4750 834 4818 iustitiae
888 4751 1323 4818 obedientiam
1376 4775 1519 4820 emo
1575 4755 1810 4820 antur.
1898 4753 2044 4818 Iam
2088 4776 2243 4820 vero
2295 4755 2408 4821 lon
2456 4775 2494 4820 e

550 4835 718 4902 alius
760 4836 926 4924 legis
969 4860 1127 4903 usus
1171 4846 1272 4904 est
1315 4838 1743 4916 Christianis,
1787 4858 1980 4921 quam
2024 4840 2137 4923 qui
2180 4840 2323 4907 sine
2364 4842 2413 4906 fi
2457 4862 2495 4905 6

548 4943 693 4989 esse
736 4923 956 5007 possit.
1024 4922 1156 4990 Ubi
1193 4924 1369 4988 enim
1403 4923 1703 4991 cordibus
1739 4926 1980 4990 uostris
2013 4926 2298 4992 iustitiae
2334 4947 2492 4991 suae

549 5027 839 5074 amorem
882 5008 1226 5092 insculpsit
1273 5009 1627 5088 Dominus,
1664 5016 1939 5076 externa
1972 5011 2139 5096 legis
2180 5011 2491 5090 doctrina,

549 5113 716 5177 quae
755 5104 952 5161 antea
990 5095 1159 5160 nihil
1180 5115 1378 5179 quam
1404 5104 1546 5160 tum
1581 5093 2060 5177 imbecillitatis,
2099 5109 2241 5163 tum
2275 5105 2494 5162 trans-

550 5180 904 5264 gressionis
946 5203 1064 5248 nos
1107 5181 1478 5258 accusabat,
1533 5202 1708 5246 nunc
1760 5182 2030 5249 lucerna
2071 5191 2174 5250 est
2215 5182 2494 5268 pedibus

2196 277 2876 347 OATEGHISMUS.

4422 280 4548 344 336

2600 469 2839 535 nostris
2854 520 2868 545 ‚
2931 491 3018 534 ne
3085 492 3124 534 a
3193 476 3366 536 recto
3433 470 3669 536 itinere
3747 469 4149 536 aberremus:
4229 470 4553 553 sapientia

2597 561 2823 619 nostra
2875 562 3002 634 est,
3061 575 3188 638 qua
3231 554 3312 620 ad
3358 576 3617 622 omnem
3675 557 4124 639 integritatem
4169 556 4547 631 formemur,

2597 639 3048 719 instituamur,
3109 641 3501 707 excitemur:
3547 641 3890 725 disciplina
3935 652 4160 707 nostra
4203 650 4327 720 est,
4385 662 4551 723 quae

2598 746 2718 790 nos
2759 724 3150 809 improbiore
3193 726 3459 792 licentia
3492 727 3785 793 diffluere
3834 747 3969 792 non
4013 728 4185 795 sinat
4238 727 4375 811 (Ps.
4413 731 4548 803 119,

2606 814 2756 891 105;
2800 811 2996 876 Deut.
3036 817 3095 891 4,
3137 812 3223 896 6).

2657 1018 2784 1081 DE
2827 1015 3462 1083 ΡΟΕΝΙΤΕΝΤΙΑ
3505 1019 3624 1084 ΕΤ
3670 1016 4492 1085 REGENERA'PIONE.

2772 1153 2952 1219 Hinc
2994 1153 3130 1218 iam
3167 1154 3537 1241 intelligere
3583 1163 3959 1240 promptum
4004 1163 4125 1233 est,
4172 1177 4291 1220 cur
4329 1157 4549 1238 poeui-

2603 1239 2814 1305 tentia
2835 1260 2980 1305 cum
3004 1238 3133 1304 fide
3156 1238 3406 1306 Christi
3428 1263 3686 1325 semper
3708 1241 4170 1326 coniungatur:
4209 1263 4327 1307 cur
4348 1244 4548 1306 etiam

2598 1323 2926 1390 Dominus
2961 1325 3260 1404 affirmet,
3297 1328 3626 1392 neminem
3661 1329 3733 1391 in
3766 1349 3839 1392 re
3934 1349 4045 1392 um
4081 1326 4408 1393 coelorum
4448 1328 4550 1392 in-

2599 1410 2784 1495 gredi
2818 1432 3024 1494 posse,
3063 1412 3190 1476 nisi
3223 1413 3334 1494 qui
3371 1420 3793 1497 regeneratus
3899 1414 4026 1477 erit
4059 1412 4317 1494 (Ioann.
4358 1416 4415 1493 3,
4458 1415 4547 1494 3).

2599 1497 3015 1562 Poenitentia
3034 1498 3210 1562 enim
3234 1499 3726 1564 conversionem
3760 1499 4116 1582 significat:
4154 1520 4286 1581 qua
4319 1499 4551 1565 mundi

2599 1582 2797 1647 huius
2839 1583 3271 1666 perversitate
3307 1584 3527 1650 valere
3561 1585 3756 1661 iussa,
3803 1586 3872 1649 in
3907 1585 4098 1651 viam
4120 1584 4391 1650 Domini
4426 1606 4550 1651 nos

2599 1669 2970 1752 recipimus.
3062 1667 3367 1734 Christus
3414 1680 3634 1735 autem
3676 1679 3752 1736 ut
3796 1671 4043 1753 peccati
4078 1670 4381 1736 minister
4416 1693 4551 1736 non

2602 1763 2718 1832 est,
2764 1774 3177 1838 nequaquam
3234 1755 3379 1820 ideo
3421 1756 3735 1821 scelerum
3792 1756 4310 1838 inquinamentis
4361 1756 4553 1822 ablu-

2601 1846 2703 1905 tos
2745 1839 3033 1904 iustitiae
3075 1861 3234 1905 suae
3290 1842 3789 1926 participatione
3833 1841 4059 1919 vestit,
4113 1863 4240 1924 quo
4294 1848 4551 1908 tantam

2603 1926 2883 2009 gratiam
2936 1926 3128 1989 novis
3192 1926 3467 1992 subinde
3535 1926 3833 1993 sordibus
3899 1928 4348 2011 profanemus:
4434 1929 4554 1993 sed

2603 2017 2679 2076 ut
2718 2011 2791 2074 in
2826 2010 2956 2075 Dei
3000 2011 3169 2077 filios
3210 2013 3508 2095 cooptati,
3553 2014 3760 2080 vitam
3798 2015 4223 2096 imposterum
4259 2022 4551 2079 nostram

2601 2096 2811 2180 patris
2833 2097 3040 2161 nostri
3076 2097 3322 2182 gloriae
3357 2118 3827 2165 consecremus.
3886 2098 4106 2165 Huius
4141 2105 4362 2164 autem
4399 2120 4553 2182 poe-
4633 2150 4662 2171 .

2604 2182 2924 2247 nitentiae
2945 2182 3217 2248 effectus
3239 2205 3278 2248 a
3301 2185 3794 2267 regeneratione
3830 2192 4054 2251 nostra
4089 2184 4348 2268 pendet,
4385 2206 4553 2269 quae

2600 2268 2744 2351 ipsa
2799 2265 3051 2333 duabus
3107 2269 3404 2351 partibus
3461 2276 3742 2335 constat:
3799 2271 4016 2337 carnis
4075 2277 4340 2336 nostrae
4353 2322 4370 2349 ,
4421 2270 4555 2339 -hoc

2602 2361 2704 2419 est
2757 2354 3090 2438 ingenitae
3147 2353 3332 2421 nobis
3389 2356 3819 2439 corruptionis
3877 2356 4383 2422 mortificatione
4399 2408 4415 2435 ,
4488 2366 4554 2423 et

2602 2440 3045 2506 vivificatione
3080 2440 3404 2524 spirituali
3438 2440 3659 2526 (Rom.
3704 2447 3758 2521 6,
3800 2448 3865 2522 53
3902 2441 4042 2508 Col.
4085 2446 4140 2521 3,
4182 2445 4219 2506 3
4245 2451 4312 2507 et
4334 2442 4550 2527 alibi):

2603 2546 2733 2608 qua
2774 2524 3057 2590 hominis
3101 2533 3342 2592 natura
3382 2528 3450 2591 in
3496 2547 3680 2592 suam
3725 2528 4173 2612 integritatem
4220 2529 4552 2594 instaurar-

2604 2617 2728 2674 tur.
2795 2610 2879 2674 In
2922 2610 3288 2695 hanc-ergo
3332 2612 3824 2679 meditationem
3871 2622 4007 2679 tota
4048 2614 4189 2680 vita
4229 2615 4420 2681 nobis
4455 2624 4554 2681 est

2603 2693 3129 2774 incumbendum,
3178 2706 3251 2762 ut
3295 2703 3442 2778 [pag.
3483 2704 3590 2780 22]
3628 2707 3894 2782 peccato
3936 2701 4197 2778 mortui,
4245 2721 4320 2765 ac
4367 2700 4552 2766 nobis

2603 2781 2793 2863 ipsis,
2853 2779 3120 2847 Christo
3166 2793 3230 2848 et
3273 2784 3415 2849 eius
3460 2785 3745 2849 iustitiae
3787 2786 4105 2852 vivamus.
4197 2785 4552 2870 Quumque

2604 2867 2940 2950 generatio
2976 2868 3102 2934 ista
3137 2886 3477 2951 nunquam
3511 2870 3879 2952 impleatur,
3920 2871 4229 2954 quamdiu
4266 2871 4340 2936 in
4375 2893 4550 2938 mor-

2605 2951 2755 3018 talis
2800 2955 3102 3036 corporis-
3135 2974 3394 3021 carcere
3428 2955 3755 3041 degimus:
3802 2966 4196 3042 perpetuum
4239 2957 4324 3022 ad
4374 2979 4550 3024 mor-

2605 3046 2740 3103 tem
2783 3060 2990 3122 usque
3034 3042 3471 3123 poenitentiae
3515 3042 3805 3110 studium
3848 3044 3951 3122 sit,
3996 3051 4267 3127 oportet.

2637 3244 3103 3326 QUOMODO
3143 3244 3608 3314 BONORUM
3653 3246 4045 3315 OPERUM
4082 3250 4202 3314 ΕΤ
4246 3249 4514 3316 FIDEI

2857 3347 3268 3418 IUS'PITIA
3312 3347 3605 3417 SIMUL
3652 3349 4275 3417 CONVENIANT.

2769 3468 2963 3534 Bona
3005 3476 3227 3534 autem
3271 3488 3488 3552 opera,
3535 3491 3703 3554 quae
3745 3471 3827 3537 ab
3862 3469 4180 3536 eiusmodi
4216 3474 4549 3541 conscien-

2597 3555 2726 3621 tiae
2771 3554 3059 3636 puritate
3100 3555 3616 3636 proficiscuntur,
3660 3556 3806 3622 Deo
3850 3564 4117 3640 accepta
4156 3579 4330 3636 esse,
4377 3560 4548 3642 nihil

2597 3638 2868 3705 dubium
2910 3649 3026 3704 est.
3095 3638 3645 3724 Quandoquidem
3677 3644 3854 3708 enim
3891 3662 4083 3708 suam
4121 3643 4442 3710 iustitiam
4478 3646 4546 3711 in

2596 3725 2730 3790 illis
2765 3726 3074 3808 agnoscit,
3121 3747 3256 3791 non
3290 3735 3508 3809 potest
3541 3748 3677 3794 non
3712 3729 4073 3811 approbare
4109 3749 4186 3793 ac
4217 3751 4548 3797 commen-

2598 3811 2772 3876 dare.
2863 3808 3157 3876 Sollicite
3200 3820 3424 3877 tamen
3466 3812 3861 3894 cavendum,
3905 3834 3992 3878 ne
4036 3815 4129 3880 sio
4172 3835 4347 3882 vana
4389 3817 4548 3883 effe-

2598 3917 2824 3962 ramur
2867 3917 3092 3962 eorum
3136 3896 3404 3978 fiducia,
3452 3907 3526 3963 ut
3566 3899 3902 3965 iustificari
3948 3921 4067 3965 nos
4111 3900 4251 3966 sola
4294 3899 4549 3969 Christi

2596 3982 2726 4047 fide
2773 3982 3247 4049 obliviscamur.
3314 3983 3519 4049 Nulla
3553 3985 3795 4069 quippe
3839 3993 3938 4051 est
3979 4007 4251 4069 operum
4291 3990 4550 4054 iustitia

2596 4088 2820 4134 coram
2860 4069 3162 4148 Domino,
3208 4069 3335 4134 nisi
3378 4089 3544 4153 quae
3587 4070 3766 4137 illius
3805 4071 4092 4138 iustitiae
4136 4073 4545 4157 respondeat.

2598 4155 2830 4237 Itaque
2873 4155 2983 4237 qui
3029 4155 3111 4219 ab
3154 4153 3458 4237 operibus
3500 4157 3840 4224 iustificari
3882 4159 4165 4240 quaerit,
4222 4160 4282 4224 ei
4338 4181 4548 4227 unum

2598 4251 2714 4305 aut
2755 4233 3037 4306 alterum
3078 4261 3242 4324 opus
3293 4240 3650 4325 producere
3707 4264 3841 4308 non
3898 4244 4168 4310 sufficit:
4225 4243 4342 4311 sed
4398 4267 4546 4330 per-

2596 4327 2838 4392 fectam
2893 4325 3060 4410 legis
3118 4324 3549 4392 obedientiam
3611 4329 3846 4394 afferre
3902 4351 4164 4396 necesse
4220 4330 4451 4410 habet,
4509 4355 4548 4399 a

2598 4432 2727 4495 qua
2767 4412 3053 4495 profecto
3111 4412 3349 4479 absunt
3402 4412 3619 4481 adhuc
3668 4413 4076 4500 longissime,
4134 4416 4250 4500 qui
4303 4418 4547 4500 optime

2595 4497 2670 4562 in
2691 4495 2965 4562 Domini
2984 4496 3127 4582 lege
3150 4518 3308 4581 prae
3342 4498 3487 4564 aliis
3519 4501 3950 4582 profecerunt.
4009 4500 4268 4567 Deinde
4287 4504 4545 4570 etiamsi

2597 4604 2732 4648 uno
2767 4582 3090 4649 duntaxat
3122 4584 3290 4649 bono
3327 4604 3522 4668 opere
3558 4586 3864 4650 satisfieri
3898 4588 4023 4654 sibi
4053 4595 4388 4671 pateretur
4412 4590 4545 4655 Dei

2596 4667 2876 4750 iustitia,
2921 4690 3007 4734 ne
3052 4690 3258 4734 unum
3304 4669 3570 4752 quidem
3613 4692 3776 4755 opus
3819 4671 3890 4737 in
3935 4674 4180 4740 sanctis
4222 4674 4361 4740 suis
4403 4673 4544 4741 Do-

2597 4754 2820 4822 minus
2838 4756 3187 4834 inveniret,
3225 4757 3330 4818 cui
3355 4755 3644 4821 iustitiae
3680 4757 3937 4824 laudem
3974 4779 4091 4824 suo
4125 4760 4360 4824 merito
4395 4761 4548 4827 red-

2599 4839 2798 4907 deret.
2888 4840 3062 4906 Nam
3103 4838 3310 4918 istud,
3368 4861 3743 4924 quanquam
3782 4844 4025 4910 mirum
4067 4845 4278 4912 videri
4325 4855 4544 4930 queat,

2596 4927 3018 4992 verissimum
3061 4933 3283 4991 tamen
3328 4935 3455 4991 est:
3515 4927 3773 4993 nullum
3814 4931 4076 4996 omnino
4120 4932 4302 4998 exire
4343 4953 4383 4998 a
4427 4955 4549 4999 no-

2599 5014 2697 5079 bis
2740 5033 2901 5096 opus
2945 5032 3201 5077 summa
3241 5012 3638 5095 perfectione
3676 5024 4234 5097 consummatum,
4290 5038 4367 5083 ac
4411 5041 4548 5086 non

2598 5097 2816 5180 aliquo
2853 5096 3061 5161 veluti
3105 5117 3311 5161 naevo
3334 5097 3763 5181 inquinatum.
3836 5099 4058 5183 Quare
4080 5123 4283 5185 quum
4313 5124 4547 5187 pecca-

2598 5191 2772 5247 tores
2807 5182 3010 5247 simus
3045 5202 3287 5260 omnes,
3327 5192 3393 5248 et
3425 5184 3729 5269 plurimis
3769 5187 4073 5254 vitiorum
4109 5188 4401 5273 reliquiis
4439 5211 4545 5258 as-
