4984 5975
2073 334 2812 405 PROLEGOMENA.
3041 261 3076 290 f
4271 342 4453 412 XXI

431 524 4148 613 maximaexpartesicimpevitiutnerefhdatiquuidemeqeant,quasiexeoquodquispiamcertoloco
4192 530 4457 599 breviter

428 635 785 719 scripserit,
827 636 1042 701 statim
1084 637 1478 702 statuendum
1518 637 1607 703 sit
1644 637 1799 720 quid
1837 638 2100 721 quisque
2139 639 2217 704 de
2257 638 2542 722 doymate
2596 641 2894 722 quopiam
2937 641 3211 706 senserit.
3296 641 3443 706 Alii
3483 641 3795 723 quasdam
3835 643 3973 708 eius
4011 642 4458 724 explicationes

434 769 568 815 non
598 747 891 831 probant.
979 746 1071 813 Et
1110 767 1266 814 sane
1306 749 1490 814 modo
1530 748 1694 815 nihil
1735 750 1986 816 dicatur
2028 750 2193 830 quod
2246 769 2387 815 cum
2425 748 2580 831 fidei
2620 749 2916 835 analoqia
2956 770 3085 816 non
3122 754 3474 831 consentiat,
3517 773 3707 818 suum
3748 752 3848 818 hic
3879 755 4103 836 cuique
4143 755 4457 830 iudicium

432 859 705 925 liberum
748 879 880 925 esse
925 864 1176 942 oportet,
1218 863 1274 924 d
1314 860 1587 942 spiritus
1621 860 2068 943 prophetatum
2101 860 2429 942 prophetis
2470 861 2791 927 subiectos.
2885 860 3010 928 Sed
3033 883 3213 943 -quae
3255 863 3403 931 haec
3447 870 3538 929 est
3576 864 3975 945 improbitas,
4017 865 4248 931 donotm
4288 866 4455 933 illud

430 971 975 1053 interpretationis
1016 971 1316 1038 excellens
1346 973 1512 1054 quod
1551 971 1699 1039 huic
1740 971 1984 1037 homini
2025 971 2207 1037 Deus
2245 979 2651 1053 concesserat,
2706 973 2837 1039 sive
2879 974 3104 1040 iudicii
3141 995 3418 1054 acumen,
3464 976 3597 1040 sive
3641 975 4052 1042 eruditionem
4065 1027 4080 1057 ,
4132 979 4267 1043 sive
4306 998 4454 1044 can-

428 1083 653 1148 dorem
684 1087 931 1164 spectes,
976 1083 1072 1148 vel
1107 1084 1442 1166 aspemari
1462 1105 1756 1166 prorsus,
1796 1083 1892 1149 vel
1923 1083 2347 1164 dissimulare,
2389 1089 2457 1150 ut
2491 1084 2797 1150 nonnulla
2831 1090 2942 1149 aut
2972 1105 3097 1152 non
3131 1087 3592 1168 animadversa,
3632 1091 3744 1151 aut
3775 1087 3937 1153 satis
3968 1089 4252 1170 apposite
4284 1089 4456 1155 dicta

431 1193 860 1278 reprehendas
873 1193 909 1258 ?
1002 1194 1149 1258 Non
1197 1195 1414 1260 minus
1469 1196 1683 1278 iniqui
1732 1200 1895 1274 sunt,
1950 1195 2063 1275 qui
2103 1196 2271 1277 quod
2310 1217 2436 1261 non
2478 1195 2720 1262 iisdem'
2749 1201 2932 1278 atque
2973 1198 3125 1264 aliis
3163 1199 3467 1281 formulis
3518 1205 3632 1263 aut
3684 1198 4181 1265 distinctionibus
4215 1204 4451 1280 utatur,

438 1305 638 1372 veluti
692 1305 861 1388 quod
908 1305 1096 1386 fidem
1147 1326 1276 1371 non
1330 1306 1547 1389 fecerit
1589 1308 2007 1389 poenitentiae
2037 1311 2317 1389 pam,
2374 1309 2540 1390 quod
2582 1309 2791 1374 cordis
2833 1309 3257 1375 contritionem
3298 1331 3423 1376 non
3465 1316 3630 1376 vocet
3671 1309 4231 1390 mortificationem,
4288 1311 4455 1393 quod

439 1416 717 1483 venialis
760 1422 819 1482 et
857 1419 1147 1484 mortalis
1175 1419 1415 1502 peccati
1457 1418 1844 1484 distinctione
1884 1439 2009 1484 non
2045 1423 2288 1498 utatur,
2345 1420 2510 1501 quod
2551 1441 2674 1485 non
2713 1420 2926 1486 doceat
2962 1420 3150 1502 fidem
3191 1427 3248 1486 et
3287 1442 3460 1502 spem
3503 1422 3866 1503 adoptionis
3909 1423 4133 1501 amitti,
4171 1422 4341 1504 ferre
4379 1424 4453 1488 in

427 1530 579 1611 ipso
614 1549 737 1595 non
769 1535 1059 1610 possunt,
1102 1535 1161 1595 et
1201 1531 1580 1596 occasionem
1622 1531 2014 1597 adversariis
2054 1550 2169 1596 nos
2210 1535 2514 1612 tanquam
2554 1531 2923 1597 dissidentes
2962 1533 3304 1598 accusandi
3333 1533 3649 1616 praebent,
3693 1553 3885 1614 quum
3925 1538 4162 1612 tamen,
4206 1533 4267 1597 si
4308 1534 4456 1615 quis

440 1643 663 1707 omnia
692 1641 971 1723 propius
1011 1642 1334 1724 expendat,
1378 1643 1475 1707 vel
1513 1641 1772 1722 nullum,
1813 1642 1908 1708 vel
1950 1641 2280 1708 leviculum
2320 1643 2393 1707 in
2434 1642 2620 1707 rebus
2664 1644 2829 1723 ipsis
2871 1643 3220 1709 dissidium
3262 1663 3391 1709 esse
3433 1645 3521 1709 sit
3562 1649 4005 1727 comperturus,
4047 1644 4145 1709 vel
4182 1645 4453 1727 fortasse

432 1753 641 1837 (quod
680 1751 1047 1834 confidenter
1085 1752 1254 1836 dico)
1303 1751 1636 1819 Calvinum
1692 1755 1778 1820 sit
1825 1753 2073 1846 tandem
2127 1753 2432 1835 fassurus
2472 1773 2601 1817 non
2658 1754 2736 1819 ab
2777 1775 2847 1820 re
2897 1756 2975 1821 de
3012 1754 3388 1837 quibusdam
3434 1755 3633 1839 paulo
3675 1757 3862 1822 aliter
3902 1756 4160 1823 dixisse.
4254 1756 4457 1838 Quasi

430 1884 586 1930 vero
640 1865 711 1929 in
764 1863 1077 1930 veteribus·
1111 1865 1301 1930 etiam
1352 1865 1491 1932 illis
1531 1886 1682 1947 quos
1724 1865 2016 1931 nonnulli
2060 1863 2271 1929 volunt
2317 1865 2485 1929 omni
2520 1866 2870 1948 exceptione
2910 1887 3041 1932 esse
3082 1868 3365 1946 maiores,
3411 1869 3624 1934 eadem
3666 1874 3777 1933 aut
3818 1868 4114 1934 similiter
4153 1887 4455 1949 eapressa

432 1976 660 2042 omnia
701 1976 1180 2058 comperiantur.
1266 1975 1413 2042 Alii
1454 1977 1716 2059 denique
1755 1978 1970 2059 ipsum
2010 1982 2084 2042 ut
2124 1975 2555 2059 blasphemum
2598 1981 2654 2041 et
2696 1977 2968 2060 impium
3000 1983 3310 2044 accusant.
3406 1979 3680 2061 Quinam
3733 1981 3804 2047 id
3845 1998 3988 2046 vero
4001 1979 4038 2044 ἓ
4083 1980 4239 2063 quia
4281 1980 4453 2046 scili-

433 2093 532 2153 cet
570 2086 787 2153 Deum
822 2087 980 2169 facit
1009 2088 1247 2169 peccati
1290 2094 1628 2170 auctorem,
1682 2091 1795 2172 qui
1838 2095 2070 2169 tamen,
2127 2087 2522 2153 stertentibus
2559 2087 2706 2154 istis
2747 2089 3243 2173 religiosissimis
3270 2091 3536 2172 pietatis
3575 2091 4034 2176 defensoribus,
4087 2090 4200 2156 hoc
4240 2091 4454 2175 ipsum

427 2200 665 2283 doyma
697 2199 771 2264 in
813 2198 1159 2266 Libertinis
1199 2219 1276 2265 ex
1306 2202 1593 2284 professo
1634 2200 1927 2285 coaryuit.
2018 2199 2214 2266 Stoici
2252 2200 2380 2282 fati
2418 2199 2641 2280 doyma
2683 2201 2978 2267 nonnulli
3018 2202 3205 2265 etiam
3245 2202 3376 2283 ipsi
3416 2203 3787 2287 impinqunt,
3832 2202 3919 2268 D.
3945 2202 4265 2306 Philippi
4307 2224 4454 2270 auc-
4583 2235 4594 2268 ι

438 2312 701 2377 too-itate
736 2311 1071 2391 abutentes,
1114 2312 1229 2394 qui
1270 2315 1475 2377 tamen
1516 2311 1631 2379 hac
1672 2313 1819 2395 ipsa
1854 2313 1933 2377 de
1971 2331 2042 2376 re
2085 2311 2170 2375 ad
2212 2307 2542 2375 Calvinum
2582 2310 2872 2391 scribens,
2922 2311 3083 2391 Scio,
3127 2313 3353 2396 inquit,
3398 2320 3613 2379 nostra
3653 2335 3796 2382 cum
3836 2315 3967 2380 tuis
3987 2332 4274 2396 ,prorsus
4311 2334 4454 2379 con-

427 2443 682 2508 yruere.
772 2420 900 2490 Sed
939 2426 1155 2488 nostra
1195 2424 1500 2510 παχύτερα
1549 2429 1712 2505 sunt,
1770 2428 1825 2489 et
1865 2424 1951 2489 ad
1992 2421 2167 2505 vulqi
2224 2427 2471 2502 captum
2516 2423 3092 2494 accommodatiora.
3183 2424 3267 2488 In
3322 2427 3440 2494 has
3481 2431 3690 2492 autem
3733 2427 4122 2493 eruditorum
4162 2426 4451 2492 virorum

432 2534 870 2601 accusationes
905 2534 1182 2601 incidere
1232 2555 1334 2602 eos
1385 2539 1647 2618 oportet,
1705 2535 1818 2617 qui
1858 2534 1953 2598 vel
1995 2553 2204 2598 eorum
2246 2533 2503 2622 scripta,
2549 2553 2703 2614 quos
2741 2539 2945 2600 tamen
2985 2536 3217 2601 audent
3255 2531 3695 2615 reprehendere
3710 2579 3740 2610 ,.
3786 2535 4007 2598 attente
4048 2553 4176 2599 non
4217 2537 4454 2620 189·ωὲ

429 2647 536 2712 vel
567 2646 1048 2730 praeiudicata-3
1088 2647 1417 2727 opiniones
1458 2647 1727 2729 afferunt
1767 2665 1927 2728 quae
1967 2645 2253 2727 ipsorum
2292 2642 2641 2710 luminibus
2681 2647 3012 2729 manifeste
3056 2645 3372 2728 officiunt.-
3408 2649 3521 2712 aut
3561 2664 3639 2709 esc
3669 2643 3948 2718 aliorum
3975 2646 4200 2726 potius
4240 2668 4448 2729 sensu,

422 2778 634 2842 quam
672 2757 877 2823 anioni
917 2758 1158 2824 iudicio
1201 2757 1536 2840 loquuntur
1590 2763 1646 2824 ct
1684 2757 1979 2824 scribunt.
2073 2755 2248 2837 Quod
2289 2755 2377 2820 ad
2416 2774 2518 2820 eos
2558 2760 2765 2821 autem
2820 2757 3037 2823 attin&
3076 2758 3189 2839 qui
3230 2757 3416 2825 illum
3456 2761 3527 2822 ut
3568 2737 3923 2838 Animum,
3981 2763 4096 2822 aut
4133 2759 4213 2824 de
4252 2759 4453 2825 tribus

430 2869 881 2955 hgfflostasibus
934 2890 1059 2958 non
1108 2874 1263 2935 recte
1316 2870 1669 2935 sentientem
1722 2872 2017 2936 accusant
2033 2918 2047 2945 ,
2101 2887 2222 2948 quo
2265 2872 2470 2931 tamen
2514 2867 2765 2934 nullum
2808 2868 3119 2934 acriorem
3155 2869 3602 2936 adversarium
3643 2867 3877 2936 nostris
3920 2868 4298 2953 temporibus
4338 2870 4452 2938 ha-

427 2983 705 3049 buerunt
756 2982 1064 3048 trinitatis
1117 2988 1230 3047 aut
1281 2981 1531 3047 deitatis
1576 2980 1812 3047 Christi
1864 2979 2092 3061 hostes,
2142 2999 2268 3044 non
2318 2997 2535 3045 recuso
2589 2981 2748 3063 quin
2802 3002 2882 3045 ex
2935 2981 3150 3064 ipsius
3199 2981 3455 3062 seriptis
3508 2978 3816 3046 iudicium
3842 2978 3978 3062 fiat.
4069 2978 4315 3049 Certum
4361 2989 4455 3051 est

428 3094 673 3162 scilicet
712 3073 1056 3176 impietatis
1096 3095 1331 3160 crimen
1370 3094 1532 3158 inter
1573 3094 1638 3159 A
1683 3114 1752 3158 se
1807 3098 1864 3157 et
1903 3094 2037 3160 Per
2079 3117 2150 3162 se
2195 3117 2274 3161 ex
2315 3094 2684 3163 scholastica
2735 3092 3035 3178 theoloyia
3085 3113 3211 3160 non
3251 3083 3474 3175 ubique
3520 3091 3921 3159 distinxisse.-
3963 3098 4020 3159 et
4068 3094 4277 3175 filium
4318 3115 4452 3160 8338

428 3205 655 3275 Deum
694 3207 772 3272 ae
815 3204 956 3271 Deo
1008 3210 1194 3290 neyat
1244 3205 1355 3289 qm·
1396 3206 1651 3271 unicam
1703 3225 1779 3270 ac
1818 3205 2204 3289 simularem
2245 3184 2388 3274 ‘esse
2425 3206 2555 3274 Des
2591 3205 2806 3288 patris·
2860 3226 2934 3272 aa
2977 3203 3110 3285 fini
3165 3203 3451 3271 maten
3490 3204 3715 3270 docuit.
3806 3203 3933 3272 Sea
3974 3204 4141 3272 azzae
4179 3206 4450 3288 capitale

424 3318 750 3383 nionirum
803 3317 1037 3383 crimen
1089 3322 1207 3397 est,
1261 3318 1429 3401 quod
1479 3336 1706 3400 corpus
1759 3317 1925 3383 illud
1971 3315 2206 3385 Christi
2248 3319 2404 3385 alibi
2443 3336 2613 3384 nunc
2644 3337 2772 3383 non
2805 3337 2937 3383 esse
2980 3337 3172 3400 quam
3212 3319 3286 3383 in
3327 3318 3538 3397 coelis,
3594 3338 3668 3384 ac
3698 3317 3973 3398 proinde
4023 3337 4148 3382 non
4193 3338 4300 3383 ore
4339 3320 4453 3387 sed

420 3430 561 3512 fide
598 3428 736 3495 sola
750 3478 767 3508 ,
819 3449 961 3494 vere
1004 3433 1226 3509 tamen,
1269 3430 1522 3511 percipi
1562 3430 1635 3493 in
1673 3448 1861 3496 coena
1896 3450 2134 3513 quoque
2164 3430 2431 3497 Domini
2468 3435 2818 3497 constanter
2858 3428 3084 3508 docuit,
3127 3434 3187 3494 et
3226 3428 3734 3495 sacramentalem
3773 3429 4068 3494 unionem
4100 3427 4209 3494 hoc
4250 3449 4451 3496 unum

426 3541 783 3623 requirere.
799 3541 1020 3619 sensit,
1076 3545 1147 3605 ut
1184 3541 1349 3622 quod
1390 3541 1567 3625 siyno
1610 3541 1903 3607 adiuncto
1934 3543 2325 3622 promittitur
2360 3562 2502 3608 vere
2543 3542 2855 3623 offeratur,
2897 3560 3020 3607 non
3062 3540 3210 3606 item
3249 3545 3323 3607 ut
3362 3540 3569 3606 eodem
3606 3539 3729 3606 loco
3771 3541 4024 3625 siquam
4064 3544 4122 3605 ct
4161 3539 4449 3607 substan-

426 3654 567 3719 tiae
605 3649 1001 3737 siqniftcatae
1041 3656 1411 3717 statuantur.
1498 3652 1671 3717 Hinc
1703 3652 1814 3718 isti
1854 3653 2171 3734 clamores,
2216 3654 2437 3738 neqari
2480 3653 2614 3720 Dei
2654 3653 3157 3734 omnipotentiam
3170 3703 3186 3732 ,
3241 3653 3328 3719 ad
3370 3652 3641 3718 nihilum
3682 3652 3888 3737 rediqi
3923 3651 4051 3732 filii
4093 3650 4223 3716 Dei
4264 3656 4447 3719 testa-

423 3768 727 3843 mentum,
768 3763 1063 3847 separari
1102 3769 1370 3829 naturas
1408 3765 1481 3829 in
1518 3761 1803 3843 Christo,
1844 3771 1902 3830 et
1942 3770 2215 3831 caeterae
2256 3765 2565 3831 eiusmodi
2591 3764 2859 3845 putidae
2899 3764 3270 3844 colmiae,
3315 3758 3475 3847 quas
3507 3766 3919 3848 indignantur
3959 3764 4311 3845 quicunque
4349 3764 4450 3829 vel

424 3876 653 3942 leviter
692 3874 917 3940 imbuti
950 3879 1098 3940 sunt
1133 3874 1460 3958 reliqionis
1493 3875 1873 3942 christianae
1905 3878 2132 3942 notitia
2172 3876 2252 3942 ab
2284 3877 2375 3941 iis
2402 3874 2726 3958 proficisci
2748 3876 3035 3956 potuisse
3077 3876 3190 3957 qui
3224 3876 3496 3943 doctores
3528 3881 3907 3943 caeterorum
3950 3873 4165 3940 haberi
4206 3875 4452 3941 volunt.-

426 4008 511 4054 ac
555 4008 680 4053 non
709 3987 928 4070 potius
968 3986 1049 4051 ab
1090 3986 1376 4053 omnibus
1400 4007 1525 4070 pro
1566 3987 1788 4068 impiis
1825 4008 1900 4053 ac
1942 3988 2320 4071 blasphemis
2359 3987 2576 4053 haberi
2617 3988 2731 4071 qui
2761 3986 3210 4071 hypostaticam
3251 3989 3544 4054 unionem
3576 3988 3712 4054 sola
3754 3987 4006 4053 deitatis
4048 3988 4305 4071 enei-qia
4345 3985 4450 4051 de-
4565 3992 4580 4085 J

426 4099 668 4182 finiunt
711 4118 852 4163 cum
889 4098 1180 4165 Nestorio
1211 4103 1268 4164 et
1302 4097 1795 4182 Monophysitis:
1838 4105 1896 4164 et
1936 4100 2244 4166 idiomata
2297 4100 2548 4165 deitatis
2588 4100 2658 4164 in
2702 4118 2953 4165 comem
2994 4120 3066 4164 re
3106 4100 3254 4182 ipsa
3295 4101 3496 4182 effusa
3536 4119 3677 4165 cum
3719 4097 4051 4181 Eutychete
4091 4102 4301 4180 aperte
4340 4100 4448 4166 do—

427 4215 601 4277 cent:
641 4209 1137 4277 incarnationem
1179 4229 1319 4275 cum
1361 4212 1733 4290 ascensione,
1777 4216 1834 4277 et
1871 4211 2033 4277 hanc
2071 4231 2336 4277 rursum
2376 4230 2521 4277 cum
2561 4210 2837 4277 sessione
2879 4209 2965 4276 ad
2996 4211 3313 4277 deoeteram
3339 4212 3557 4293 patris
3581 4210 3997 4295 confundunt,
4041 4210 4152 4293 qui
4192 4210 4447 4277 unicam

428 4323 693 4389 deitatis
738 4342 866 4403 per
906 4341 1158 4387 carnem
1210 4322 1628 4403 operationem
1681 4341 1823 4387 cum
1870 4321 2292 4389 Monothelitis
2332 4327 2640 4405 statuunt,
2695 4322 2957 4405 denique
2997 4343 3195 4406 usque
3236 4321 3391 4388 adeo
3430 4327 3580 4388 sunt
3620 4321 4019 4403 impudentes,
4061 4328 4133 4387 ut
4170 4320 4266 4387 vel
4301 4340 4446 4386 cum

426 4433 552 4500 ino
603 4433 955 4500 detestando
1003 4431 1225 4499 Severo
1270 4434 1387 4498 uni
1445 4432 1761 4516 eidemque
1799 4433 2063 4500 subiecto
2105 4434 2228 4499 duo
2270 4435 2702 4518 repuqnantia,
2747 4454 2965 4517 nempe
3008 4434 3507 4515 circumcriptum
3550 4452 3697 4513 esse,
3741 4438 3797 4500 et
3835 4434 4444 4515 incircumscriptum

422 4565 567 4613 esse
601 4544 976 4613 attribuant.-
1009 4545 1106 4609 vel
1140 4564 1282 4611 cum
1310 4543 1719 4610 Marcionitis
1750 4564 1999 4612 carnem
2024 4544 2262 4611 Christi
2295 4546 2367 4610 in
2399 4552 2710 4626 spectrum
2743 4547 3203 4630 transforment.
3276 4544 3400 4610 Sed
3420 4546 3498 4610 de
3518 4545 3640 4625 his,
3667 4546 4043 4613 cessantibus
4075 4544 4272 4610 huius
4306 4565 4443 4611 sae-

422 4657 564 4725 culi
596 4656 950 4722 hominibus
990 4675 1149 4738 quos
1192 4656 1428 4722 erroris
1469 4655 1750 4739 efficacia
1788 4657 2146 4739 fascinavit,
2187 4662 2317 4722 tum
2349 4658 2716 4739 posteritas,
2753 4664 2886 4723 tum
2919 4658 3057 4739 ipse
3097 4657 3345 4723 tandem
3381 4656 3513 4723 Dei
3552 4657 3729 4729 tilius
3771 4662 3924 4724 certe
3957 4656 4276 4723 iudicabit.
4356 4656 4446 4723 Et
4525 4732 4534 4741 ¹

418 4770 508 4835 de
550 4767 654 4834 his
695 4768 946 4850 quidem
981 4769 1045 4833 is
1081 4772 1433 4847 accusatur,
1478 4769 1660 4834 cuius
1702 4770 1864 4833 istas
1906 4769 2302 4834 tractationes
2344 4771 2417 4834 in
2457 4789 2656 4834 unum
2697 4770 2983 4837 volumen
3023 4769 3324 4835 coniectas
3362 4789 3527 4834 nunc
3566 4771 3829 4849 edimus,
3874 4769 3950 4834 de
3988 4768 4215 4852 quibus
4251 4770 4448 4836 docto-

418 4901 601 4961 ratu,
640 4885 712 4945 ut
753 4899 963 4960 spero,
1021 4879 1298 4945 omnium
1339 4899 1640 4944 consensu
1678 4880 1882 4947 dicere
1922 4856 2232 4962 mihifas
2273 4884 2390 4961 est,
2446 4882 2557 4946 vix
2588 4881 2788 4947 ullam
2830 4882 2944 4946 hoc
2984 4884 3188 4946 nostro
3229 4881 3470 4948 saeculo
3508 4882 3712 4963 fuisse
3753 4886 4135 4959 renovatam,
4194 4886 4308 4946 aut
4346 4901 4444 4946 re-

422 5011 584 5059 cens
618 4974 1021 5075 aeoffitatam
1055 4990 1360 5071 haeresin,
1398 5010 1560 5073 quae
1584 5011 1709 5056 non
1732 4991 1819 5057 sit
1852 4992 1923 5056 in
1943 4990 2045 5058 his
2081 4990 2317 5071 laeuis,
2350 4991 2747 5073 tenuissimis
2779 4991 3297 5073 satanamque
3330 4993 3555 5058 eximo
3573 4992 3704 5059 Des·
3734 4991 3910 5058 verbo
3931 4992 4155 5073 petitis
4185 4993 4448 5058 rationi-

419 5105 571 5183 bus,
612 5103 901 5184 refutata.
995 5100 1158 5167 Fuit
1197 5103 1364 5168 enim
1402 5101 1579 5168 homo
1621 5104 1737 5168 iste
1780 5121 1847 5168 eo
1892 5103 2120 5170 iudicii
2163 5104 2477 5184 acumine,
2536 5125 2726 5187 eaque
2767 5103 3030 5170 bonitate
3071 5103 3324 5188 inqenii,
3368 5104 3498 5171 Dei
3539 5102 3844 5185 beneficia,
3873 5104 4224 5187 fflaeditus,
4265 5110 4336 5171 ut
4369 5106 4442 5170 in

412 5213 761 5300 quibusvis
814 5213 1250 5279 controversiis
1305 5214 1518 5279 statim
1571 5215 1725 5296 quid
1773 5215 1845 5279 in
1888 5215 2309 5297 quaestionem
2349 5216 2606 5295 veniret,
2665 5214 3207 5298 animadverteret,
3263 5220 3320 5281 et
3360 5234 3588 5282 causae
3628 5215 3842 5299 iuqulo
3888 5216 4103 5297 petito,
4158 5216 4442 5283 veritatis
4539 5206 4544 5217 ’
