<?xml version="1.0" encoding="UTF-8"?>
<!DOCTYPE html PUBLIC "-//W3C//DTD XHTML 1.0 Transitional//EN"
    "http://www.w3.org/TR/xhtml1/DTD/xhtml1-transitional.dtd">
<html xmlns="http://www.w3.org/1999/xhtml" xml:lang="en" lang="en">
 <head>
  <title>
</title>
<meta http-equiv="Content-Type" content="text/html;charset=utf-8" />
  <meta name='ocr-system' content='tesseract 3.04.00' />
  <meta name='ocr-capabilities' content='ocr_page ocr_carea ocr_par ocr_line ocrx_word'/>
</head>
<body>
  <div class='ocr_page' id='page_1' title='image "./ioanniscalvinio14unkngoog_0108.png"; bbox 0 0 4984 5975; ppageno 0'>
   <div class='ocr_carea' id='block_1_1' title="bbox 650 331 728 391">
    <p class='ocr_par' dir='ltr' id='par_1_1' title="bbox 650 331 728 391">
     <span class='ocr_line' id='line_1_1' title="bbox 650 331 728 391; baseline 0 0"><span class='ocrx_word' id='word_1_1' title='bbox 650 331 728 391; x_wconf 84' lang='lat'><strong><em>91</em></strong></span> 
     </span>
    </p>
   </div>
   <div class='ocr_carea' id='block_1_2' title="bbox 648 505 2600 838">
    <p class='ocr_par' dir='ltr' id='par_1_2' title="bbox 648 505 2600 838">
     <span class='ocr_line' id='line_1_2' title="bbox 1264 505 1917 634; baseline -0.006 -69"><span class='ocrx_word' id='word_1_2' title='bbox 1264 508 1764 634; x_wconf 48' lang='grc' dir='ltr'><strong><em>ξεῶἒέγοοῃιωυιὲι</em></strong></span> <span class='ocrx_word' id='word_1_3' title='bbox 1801 505 1917 562; x_wconf 69' lang='lat' dir='ltr'><strong><em>fuit.</em></strong></span> 
     </span>
     <span class='ocr_line' id='line_1_3' title="bbox 649 616 2600 751; baseline -0.007 -17"><span class='ocrx_word' id='word_1_4' title='bbox 649 670 783 735; x_wconf 86' lang='lat' dir='ltr'><strong><em>Hic</em></strong></span> <span class='ocrx_word' id='word_1_5' title='bbox 842 668 1094 751; x_wconf 88' lang='lat' dir='ltr'><strong><em>quoties</em></strong></span> <span class='ocrx_word' id='word_1_6' title='bbox 1159 686 1200 730; x_wconf 94' lang='lat' dir='ltr'><strong><em>a</em></strong></span> <span class='ocrx_word' id='word_1_7' title='bbox 1253 662 1510 730; x_wconf 83' lang='lat' dir='ltr'><strong><em>Seneca</em></strong></span> <span class='ocrx_word' id='word_1_8' title='bbox 1564 616 1950 745; x_wconf 74' lang='lat' dir='ltr'><strong><em>usurpatur,</em></strong></span> <span class='ocrx_word' id='word_1_9' title='bbox 2018 657 2469 742; x_wconf 86' lang='lat' dir='ltr'><strong><em>accipiendum</em></strong></span> <span class='ocrx_word' id='word_1_10' title='bbox 2527 657 2600 721; x_wconf 89' lang='lat' dir='ltr'><strong><em>in</em></strong></span> 
     </span>
     <span class='ocr_line' id='line_1_4' title="bbox 648 756 1202 838; baseline -0.011 -17"><span class='ocrx_word' id='word_1_11' title='bbox 648 756 887 821; x_wconf 86' lang='lat' dir='ltr'><strong><em>malam</em></strong></span> <span class='ocrx_word' id='word_1_12' title='bbox 928 759 1202 838; x_wconf 89' lang='lat' dir='ltr'><strong><em>partem.</em></strong></span> 
     </span>
    </p>
   </div>
   <div class='ocr_carea' id='block_1_3' title="bbox 1366 1020 1876 1088">
    <p class='ocr_par' dir='ltr' id='par_1_3' title="bbox 1366 1020 1876 1088">
     <span class='ocr_line' id='line_1_5' title="bbox 1366 1020 1876 1088; baseline -0.008 0"><span class='ocrx_word' id='word_1_13' title='bbox 1366 1021 1670 1088; x_wconf 71' lang='lat' dir='ltr'><strong>CAPUT</strong></span> <span class='ocrx_word' id='word_1_14' title='bbox 1716 1020 1876 1086; x_wconf 80' lang='lat' dir='ltr'><strong><em>XII.</em></strong></span> 
     </span>
    </p>
   </div>
   <div class='ocr_carea' id='block_1_4' title="bbox 572 1155 2618 5050">
    <p class='ocr_par' dir='ltr' id='par_1_4' title="bbox 572 1155 2616 4425">
     <span class='ocr_line' id='line_1_6' title="bbox 820 1155 2602 1243; baseline -0.005 -15"><span class='ocrx_word' id='word_1_15' title='bbox 820 1169 970 1243; x_wconf 75' lang='lat' dir='ltr'><strong><em>[pag.</em></strong></span> <span class='ocrx_word' id='word_1_16' title='bbox 994 1167 1102 1242; x_wconf 82' lang='lat'><strong><em>82]</em></strong></span> <span class='ocrx_word' id='word_1_17' title='bbox 1155 1161 1323 1243; x_wconf 76' lang='lat' dir='ltr'><strong><em>Quid</em></strong></span> <span class='ocrx_word' id='word_1_18' title='bbox 1343 1159 1533 1243; x_wconf 75' lang='lat' dir='ltr'><strong><em>erqo?</em></strong></span> <span class='ocrx_word' id='word_1_19' title='bbox 1590 1158 1736 1223; x_wconf 90' lang='lat' dir='ltr'><strong><em>Non</em></strong></span> <span class='ocrx_word' id='word_1_20' title='bbox 1757 1178 1930 1241; x_wconf 69' lang='lat' dir='ltr'><strong><em>reyes</em></strong></span> <span class='ocrx_word' id='word_1_21' title='bbox 1950 1176 2190 1239; x_wconf 86' lang='lat' dir='ltr'><strong><em>quoque</em></strong></span> <span class='ocrx_word' id='word_1_22' title='bbox 2217 1155 2482 1222; x_wconf 82' lang='lat' dir='ltr'><strong><em>occidere</em></strong></span> <span class='ocrx_word' id='word_1_23' title='bbox 2508 1175 2602 1218; x_wconf 91' lang='lat' dir='ltr'><strong><em>so-</em></strong></span> 
     </span>
     <span class='ocr_line' id='line_1_7' title="bbox 646 1242 2600 1330; baseline -0.006 -14"><span class='ocrx_word' id='word_1_24' title='bbox 646 1249 816 1316; x_wconf 73' lang='lat' dir='ltr'><strong><em>lent?</em></strong></span> <span class='ocrx_word' id='word_1_25' title='bbox 886 1247 1009 1314; x_wconf 85' lang='lat' dir='ltr'><strong><em>Sed</em></strong></span> <span class='ocrx_word' id='word_1_26' title='bbox 1036 1249 1269 1330; x_wconf 84' lang='lat' dir='ltr'><strong><em>quoties</em></strong></span> <span class='ocrx_word' id='word_1_27' title='bbox 1297 1248 1366 1312; x_wconf 87' lang='lat' dir='ltr'><strong><em>id</em></strong></span> <span class='ocrx_word' id='word_1_28' title='bbox 1391 1245 1537 1326; x_wconf 76' lang='lat' dir='ltr'><strong><em>fieri</em></strong></span> <span class='ocrx_word' id='word_1_29' title='bbox 1555 1244 1814 1328; x_wconf 86' lang='lat' dir='ltr'><strong><em>publica</em></strong></span> <span class='ocrx_word' id='word_1_30' title='bbox 1841 1244 2086 1308; x_wconf 86' lang='lat' dir='ltr'><strong><em>utilitas</em></strong></span> <span class='ocrx_word' id='word_1_31' title='bbox 2103 1242 2470 1323; x_wconf 80' lang='lat' dir='ltr'><strong><em>persuadet.-</em></strong></span> <span class='ocrx_word' id='word_1_32' title='bbox 2509 1246 2600 1323; x_wconf 76' lang='lat' dir='ltr'><strong><em>ty-</em></strong></span> 
     </span>
     <span class='ocr_line' id='line_1_8' title="bbox 648 1326 2601 1413; baseline -0.005 -13"><span class='ocrx_word' id='word_1_33' title='bbox 648 1337 879 1402; x_wconf 87' lang='lat' dir='ltr'><strong><em>rannis</em></strong></span> <span class='ocrx_word' id='word_1_34' title='bbox 911 1334 1173 1400; x_wconf 84' lang='lat' dir='ltr'><strong><em>saevitia</em></strong></span> <span class='ocrx_word' id='word_1_35' title='bbox 1213 1332 1387 1398; x_wconf 89' lang='lat' dir='ltr'><strong><em>cordi</em></strong></span> <span class='ocrx_word' id='word_1_36' title='bbox 1431 1336 1537 1396; x_wconf 87' lang='lat' dir='ltr'><strong><em>est.</em></strong></span> <span class='ocrx_word' id='word_1_37' title='bbox 1625 1331 1968 1413; x_wconf 76' lang='lat' dir='ltr'><strong><em>Tyrannus</em></strong></span> <span class='ocrx_word' id='word_1_38' title='bbox 2012 1333 2218 1394; x_wconf 65' lang='lat' dir='ltr'><strong><em>autern</em></strong></span> <span class='ocrx_word' id='word_1_39' title='bbox 2255 1348 2298 1391; x_wconf 88' lang='lat' dir='ltr'><strong><em>a</em></strong></span> <span class='ocrx_word' id='word_1_40' title='bbox 2332 1347 2471 1410; x_wconf 79' lang='lat' dir='ltr'><strong><em>reqe</em></strong></span> <span class='ocrx_word' id='word_1_41' title='bbox 2503 1326 2601 1392; x_wconf 90' lang='lat' dir='ltr'><strong><em>di-</em></strong></span> 
     </span>
     <span class='ocr_line' id='line_1_9' title="bbox 645 1412 2600 1503; baseline -0.006 -15"><span class='ocrx_word' id='word_1_42' title='bbox 645 1426 771 1488; x_wconf 82' lang='lat' dir='ltr'><strong><em>stat</em></strong></span> <span class='ocrx_word' id='word_1_43' title='bbox 799 1421 1004 1503; x_wconf 82' lang='lat' dir='ltr'><strong><em>factis,</em></strong></span> <span class='ocrx_word' id='word_1_44' title='bbox 1047 1440 1172 1484; x_wconf 85' lang='lat' dir='ltr'><strong><em>non</em></strong></span> <span class='ocrx_word' id='word_1_45' title='bbox 1206 1419 1467 1483; x_wconf 87' lang='lat' dir='ltr'><strong><em>nomine.</em></strong></span> <span class='ocrx_word' id='word_1_46' title='bbox 1535 1416 1710 1481; x_wconf 89' lang='lat' dir='ltr'><strong><em>Nam</em></strong></span> <span class='ocrx_word' id='word_1_47' title='bbox 1744 1419 1799 1480; x_wconf 85' lang='lat' dir='ltr'><strong><em>et</em></strong></span> <span class='ocrx_word' id='word_1_48' title='bbox 1831 1414 2187 1497; x_wconf 78' lang='lat' dir='ltr'><strong><em>Dionysius</em></strong></span> <span class='ocrx_word' id='word_1_49' title='bbox 2220 1413 2427 1478; x_wconf 85' lang='lat' dir='ltr'><strong><em>maior</em></strong></span> <span class='ocrx_word' id='word_1_50' title='bbox 2459 1412 2600 1476; x_wconf 85' lang='lat' dir='ltr'><strong><em>iure</em></strong></span> 
     </span>
     <span class='ocr_line' id='line_1_10' title="bbox 646 1496 2598 1588; baseline -0.007 -15"><span class='ocrx_word' id='word_1_51' title='bbox 646 1508 982 1588; x_wconf 81' lang='lat' dir='ltr'><strong><em>meritoque</em></strong></span> <span class='ocrx_word' id='word_1_52' title='bbox 1011 1504 1331 1587; x_wconf 78' lang='lat' dir='ltr'><strong><em>praeferri</em></strong></span> <span class='ocrx_word' id='word_1_53' title='bbox 1373 1502 1589 1568; x_wconf 88' lang='lat' dir='ltr'><strong><em>multis</em></strong></span> <span class='ocrx_word' id='word_1_54' title='bbox 1630 1500 1880 1585; x_wconf 77' lang='lat' dir='ltr'><strong><em>reyibus</em></strong></span> <span class='ocrx_word' id='word_1_55' title='bbox 1912 1504 2130 1581; x_wconf 85' lang='lat' dir='ltr'><strong><em>potest.</em></strong></span> <span class='ocrx_word' id='word_1_56' title='bbox 2219 1498 2308 1563; x_wconf 87' lang='lat' dir='ltr'><strong><em>Et</em></strong></span> <span class='ocrx_word' id='word_1_57' title='bbox 2343 1498 2417 1561; x_wconf 92' lang='lat' dir='ltr'><strong><em>L.</em></strong></span> <span class='ocrx_word' id='word_1_58' title='bbox 2458 1496 2598 1580; x_wconf 77' lang='lat' dir='ltr'><strong><em>Syl-</em></strong></span> 
     </span>
     <span class='ocr_line' id='line_1_11' title="bbox 647 1583 2600 1674; baseline -0.006 -16"><span class='ocrx_word' id='word_1_59' title='bbox 647 1593 779 1659; x_wconf 87' lang='lat' dir='ltr'><strong><em>lam</em></strong></span> <span class='ocrx_word' id='word_1_60' title='bbox 822 1590 1129 1674; x_wconf 79' lang='lat' dir='ltr'><strong><em>appellari</em></strong></span> <span class='ocrx_word' id='word_1_61' title='bbox 1170 1595 1513 1673; x_wconf 75' lang='lat' dir='ltr'><strong><em>tyrannum</em></strong></span> <span class='ocrx_word' id='word_1_62' title='bbox 1554 1587 1709 1668; x_wconf 84' lang='lat' dir='ltr'><strong><em>quid</em></strong></span> <span class='ocrx_word' id='word_1_63' title='bbox 1738 1585 2073 1667; x_wconf 75' lang='lat' dir='ltr'><strong><em>prohibet?</em></strong></span> <span class='ocrx_word' id='word_1_64' title='bbox 2131 1585 2234 1649; x_wconf 83' lang='lat' dir='ltr'><strong><em>cui</em></strong></span> <span class='ocrx_word' id='word_1_65' title='bbox 2288 1583 2600 1651; x_wconf 86' lang='lat' dir='ltr'><strong><em>occidendi</em></strong></span> 
     </span>
     <span class='ocr_line' id='line_1_12' title="bbox 643 1669 2601 1760; baseline -0.006 -16"><span class='ocrx_word' id='word_1_66' title='bbox 643 1678 839 1760; x_wconf 73' lang='lat' dir='ltr'><strong><em>finem</em></strong></span> <span class='ocrx_word' id='word_1_67' title='bbox 876 1677 1022 1759; x_wconf 84' lang='lat' dir='ltr'><strong><em>fecit</em></strong></span> <span class='ocrx_word' id='word_1_68' title='bbox 1063 1677 1282 1758; x_wconf 89' lang='lat' dir='ltr'><strong><em>inopia</em></strong></span> <span class='ocrx_word' id='word_1_69' title='bbox 1318 1674 1603 1752; x_wconf 81' lang='lat' dir='ltr'><strong><em>hostium,</em></strong></span> <span class='ocrx_word' id='word_1_70' title='bbox 1645 1672 2018 1738; x_wconf 83' lang='lat' dir='ltr'><strong><em>descenderit</em></strong></span> <span class='ocrx_word' id='word_1_71' title='bbox 2051 1671 2188 1738; x_wconf 88' lang='lat' dir='ltr'><strong><em>licet</em></strong></span> <span class='ocrx_word' id='word_1_72' title='bbox 2222 1691 2253 1733; x_wconf 88' lang='lat' dir='ltr'><strong><em>e</em></strong></span> <span class='ocrx_word' id='word_1_73' title='bbox 2286 1669 2601 1735; x_wconf 84' lang='lat' dir='ltr'><strong><em>dictatura</em></strong></span> 
     </span>
     <span class='ocr_line' id='line_1_13' title="bbox 648 1758 2603 1844; baseline -0.006 -14"><span class='ocrx_word' id='word_1_74' title='bbox 648 1785 798 1843; x_wconf 88' lang='lat' dir='ltr'><strong><em>sua,</em></strong></span> <span class='ocrx_word' id='word_1_75' title='bbox 851 1769 908 1828; x_wconf 83' lang='lat' dir='ltr'><strong><em>et</em></strong></span> <span class='ocrx_word' id='word_1_76' title='bbox 948 1783 1013 1829; x_wconf 87' lang='lat' dir='ltr'><strong><em>se</em></strong></span> <span class='ocrx_word' id='word_1_77' title='bbox 1054 1768 1226 1844; x_wconf 75' lang='lat' dir='ltr'><strong><em>toqae</em></strong></span> <span class='ocrx_word' id='word_1_78' title='bbox 1279 1759 1636 1826; x_wconf 74' lang='lat' dir='ltr'><strong><em>reddiderit.</em></strong></span> <span class='ocrx_word' id='word_1_79' title='bbox 1736 1758 1891 1840; x_wconf 76' lang='lat' dir='ltr'><strong><em>Quis</em></strong></span> <span class='ocrx_word' id='word_1_80' title='bbox 1942 1763 2147 1822; x_wconf 88' lang='lat' dir='ltr'><strong><em>tamen</em></strong></span> <span class='ocrx_word' id='word_1_81' title='bbox 2189 1776 2470 1837; x_wconf 88' lang='lat' dir='ltr'><strong><em>unquam</em></strong></span> <span class='ocrx_word' id='word_1_82' title='bbox 2512 1759 2603 1837; x_wconf 78' lang='lat' dir='ltr'><strong><em>ty-</em></strong></span> 
     </span>
     <span class='ocr_line' id='line_1_14' title="bbox 650 1842 2603 1928; baseline -0.004 -15"><span class='ocrx_word' id='word_1_83' title='bbox 650 1870 893 1915; x_wconf 88' lang='lat' dir='ltr'><strong><em>rannus</em></strong></span> <span class='ocrx_word' id='word_1_84' title='bbox 937 1854 1067 1914; x_wconf 87' lang='lat' dir='ltr'><strong><em>tam</em></strong></span> <span class='ocrx_word' id='word_1_85' title='bbox 1118 1846 1302 1912; x_wconf 83' lang='lat' dir='ltr'><strong><em>avide</em></strong></span> <span class='ocrx_word' id='word_1_86' title='bbox 1356 1845 1702 1911; x_wconf 79' lang='lat' dir='ltr'><strong><em>humanum</em></strong></span> <span class='ocrx_word' id='word_1_87' title='bbox 1756 1844 2125 1928; x_wconf 70' lang='lat' dir='ltr'><strong><em>sanquinem</em></strong></span> <span class='ocrx_word' id='word_1_88' title='bbox 2228 1843 2239 1855; x_wconf 84' lang='lat'><strong><em>&#39;</em></strong></span> <span class='ocrx_word' id='word_1_89' title='bbox 2291 1842 2303 1854; x_wconf 82' lang='lat'><strong>’</strong></span> <span class='ocrx_word' id='word_1_90' title='bbox 2342 1891 2356 1920; x_wconf 92' lang='lat'><strong><em>,</em></strong></span> <span class='ocrx_word' id='word_1_91' title='bbox 2412 1860 2603 1923; x_wconf 83' lang='lat' dir='ltr'><strong><em>quam</em></strong></span> 
     </span>
     <span class='ocr_line' id='line_1_15' title="bbox 647 1927 2605 2017; baseline -0.006 -15"><span class='ocrx_word' id='word_1_92' title='bbox 647 1935 774 2014; x_wconf 88' lang='lat' dir='ltr'><strong><em>ille,</em></strong></span> <span class='ocrx_word' id='word_1_93' title='bbox 818 1935 928 2017; x_wconf 86' lang='lat' dir='ltr'><strong><em>qui</em></strong></span> <span class='ocrx_word' id='word_1_94' title='bbox 968 1939 1195 2015; x_wconf 79' lang='lat' dir='ltr'><strong><em>septem</em></strong></span> <span class='ocrx_word' id='word_1_95' title='bbox 1236 1931 1443 1997; x_wconf 81' lang='lat' dir='ltr'><strong><em>millia</em></strong></span> <span class='ocrx_word' id='word_1_96' title='bbox 1477 1932 1708 1996; x_wconf 86' lang='lat' dir='ltr'><strong><em>civium</em></strong></span> <span class='ocrx_word' id='word_1_97' title='bbox 1742 1948 2145 1994; x_wconf 86' lang='lat' dir='ltr'><strong><em>romanorum</em></strong></span> <span class='ocrx_word' id='word_1_98' title='bbox 2177 1927 2605 1994; x_wconf 71' lang='lat' dir='ltr'><strong><em>contrucidari</em></strong></span> 
     </span>
     <span class='ocr_line' id='line_1_16' title="bbox 648 2012 2604 2102; baseline -0.006 -14"><span class='ocrx_word' id='word_1_99' title='bbox 648 2022 891 2088; x_wconf 71' lang='lat' dir='ltr'><strong><em>iussit?</em></strong></span> <span class='ocrx_word' id='word_1_100' title='bbox 932 2026 990 2085; x_wconf 87' lang='lat' dir='ltr'><strong><em>et</em></strong></span> <span class='ocrx_word' id='word_1_101' title='bbox 1021 2039 1213 2102; x_wconf 85' lang='lat' dir='ltr'><strong><em>quum</em></strong></span> <span class='ocrx_word' id='word_1_102' title='bbox 1246 2020 1313 2082; x_wconf 81' lang='lat' dir='ltr'><strong><em>in</em></strong></span> <span class='ocrx_word' id='word_1_103' title='bbox 1357 2019 1558 2081; x_wconf 86' lang='lat' dir='ltr'><strong><em>vicino</em></strong></span> <span class='ocrx_word' id='word_1_104' title='bbox 1585 2018 1634 2100; x_wconf 81' lang='grc' dir='ltr'><strong><em>ι)</em></strong></span> <span class='ocrx_word' id='word_1_105' title='bbox 1679 2017 1765 2079; x_wconf 89' lang='lat' dir='ltr'><strong><em>ad</em></strong></span> <span class='ocrx_word' id='word_1_106' title='bbox 1806 2015 2019 2080; x_wconf 86' lang='lat' dir='ltr'><strong><em>aedem</em></strong></span> <span class='ocrx_word' id='word_1_107' title='bbox 2055 2012 2353 2088; x_wconf 82' lang='lat' dir='ltr'><strong><em>Bellonae</em></strong></span> <span class='ocrx_word' id='word_1_108' title='bbox 2385 2013 2604 2078; x_wconf 84' lang='lat' dir='ltr'><strong><em>sedens</em></strong></span> 
     </span>
     <span class='ocr_line' id='line_1_17' title="bbox 652 2098 2604 2182; baseline -0.006 -10"><span class='ocrx_word' id='word_1_109' title='bbox 652 2107 1009 2172; x_wconf 76' lang='lat' dir='ltr'><strong><em>exaudisset</em></strong></span> <span class='ocrx_word' id='word_1_110' title='bbox 1050 2105 1556 2170; x_wconf 74' lang='lat' dir='ltr'><strong><em>exclamationem</em></strong></span> <span class='ocrx_word' id='word_1_111' title='bbox 1603 2107 1688 2166; x_wconf 87' lang='lat' dir='ltr'><strong><em>tot</em></strong></span> <span class='ocrx_word' id='word_1_112' title='bbox 1739 2101 2015 2166; x_wconf 83' lang='lat' dir='ltr'><strong><em>millium</em></strong></span> <span class='ocrx_word' id='word_1_113' title='bbox 2067 2099 2183 2166; x_wconf 83' lang='lat' dir='ltr'><strong><em>sub</em></strong></span> <span class='ocrx_word' id='word_1_114' title='bbox 2233 2098 2448 2182; x_wconf 81' lang='lat' dir='ltr'><strong><em>qladio</em></strong></span> <span class='ocrx_word' id='word_1_115' title='bbox 2501 2119 2604 2181; x_wconf 74' lang='lat' dir='ltr'><strong><em>qe-</em></strong></span> 
     </span>
     <span class='ocr_line' id='line_1_18' title="bbox 652 2182 2601 2271; baseline -0.005 -13"><span class='ocrx_word' id='word_1_116' title='bbox 652 2194 978 2271; x_wconf 84' lang='lat' dir='ltr'><strong><em>mentium,</em></strong></span> <span class='ocrx_word' id='word_1_117' title='bbox 1023 2191 1314 2256; x_wconf 73' lang='lat' dir='ltr'><strong><em>exterrito</em></strong></span> <span class='ocrx_word' id='word_1_118' title='bbox 1357 2194 1591 2268; x_wconf 85' lang='lat' dir='ltr'><strong><em>senatu,</em></strong></span> <span class='ocrx_word' id='word_1_119' title='bbox 1636 2186 1771 2252; x_wconf 88' lang='lat' dir='ltr'><strong><em>Hoc</em></strong></span> <span class='ocrx_word' id='word_1_120' title='bbox 1813 2206 2079 2271; x_wconf 73' lang='lat' dir='ltr'><strong><em>aqamus</em></strong></span> <span class='ocrx_word' id='word_1_121' title='bbox 2094 2237 2108 2263; x_wconf 97' lang='lat'><strong><em>,</em></strong></span> <span class='ocrx_word' id='word_1_122' title='bbox 2163 2185 2370 2267; x_wconf 85' lang='lat' dir='ltr'><strong><em>inquit</em></strong></span> <span class='ocrx_word' id='word_1_123' title='bbox 2415 2184 2489 2249; x_wconf 89' lang='lat' dir='ltr'><strong><em>P.</em></strong></span> <span class='ocrx_word' id='word_1_124' title='bbox 2536 2182 2601 2248; x_wconf 81' lang='lat' dir='ltr'><strong><em>G.</em></strong></span> 
     </span>
     <span class='ocr_line' id='line_1_19' title="bbox 654 2270 2605 2359; baseline -0.006 -15"><span class='ocrx_word' id='word_1_125' title='bbox 654 2279 935 2345; x_wconf 89' lang='lat' dir='ltr'><strong><em>seditiosi</em></strong></span> <span class='ocrx_word' id='word_1_126' title='bbox 966 2276 1231 2359; x_wconf 86' lang='lat' dir='ltr'><strong><em>pauculi</em></strong></span> <span class='ocrx_word' id='word_1_127' title='bbox 1275 2296 1402 2340; x_wconf 86' lang='lat' dir='ltr'><strong><em>meo</em></strong></span> <span class='ocrx_word' id='word_1_128' title='bbox 1450 2276 1634 2340; x_wconf 86' lang='lat' dir='ltr'><strong><em>iussu</em></strong></span> <span class='ocrx_word' id='word_1_129' title='bbox 1688 2273 2062 2338; x_wconf 76' lang='lat' dir='ltr'><strong><em>occiduntur.</em></strong></span> <span class='ocrx_word' id='word_1_130' title='bbox 2151 2270 2280 2337; x_wconf 84' lang='lat' dir='ltr'><strong><em>Hic</em></strong></span> <span class='ocrx_word' id='word_1_131' title='bbox 2335 2291 2461 2336; x_wconf 87' lang='lat' dir='ltr'><strong><em>non</em></strong></span> <span class='ocrx_word' id='word_1_132' title='bbox 2514 2274 2605 2334; x_wconf 88' lang='lat' dir='ltr'><strong><em>est</em></strong></span> 
     </span>
     <span class='ocr_line' id='line_1_20' title="bbox 653 2355 2604 2446; baseline -0.004 -16"><span class='ocrx_word' id='word_1_133' title='bbox 653 2365 961 2444; x_wconf 85' lang='lat' dir='ltr'><strong><em>mentitus,</em></strong></span> <span class='ocrx_word' id='word_1_134' title='bbox 994 2363 1196 2446; x_wconf 87' lang='lat' dir='ltr'><strong><em>pauci</em></strong></span> <span class='ocrx_word' id='word_1_135' title='bbox 1242 2359 1452 2444; x_wconf 79' lang='lat' dir='ltr'><strong><em>Syllae</em></strong></span> <span class='ocrx_word' id='word_1_136' title='bbox 1492 2359 1871 2426; x_wconf 82' lang='lat' dir='ltr'><strong><em>videbantur.</em></strong></span> <span class='ocrx_word' id='word_1_137' title='bbox 1942 2356 2066 2423; x_wconf 86' lang='lat' dir='ltr'><strong><em>Sed</em></strong></span> <span class='ocrx_word' id='word_1_138' title='bbox 2108 2378 2253 2423; x_wconf 75' lang='lat' dir='ltr'><strong><em>mox</em></strong></span> <span class='ocrx_word' id='word_1_139' title='bbox 2294 2356 2370 2422; x_wconf 89' lang='lat' dir='ltr'><strong><em>de</em></strong></span> <span class='ocrx_word' id='word_1_140' title='bbox 2417 2355 2604 2439; x_wconf 76' lang='lat' dir='ltr'><strong><em>Sylla</em></strong></span> 
     </span>
     <span class='ocr_line' id='line_1_21' title="bbox 655 2441 2606 2531; baseline -0.004 -15"><span class='ocrx_word' id='word_1_141' title='bbox 655 2470 1090 2531; x_wconf 79' lang='lat' dir='ltr'><strong><em>consequemur</em></strong></span> <span class='ocrx_word' id='word_1_142' title='bbox 1131 2446 1423 2530; x_wconf 89' lang='lat' dir='ltr'><strong><em>quomodo</em></strong></span> <span class='ocrx_word' id='word_1_143' title='bbox 1460 2444 1738 2511; x_wconf 73' lang='lat' dir='ltr'><strong><em>hostibus</em></strong></span> <span class='ocrx_word' id='word_1_144' title='bbox 1770 2444 2168 2510; x_wconf 87' lang='lat' dir='ltr'><strong><em>irascendum</em></strong></span> <span class='ocrx_word' id='word_1_145' title='bbox 2201 2444 2303 2509; x_wconf 81' lang='lat' dir='ltr'><strong><em>sit.</em></strong></span> <span class='ocrx_word' id='word_1_146' title='bbox 2383 2441 2606 2525; x_wconf 84' lang='lat' dir='ltr'><strong><em>Utique</em></strong></span> 
     </span>
     <span class='ocr_line' id='line_1_22' title="bbox 654 2528 2604 2611; baseline -0.006 -9"><span class='ocrx_word' id='word_1_147' title='bbox 654 2536 718 2602; x_wconf 89' lang='lat' dir='ltr'><strong><em>si</em></strong></span> <span class='ocrx_word' id='word_1_148' title='bbox 759 2538 829 2600; x_wconf 87' lang='lat' dir='ltr'><strong><em>in</em></strong></span> <span class='ocrx_word' id='word_1_149' title='bbox 868 2535 1083 2600; x_wconf 73' lang='lat' dir='ltr'><strong><em>hostile</em></strong></span> <span class='ocrx_word' id='word_1_150' title='bbox 1125 2554 1343 2598; x_wconf 86' lang='lat' dir='ltr'><strong><em>nomen</em></strong></span> <span class='ocrx_word' id='word_1_151' title='bbox 1385 2533 1562 2611; x_wconf 85' lang='lat' dir='ltr'><strong><em>cives,</em></strong></span> <span class='ocrx_word' id='word_1_152' title='bbox 1607 2536 1661 2595; x_wconf 87' lang='lat' dir='ltr'><strong><em>et</em></strong></span> <span class='ocrx_word' id='word_1_153' title='bbox 1702 2551 1780 2596; x_wconf 77' lang='lat' dir='ltr'><strong><em>ex</em></strong></span> <span class='ocrx_word' id='word_1_154' title='bbox 1819 2530 2026 2596; x_wconf 86' lang='lat' dir='ltr'><strong><em>eodem</em></strong></span> <span class='ocrx_word' id='word_1_155' title='bbox 2067 2549 2317 2609; x_wconf 84' lang='lat' dir='ltr'><strong><em>corpore</em></strong></span> <span class='ocrx_word' id='word_1_156' title='bbox 2349 2528 2604 2609; x_wconf 77' lang='lat' dir='ltr'><strong><em>abrupti</em></strong></span> 
     </span>
     <span class='ocr_line' id='line_1_23' title="bbox 655 2613 2605 2698; baseline -0.005 -9"><span class='ocrx_word' id='word_1_157' title='bbox 655 2624 1044 2689; x_wconf 77' lang='lat' dir='ltr'><strong><em>transierint.</em></strong></span> <span class='ocrx_word' id='word_1_158' title='bbox 1131 2619 1397 2685; x_wconf 81' lang='lat' dir='ltr'><strong><em>Interim</em></strong></span> <span class='ocrx_word' id='word_1_159' title='bbox 1439 2617 1548 2683; x_wconf 78' lang='lat' dir='ltr'><strong><em>hoc</em></strong></span> <span class='ocrx_word' id='word_1_160' title='bbox 1589 2617 1755 2698; x_wconf 87' lang='lat' dir='ltr'><strong><em>quod</em></strong></span> <span class='ocrx_word' id='word_1_161' title='bbox 1795 2615 2101 2693; x_wconf 80' lang='lat' dir='ltr'><strong><em>dicebam,</em></strong></span> <span class='ocrx_word' id='word_1_162' title='bbox 2156 2614 2474 2681; x_wconf 85' lang='lat' dir='ltr'><strong><em>clementia</em></strong></span> <span class='ocrx_word' id='word_1_163' title='bbox 2516 2613 2605 2696; x_wconf 81' lang='lat' dir='ltr'><strong><em>ef-</em></strong></span> 
     </span>
     <span class='ocr_line' id='line_1_24' title="bbox 654 2698 2607 2790; baseline -0.006 -16"><span class='ocrx_word' id='word_1_164' title='bbox 654 2698 824 2790; x_wconf 61' lang='lat' dir='ltr'><strong><em>ficit&#39;s</em></strong></span> <span class='ocrx_word' id='word_1_165' title='bbox 866 2712 937 2771; x_wconf 86' lang='lat' dir='ltr'><strong><em>ut</em></strong></span> <span class='ocrx_word' id='word_1_166' title='bbox 986 2724 1283 2790; x_wconf 77' lang='lat' dir='ltr'><strong><em>maqnum</em></strong></span> <span class='ocrx_word' id='word_1_167' title='bbox 1331 2706 1496 2768; x_wconf 88' lang='lat' dir='ltr'><strong><em>inter</em></strong></span> <span class='ocrx_word' id='word_1_168' title='bbox 1535 2722 1736 2785; x_wconf 77' lang='lat' dir='ltr'><strong><em>reqem</em></strong></span> <span class='ocrx_word' id='word_1_169' title='bbox 1776 2707 2228 2785; x_wconf 71' lang='lat' dir='ltr'><strong><em>tyrannumque</em></strong></span> <span class='ocrx_word' id='word_1_170' title='bbox 2268 2700 2607 2765; x_wconf 83' lang='lat' dir='ltr'><strong><em>discrimen</em></strong></span> 
     </span>
     <span class='ocr_line' id='line_1_25' title="bbox 658 2785 2608 2873; baseline -0.006 -14"><span class='ocrx_word' id='word_1_171' title='bbox 658 2797 760 2873; x_wconf 89' lang='lat' dir='ltr'><strong><em>sit,</em></strong></span> <span class='ocrx_word' id='word_1_172' title='bbox 807 2799 1056 2873; x_wconf 82' lang='lat' dir='ltr'><strong><em>uterque</em></strong></span> <span class='ocrx_word' id='word_1_173' title='bbox 1098 2791 1232 2855; x_wconf 88' lang='lat' dir='ltr'><strong><em>licet</em></strong></span> <span class='ocrx_word' id='word_1_174' title='bbox 1273 2809 1397 2853; x_wconf 85' lang='lat' dir='ltr'><strong><em>non</em></strong></span> <span class='ocrx_word' id='word_1_175' title='bbox 1439 2790 1655 2853; x_wconf 87' lang='lat' dir='ltr'><strong><em>minus</em></strong></span> <span class='ocrx_word' id='word_1_176' title='bbox 1697 2788 1901 2852; x_wconf 78' lang='lat' dir='ltr'><strong><em>armis</em></strong></span> <span class='ocrx_word' id='word_1_177' title='bbox 1939 2786 2235 2851; x_wconf 81' lang='lat' dir='ltr'><strong><em>valletur:</em></strong></span> <span class='ocrx_word' id='word_1_178' title='bbox 2289 2786 2398 2850; x_wconf 89' lang='lat' dir='ltr'><strong><em>sed</em></strong></span> <span class='ocrx_word' id='word_1_179' title='bbox 2449 2785 2608 2850; x_wconf 87' lang='lat' dir='ltr'><strong><em>alter</em></strong></span> 
     </span>
     <span class='ocr_line' id='line_1_26' title="bbox 660 2870 2609 2957; baseline -0.005 -13"><span class='ocrx_word' id='word_1_180' title='bbox 660 2899 845 2945; x_wconf 74' lang='lat' dir='ltr'><strong><em>amna</em></strong></span> <span class='ocrx_word' id='word_1_181' title='bbox 884 2877 1075 2954; x_wconf 81' lang='lat' dir='ltr'><strong><em>habet,</em></strong></span> <span class='ocrx_word' id='word_1_182' title='bbox 1121 2874 1349 2957; x_wconf 87' lang='lat' dir='ltr'><strong><em>quibus</em></strong></span> <span class='ocrx_word' id='word_1_183' title='bbox 1389 2874 1462 2938; x_wconf 90' lang='lat' dir='ltr'><strong><em>in</em></strong></span> <span class='ocrx_word' id='word_1_184' title='bbox 1500 2874 1952 2937; x_wconf 82' lang='lat' dir='ltr'><strong><em>munimentum</em></strong></span> <span class='ocrx_word' id='word_1_185' title='bbox 1973 2873 2160 2954; x_wconf 87' lang='lat' dir='ltr'><strong><em>pacis</em></strong></span> <span class='ocrx_word' id='word_1_186' title='bbox 2193 2871 2409 2950; x_wconf 87' lang='lat' dir='ltr'><strong><em>utitur,</em></strong></span> <span class='ocrx_word' id='word_1_187' title='bbox 2451 2870 2609 2935; x_wconf 85' lang='lat' dir='ltr'><strong><em>alter</em></strong></span> 
     </span>
     <span class='ocr_line' id='line_1_27' title="bbox 658 2955 2610 3047; baseline -0.004 -18"><span class='ocrx_word' id='word_1_188' title='bbox 658 2969 728 3029; x_wconf 89' lang='lat' dir='ltr'><strong><em>ut</em></strong></span> <span class='ocrx_word' id='word_1_189' title='bbox 769 2984 991 3047; x_wconf 74' lang='lat' dir='ltr'><strong><em>maqno</em></strong></span> <span class='ocrx_word' id='word_1_190' title='bbox 1033 2963 1249 3027; x_wconf 87' lang='lat' dir='ltr'><strong><em>timore</em></strong></span> <span class='ocrx_word' id='word_1_191' title='bbox 1283 2981 1515 3044; x_wconf 75' lang='lat' dir='ltr'><strong><em>maqna</em></strong></span> <span class='ocrx_word' id='word_1_192' title='bbox 1557 2958 1706 3024; x_wconf 88' lang='lat' dir='ltr'><strong><em>odia</em></strong></span> <span class='ocrx_word' id='word_1_193' title='bbox 1742 2962 2094 3040; x_wconf 82' lang='lat' dir='ltr'><strong><em>compescat.</em></strong></span> <span class='ocrx_word' id='word_1_194' title='bbox 2165 2955 2296 3023; x_wconf 88' lang='lat' dir='ltr'><strong><em>Nec</em></strong></span> <span class='ocrx_word' id='word_1_195' title='bbox 2328 2955 2479 3022; x_wconf 86' lang='lat' dir='ltr'><strong><em>illas</em></strong></span> <span class='ocrx_word' id='word_1_196' title='bbox 2512 2956 2610 3037; x_wconf 90' lang='lat' dir='ltr'><strong><em>ip-</em></strong></span> 
     </span>
     <span class='ocr_line' id='line_1_28' title="bbox 656 3040 2608 3129; baseline -0.005 -13"><span class='ocrx_word' id='word_1_197' title='bbox 656 3071 770 3116; x_wconf 88' lang='lat' dir='ltr'><strong><em>sas</em></strong></span> <span class='ocrx_word' id='word_1_198' title='bbox 810 3069 1040 3114; x_wconf 88' lang='lat' dir='ltr'><strong><em>manus</em></strong></span> <span class='ocrx_word' id='word_1_199' title='bbox 1081 3047 1306 3129; x_wconf 89' lang='lat' dir='ltr'><strong><em>quibus</em></strong></span> <span class='ocrx_word' id='word_1_200' title='bbox 1356 3066 1423 3111; x_wconf 88' lang='lat' dir='ltr'><strong><em>se</em></strong></span> <span class='ocrx_word' id='word_1_201' title='bbox 1473 3045 1778 3111; x_wconf 85' lang='lat' dir='ltr'><strong><em>commisit</em></strong></span> <span class='ocrx_word' id='word_1_202' title='bbox 1820 3062 2077 3109; x_wconf 87' lang='lat' dir='ltr'><strong><em>securus</em></strong></span> <span class='ocrx_word' id='word_1_203' title='bbox 2120 3043 2364 3125; x_wconf 80' lang='lat' dir='ltr'><strong><em>aspicit.</em></strong></span> <span class='ocrx_word' id='word_1_204' title='bbox 2453 3040 2608 3107; x_wconf 85' lang='lat' dir='ltr'><strong><em>Gon-</em></strong></span> 
     </span>
     <span class='ocr_line' id='line_1_29' title="bbox 657 3128 2609 3215; baseline -0.004 -15"><span class='ocrx_word' id='word_1_205' title='bbox 657 3136 882 3200; x_wconf 86' lang='lat' dir='ltr'><strong><em>trariis</em></strong></span> <span class='ocrx_word' id='word_1_206' title='bbox 924 3135 995 3197; x_wconf 89' lang='lat' dir='ltr'><strong><em>in</em></strong></span> <span class='ocrx_word' id='word_1_207' title='bbox 1036 3133 1354 3198; x_wconf 79' lang='lat' dir='ltr'><strong><em>contraria</em></strong></span> <span class='ocrx_word' id='word_1_208' title='bbox 1396 3132 1623 3215; x_wconf 78' lang='lat' dir='ltr'><strong><em>aqitur.</em></strong></span> <span class='ocrx_word' id='word_1_209' title='bbox 1717 3128 1890 3195; x_wconf 88' lang='lat' dir='ltr'><strong><em>Nam</em></strong></span> <span class='ocrx_word' id='word_1_210' title='bbox 1932 3134 2001 3193; x_wconf 91' lang='lat' dir='ltr'><strong><em>ut</em></strong></span> <span class='ocrx_word' id='word_1_211' title='bbox 2043 3128 2292 3194; x_wconf 86' lang='lat' dir='ltr'><strong><em>invisus</em></strong></span> <span class='ocrx_word' id='word_1_212' title='bbox 2332 3129 2418 3196; x_wconf 83' lang='lat' dir='ltr'><strong><em>sit</em></strong></span> <span class='ocrx_word' id='word_1_213' title='bbox 2455 3130 2609 3209; x_wconf 88' lang='lat' dir='ltr'><strong><em>quia</em></strong></span> 
     </span>
     <span class='ocr_line' id='line_1_30' title="bbox 659 3213 2610 3300; baseline -0.004 -14"><span class='ocrx_word' id='word_1_214' title='bbox 659 3222 927 3286; x_wconf 76' lang='lat' dir='ltr'><strong><em>timetur,</em></strong></span> <span class='ocrx_word' id='word_1_215' title='bbox 971 3219 1179 3284; x_wconf 81' lang='lat' dir='ltr'><strong><em>timeri</em></strong></span> <span class='ocrx_word' id='word_1_216' title='bbox 1229 3217 1353 3281; x_wconf 73' lang='lat' dir='ltr'><strong><em>cult</em></strong></span> <span class='ocrx_word' id='word_1_217' title='bbox 1395 3218 1548 3300; x_wconf 86' lang='lat' dir='ltr'><strong><em>quia</em></strong></span> <span class='ocrx_word' id='word_1_218' title='bbox 1591 3217 1839 3281; x_wconf 86' lang='lat' dir='ltr'><strong><em>invisus</em></strong></span> <span class='ocrx_word' id='word_1_219' title='bbox 1880 3220 1985 3280; x_wconf 87' lang='lat' dir='ltr'><strong><em>est.</em></strong></span> <span class='ocrx_word' id='word_1_220' title='bbox 2053 3213 2141 3279; x_wconf 80' lang='lat' dir='ltr'><strong><em>Et</em></strong></span> <span class='ocrx_word' id='word_1_221' title='bbox 2181 3214 2288 3280; x_wconf 86' lang='lat' dir='ltr'><strong><em>illo</em></strong></span> <span class='ocrx_word' id='word_1_222' title='bbox 2330 3234 2610 3280; x_wconf 76' lang='lat' dir='ltr'><strong><em>exsec-ra·</em></strong></span> 
     </span>
     <span class='ocr_line' id='line_1_31' title="bbox 660 3299 2609 3386; baseline -0.005 -13"><span class='ocrx_word' id='word_1_223' title='bbox 660 3307 774 3373; x_wconf 81' lang='lat' dir='ltr'><strong><em>bili</em></strong></span> <span class='ocrx_word' id='word_1_224' title='bbox 817 3326 1025 3384; x_wconf 84' lang='lat' dir='ltr'><strong><em>versu,</em></strong></span> <span class='ocrx_word' id='word_1_225' title='bbox 1072 3304 1182 3386; x_wconf 71' lang='lat' dir='ltr'><strong><em>qui</em></strong></span> <span class='ocrx_word' id='word_1_226' title='bbox 1227 3303 1452 3370; x_wconf 84' lang='lat' dir='ltr'><strong><em>multos</em></strong></span> <span class='ocrx_word' id='word_1_227' title='bbox 1493 3302 1660 3368; x_wconf 82' lang='lat' dir='ltr'><strong><em>dedit</em></strong></span> <span class='ocrx_word' id='word_1_228' title='bbox 1688 3301 2099 3384; x_wconf 84' lang='lat' dir='ltr'><strong><em>praecipites,</em></strong></span> <span class='ocrx_word' id='word_1_229' title='bbox 2157 3300 2388 3365; x_wconf 86' lang='lat' dir='ltr'><strong><em>utitur:</em></strong></span> <span class='ocrx_word' id='word_1_230' title='bbox 2452 3299 2609 3366; x_wconf 91' lang='lat' dir='ltr'><strong><em>Ode-</em></strong></span> 
     </span>
     <span class='ocr_line' id='line_1_32' title="bbox 660 3386 2607 3476; baseline -0.005 -17"><span class='ocrx_word' id='word_1_231' title='bbox 660 3395 819 3473; x_wconf 84' lang='lat' dir='ltr'><strong><em>rint,</em></strong></span> <span class='ocrx_word' id='word_1_232' title='bbox 877 3393 1027 3456; x_wconf 88' lang='lat' dir='ltr'><strong><em>dum</em></strong></span> <span class='ocrx_word' id='word_1_233' title='bbox 1077 3395 1366 3457; x_wconf 86' lang='lat' dir='ltr'><strong><em>metuant.</em></strong></span> <span class='ocrx_word' id='word_1_234' title='bbox 1459 3387 1737 3473; x_wconf 75' lang='lat' dir='ltr'><strong><em>Iynarus</em></strong></span> <span class='ocrx_word' id='word_1_235' title='bbox 1792 3393 2031 3469; x_wconf 86' lang='lat' dir='ltr'><strong><em>quanta</em></strong></span> <span class='ocrx_word' id='word_1_236' title='bbox 2085 3387 2289 3453; x_wconf 84' lang='lat' dir='ltr'><strong><em>rabies</em></strong></span> <span class='ocrx_word' id='word_1_237' title='bbox 2304 3386 2607 3476; x_wconf 57' lang='lat' dir='ltr'><strong><em>strictum</em></strong></span> 
     </span>
     <span class='ocr_line' id='line_1_33' title="bbox 661 3472 2612 3563; baseline -0.005 -18"><span class='ocrx_word' id='word_1_238' title='bbox 661 3479 769 3545; x_wconf 89' lang='lat' dir='ltr'><strong><em>ubi</em></strong></span> <span class='ocrx_word' id='word_1_239' title='bbox 825 3498 1023 3563; x_wconf 83' lang='lat' dir='ltr'><strong><em>supra</em></strong></span> <span class='ocrx_word' id='word_1_240' title='bbox 1080 3475 1331 3542; x_wconf 87' lang='lat' dir='ltr'><strong><em>modum</em></strong></span> <span class='ocrx_word' id='word_1_241' title='bbox 1381 3475 1529 3541; x_wconf 87' lang='lat' dir='ltr'><strong><em>odia</em></strong></span> <span class='ocrx_word' id='word_1_242' title='bbox 1572 3478 1903 3540; x_wconf 85' lang='lat' dir='ltr'><strong><em>creverunt.</em></strong></span> <span class='ocrx_word' id='word_1_243' title='bbox 1998 3473 2402 3554; x_wconf 78' lang='lat' dir='ltr'><strong><em>Temperatus</em></strong></span> <span class='ocrx_word' id='word_1_244' title='bbox 2444 3472 2612 3537; x_wconf 88' lang='lat' dir='ltr'><strong><em>enim</em></strong></span> 
     </span>
     <span class='ocr_line' id='line_1_34' title="bbox 659 3560 2612 3641; baseline -0.003 -11"><span class='ocrx_word' id='word_1_245' title='bbox 659 3566 844 3631; x_wconf 86' lang='lat' dir='ltr'><strong><em>timor</em></strong></span> <span class='ocrx_word' id='word_1_246' title='bbox 885 3562 1111 3631; x_wconf 72' lang='lat' dir='ltr'><strong><em>cohibet</em></strong></span> <span class='ocrx_word' id='word_1_247' title='bbox 1142 3563 1404 3641; x_wconf 82' lang='lat' dir='ltr'><strong><em>animos,</em></strong></span> <span class='ocrx_word' id='word_1_248' title='bbox 1451 3560 1751 3627; x_wconf 87' lang='lat' dir='ltr'><strong><em>assiduus</em></strong></span> <span class='ocrx_word' id='word_1_249' title='bbox 1784 3580 1925 3624; x_wconf 86' lang='lat' dir='ltr'><strong><em>vero</em></strong></span> <span class='ocrx_word' id='word_1_250' title='bbox 1958 3564 2014 3625; x_wconf 90' lang='lat' dir='ltr'><strong><em>et</em></strong></span> <span class='ocrx_word' id='word_1_251' title='bbox 2047 3579 2204 3638; x_wconf 87' lang='lat' dir='ltr'><strong><em>acer,</em></strong></span> <span class='ocrx_word' id='word_1_252' title='bbox 2246 3563 2304 3625; x_wconf 89' lang='lat' dir='ltr'><strong><em>et</em></strong></span> <span class='ocrx_word' id='word_1_253' title='bbox 2335 3564 2612 3625; x_wconf 78' lang='lat' dir='ltr'><strong><em>extrema</em></strong></span> 
     </span>
     <span class='ocr_line' id='line_1_35' title="bbox 659 3646 2611 3729; baseline -0.005 -10"><span class='ocrx_word' id='word_1_254' title='bbox 659 3652 1014 3729; x_wconf 85' lang='lat' dir='ltr'><strong><em>admovens,</em></strong></span> <span class='ocrx_word' id='word_1_255' title='bbox 1059 3648 1512 3715; x_wconf 69' lang='lat' dir='ltr'><strong><em>inaudaeiam</em></strong></span> <span class='ocrx_word' id='word_1_256' title='bbox 1553 3646 1821 3712; x_wconf 83' lang='lat' dir='ltr'><strong><em>iacentes</em></strong></span> <span class='ocrx_word' id='word_1_257' title='bbox 1860 3647 2113 3725; x_wconf 75' lang='lat' dir='ltr'><strong><em>excitat,</em></strong></span> <span class='ocrx_word' id='word_1_258' title='bbox 2158 3650 2215 3709; x_wconf 87' lang='lat' dir='ltr'><strong><em>et</em></strong></span> <span class='ocrx_word' id='word_1_259' title='bbox 2254 3647 2467 3713; x_wconf 89' lang='lat' dir='ltr'><strong><em>omnia</em></strong></span> <span class='ocrx_word' id='word_1_260' title='bbox 2509 3665 2611 3710; x_wconf 71' lang='lat' dir='ltr'><strong><em>ea&gt;-</em></strong></span> 
     </span>
     <span class='ocr_line' id='line_1_36' title="bbox 647 3730 2610 3820; baseline -0.005 -17"><span class='ocrx_word' id='word_1_261' title='bbox 647 3738 858 3820; x_wconf 84' lang='lat' dir='ltr'><strong><em>periri</em></strong></span> <span class='ocrx_word' id='word_1_262' title='bbox 899 3737 1138 3802; x_wconf 83' lang='lat' dir='ltr'><strong><em>suadet.</em></strong></span> <span class='ocrx_word' id='word_1_263' title='bbox 1210 3733 1318 3802; x_wconf 80' lang='lat' dir='ltr'><strong><em>Sic</em></strong></span> <span class='ocrx_word' id='word_1_264' title='bbox 1346 3734 1522 3816; x_wconf 83' lang='lat' dir='ltr'><strong><em>feras</em></strong></span> <span class='ocrx_word' id='word_1_265' title='bbox 1559 3732 1745 3797; x_wconf 88' lang='lat' dir='ltr'><strong><em>lineis</em></strong></span> <span class='ocrx_word' id='word_1_266' title='bbox 1788 3736 1843 3795; x_wconf 88' lang='lat' dir='ltr'><strong><em>et</em></strong></span> <span class='ocrx_word' id='word_1_267' title='bbox 1871 3730 2082 3813; x_wconf 89' lang='lat' dir='ltr'><strong><em>pinna</em></strong></span> <span class='ocrx_word' id='word_1_268' title='bbox 2123 3730 2442 3797; x_wconf 85' lang='lat' dir='ltr'><strong><em>conclusas</em></strong></span> <span class='ocrx_word' id='word_1_269' title='bbox 2473 3751 2610 3796; x_wconf 62' lang='lat' dir='ltr'><strong><em>com</em></strong></span> 
     </span>
     <span class='ocr_line' id='line_1_37' title="bbox 658 3816 2612 3903; baseline -0.004 -15"><span class='ocrx_word' id='word_1_270' title='bbox 658 3825 802 3902; x_wconf 87' lang='lat' dir='ltr'><strong><em>tine,</em></strong></span> <span class='ocrx_word' id='word_1_271' title='bbox 848 3822 1095 3887; x_wconf 87' lang='lat' dir='ltr'><strong><em>easdem</em></strong></span> <span class='ocrx_word' id='word_1_272' title='bbox 1137 3842 1180 3885; x_wconf 89' lang='lat' dir='ltr'><strong><em>a</em></strong></span> <span class='ocrx_word' id='word_1_273' title='bbox 1223 3825 1388 3903; x_wconf 77' lang='lat' dir='ltr'><strong><em>teryo</em></strong></span> <span class='ocrx_word' id='word_1_274' title='bbox 1430 3836 1613 3901; x_wconf 89' lang='lat' dir='ltr'><strong><em>eques</em></strong></span> <span class='ocrx_word' id='word_1_275' title='bbox 1653 3816 1793 3882; x_wconf 84' lang='lat' dir='ltr'><strong><em>telis</em></strong></span> <span class='ocrx_word' id='word_1_276' title='bbox 1834 3818 2116 3896; x_wconf 82' lang='lat' dir='ltr'><strong><em>incessat,</em></strong></span> <span class='ocrx_word' id='word_1_277' title='bbox 2159 3818 2475 3883; x_wconf 86' lang='lat' dir='ltr'><strong><em>tentabunt</em></strong></span> <span class='ocrx_word' id='word_1_278' title='bbox 2507 3817 2612 3899; x_wconf 85' lang='lat' dir='ltr'><strong><em>fu-</em></strong></span> 
     </span>
     <span class='ocr_line' id='line_1_38' title="bbox 572 3902 2612 3991; baseline -0.003 -18"><span class='ocrx_word' id='word_1_279' title='bbox 572 3978 580 3985; x_wconf 59' lang='lat'><strong><em>,</em></strong></span> <span class='ocrx_word' id='word_1_280' title='bbox 655 3929 806 3991; x_wconf 73' lang='lat' dir='ltr'><strong><em>yam</em></strong></span> <span class='ocrx_word' id='word_1_281' title='bbox 836 3929 958 3988; x_wconf 86' lang='lat' dir='ltr'><strong><em>per</em></strong></span> <span class='ocrx_word' id='word_1_282' title='bbox 996 3909 1144 3991; x_wconf 85' lang='lat' dir='ltr'><strong><em>ipsa</em></strong></span> <span class='ocrx_word' id='word_1_283' title='bbox 1187 3927 1344 3988; x_wconf 87' lang='lat' dir='ltr'><strong><em>quae</em></strong></span> <span class='ocrx_word' id='word_1_284' title='bbox 1382 3905 1698 3988; x_wconf 79' lang='lat' dir='ltr'><strong><em>fuqerant,</em></strong></span> <span class='ocrx_word' id='word_1_285' title='bbox 1730 3902 2296 3986; x_wconf 79' lang='lat' dir='ltr'><strong><em>proculcabuntque</em></strong></span> <span class='ocrx_word' id='word_1_286' title='bbox 2322 3903 2612 3985; x_wconf 85' lang='lat' dir='ltr'><strong><em>formidi-</em></strong></span> 
     </span>
     <span class='ocr_line' id='line_1_39' title="bbox 661 3988 2612 4072; baseline -0.002 -14"><span class='ocrx_word' id='word_1_287' title='bbox 661 4013 817 4058; x_wconf 89' lang='lat' dir='ltr'><strong><em>nem.</em></strong></span> <span class='ocrx_word' id='word_1_288' title='bbox 905 3991 1237 4058; x_wconf 79' lang='lat' dir='ltr'><strong><em>Acerrima</em></strong></span> <span class='ocrx_word' id='word_1_289' title='bbox 1277 3993 1480 4057; x_wconf 76' lang='lat' dir='ltr'><strong><em>virtus</em></strong></span> <span class='ocrx_word' id='word_1_290' title='bbox 1522 3994 1610 4057; x_wconf 87' lang='lat' dir='ltr'><strong><em>est</em></strong></span> <span class='ocrx_word' id='word_1_291' title='bbox 1650 4010 1841 4072; x_wconf 85' lang='lat' dir='ltr'><strong><em>quam</em></strong></span> <span class='ocrx_word' id='word_1_292' title='bbox 1882 3988 2107 4053; x_wconf 83' lang='lat' dir='ltr'><strong><em>ultima</em></strong></span> <span class='ocrx_word' id='word_1_293' title='bbox 2142 3989 2474 4055; x_wconf 83' lang='lat' dir='ltr'><strong><em>necessitas</em></strong></span> <span class='ocrx_word' id='word_1_294' title='bbox 2509 4009 2612 4054; x_wconf 77' lang='lat' dir='ltr'><strong><em>ex-</em></strong></span> 
     </span>
     <span class='ocr_line' id='line_1_40' title="bbox 660 4074 2616 4159; baseline -0.002 -17"><span class='ocrx_word' id='word_1_295' title='bbox 660 4078 882 4144; x_wconf 86' lang='lat' dir='ltr'><strong><em>tundit.</em></strong></span> <span class='ocrx_word' id='word_1_296' title='bbox 971 4078 1311 4159; x_wconf 80' lang='lat' dir='ltr'><strong><em>Relinquat</em></strong></span> <span class='ocrx_word' id='word_1_297' title='bbox 1353 4080 1579 4159; x_wconf 82' lang='lat' dir='ltr'><strong><em>oportet</em></strong></span> <span class='ocrx_word' id='word_1_298' title='bbox 1618 4076 1822 4139; x_wconf 86' lang='lat' dir='ltr'><strong><em>securi</em></strong></span> <span class='ocrx_word' id='word_1_299' title='bbox 1864 4074 2114 4157; x_wconf 83' lang='lat' dir='ltr'><strong><em>aliquid</em></strong></span> <span class='ocrx_word' id='word_1_300' title='bbox 2145 4080 2362 4155; x_wconf 87' lang='lat' dir='ltr'><strong><em>metus,</em></strong></span> <span class='ocrx_word' id='word_1_301' title='bbox 2396 4074 2616 4139; x_wconf 84' lang='lat' dir='ltr'><strong><em>multo-</em></strong></span> 
     </span>
     <span class='ocr_line' id='line_1_41' title="bbox 661 4159 2613 4246; baseline -0.003 -17"><span class='ocrx_word' id='word_1_302' title='bbox 661 4185 779 4246; x_wconf 89' lang='lat' dir='ltr'><strong><em>que</em></strong></span> <span class='ocrx_word' id='word_1_303' title='bbox 811 4162 964 4246; x_wconf 87' lang='lat' dir='ltr'><strong><em>plus</em></strong></span> <span class='ocrx_word' id='word_1_304' title='bbox 1004 4165 1141 4246; x_wconf 81' lang='lat' dir='ltr'><strong><em>spei</em></strong></span> <span class='ocrx_word' id='word_1_305' title='bbox 1173 4184 1360 4245; x_wconf 84' lang='lat' dir='ltr'><strong><em>quam</em></strong></span> <span class='ocrx_word' id='word_1_306' title='bbox 1392 4162 1824 4245; x_wconf 83' lang='lat' dir='ltr'><strong><em>periculorum</em></strong></span> <span class='ocrx_word' id='word_1_307' title='bbox 1853 4165 2118 4226; x_wconf 86' lang='lat' dir='ltr'><strong><em>ostentet.</em></strong></span> <span class='ocrx_word' id='word_1_308' title='bbox 2205 4161 2470 4243; x_wconf 83' lang='lat' dir='ltr'><strong><em>Alioqui</em></strong></span> <span class='ocrx_word' id='word_1_309' title='bbox 2504 4159 2613 4224; x_wconf 88' lang='lat' dir='ltr'><strong><em>ubi</em></strong></span> 
     </span>
     <span class='ocr_line' id='line_1_42' title="bbox 662 4247 2615 4332; baseline -0.002 -18"><span class='ocrx_word' id='word_1_310' title='bbox 662 4250 997 4332; x_wconf 85' lang='lat' dir='ltr'><strong><em>quiescenti</em></strong></span> <span class='ocrx_word' id='word_1_311' title='bbox 1026 4250 1228 4330; x_wconf 84' lang='lat' dir='ltr'><strong><em>paria</em></strong></span> <span class='ocrx_word' id='word_1_312' title='bbox 1270 4253 1644 4327; x_wconf 74' lang='lat' dir='ltr'><strong><em>metuuntur,</em></strong></span> <span class='ocrx_word' id='word_1_313' title='bbox 1689 4248 2008 4312; x_wconf 86' lang='lat' dir='ltr'><strong><em>incurrere</em></strong></span> <span class='ocrx_word' id='word_1_314' title='bbox 2050 4251 2200 4326; x_wconf 79' lang='lat' dir='ltr'><strong><em>[pag.</em></strong></span> <span class='ocrx_word' id='word_1_315' title='bbox 2239 4251 2348 4326; x_wconf 83' lang='grc'><strong><em>83]</em></strong></span> <span class='ocrx_word' id='word_1_316' title='bbox 2399 4247 2469 4311; x_wconf 86' lang='lat' dir='ltr'><strong><em>in</em></strong></span> <span class='ocrx_word' id='word_1_317' title='bbox 2506 4267 2615 4327; x_wconf 89' lang='lat' dir='ltr'><strong><em>pe-</em></strong></span> 
     </span>
     <span class='ocr_line' id='line_1_43' title="bbox 587 4330 2613 4425; baseline -0.003 -22"><span class='ocrx_word' id='word_1_318' title='bbox 587 4410 602 4425; x_wconf 18' lang='lat'><em>*</em></span> <span class='ocrx_word' id='word_1_319' title='bbox 660 4336 870 4403; x_wconf 87' lang='lat' dir='ltr'><strong><em>ricula</em></strong></span> <span class='ocrx_word' id='word_1_320' title='bbox 907 4337 1102 4411; x_wconf 82' lang='lat' dir='ltr'><strong><em>iuvat,</em></strong></span> <span class='ocrx_word' id='word_1_321' title='bbox 1145 4340 1202 4400; x_wconf 85' lang='lat' dir='ltr'><strong><em>et</em></strong></span> <span class='ocrx_word' id='word_1_322' title='bbox 1241 4335 1451 4400; x_wconf 88' lang='lat' dir='ltr'><strong><em>aliena</em></strong></span> <span class='ocrx_word' id='word_1_323' title='bbox 1493 4334 1714 4399; x_wconf 87' lang='lat' dir='ltr'><strong><em>anima</em></strong></span> <span class='ocrx_word' id='word_1_324' title='bbox 1745 4331 1935 4397; x_wconf 88' lang='lat' dir='ltr'><strong><em>abuti.</em></strong></span> <span class='ocrx_word' id='word_1_325' title='bbox 2004 4331 2267 4399; x_wconf 81' lang='lat' dir='ltr'><strong><em>Placido</em></strong></span> <span class='ocrx_word' id='word_1_326' title='bbox 2303 4330 2613 4415; x_wconf 87' lang='lat' dir='ltr'><strong><em>tranquil-</em></strong></span> 
     </span>
    </p>

    <p class='ocr_par' dir='ltr' id='par_1_5' title="bbox 651 4418 2617 4849">
     <span class='ocr_line' id='line_1_44' title="bbox 663 4418 2615 4517; baseline -0.002 -31"><span class='ocrx_word' id='word_1_327' title='bbox 663 4423 838 4504; x_wconf 82' lang='lat' dir='ltr'><strong><em>loque</em></strong></span> <span class='ocrx_word' id='word_1_328' title='bbox 879 4422 1012 4505; x_wconf 77' lang='lat' dir='ltr'><strong><em>reqi</em></strong></span> <span class='ocrx_word' id='word_1_329' title='bbox 1050 4421 1186 4502; x_wconf 77' lang='lat' dir='ltr'><strong><em>fida</em></strong></span> <span class='ocrx_word' id='word_1_330' title='bbox 1240 4425 1388 4485; x_wconf 81' lang='lat' dir='ltr'><strong><em>sunt</em></strong></span> <span class='ocrx_word' id='word_1_331' title='bbox 1443 4419 1695 4516; x_wconf 77' lang='lat' dir='ltr'><strong><em>auxilia</em></strong></span> <span class='ocrx_word' id='word_1_332' title='bbox 1746 4439 1897 4497; x_wconf 88' lang='lat' dir='ltr'><strong><em>sua,</em></strong></span> <span class='ocrx_word' id='word_1_333' title='bbox 1954 4418 2179 4517; x_wconf 84' lang='lat' dir='ltr'><strong><em>quibus</em></strong></span> <span class='ocrx_word' id='word_1_334' title='bbox 2221 4419 2307 4484; x_wconf 86' lang='lat' dir='ltr'><strong><em>ad</em></strong></span> <span class='ocrx_word' id='word_1_335' title='bbox 2348 4438 2615 4517; x_wconf 71' lang='lat' dir='ltr'><strong><em>commu-</em></strong></span> 
     </span>
     <span class='ocr_line' id='line_1_45' title="bbox 651 4675 2617 4763; baseline -0.003 -18"><span class='ocrx_word' id='word_1_336' title='bbox 651 4680 921 4763; x_wconf 85' lang='lat' dir='ltr'><strong><em>patitur‚</em></strong></span> <span class='ocrx_word' id='word_1_337' title='bbox 963 4683 1035 4742; x_wconf 90' lang='lat' dir='ltr'><strong><em>ut</em></strong></span> <span class='ocrx_word' id='word_1_338' title='bbox 1064 4679 1356 4760; x_wconf 86' lang='lat' dir='ltr'><strong><em>parentis</em></strong></span> <span class='ocrx_word' id='word_1_339' title='bbox 1397 4681 1612 4741; x_wconf 87' lang='lat' dir='ltr'><strong><em>custos.</em></strong></span> <span class='ocrx_word' id='word_1_340' title='bbox 1689 4675 1784 4740; x_wconf 84' lang='lat' dir='ltr'><strong><em>At</em></strong></span> <span class='ocrx_word' id='word_1_341' title='bbox 1825 4675 2006 4741; x_wconf 81' lang='lat' dir='ltr'><strong><em>illum</em></strong></span> <span class='ocrx_word' id='word_1_342' title='bbox 2048 4675 2332 4742; x_wconf 87' lang='lat' dir='ltr'><strong><em>acerbum</em></strong></span> <span class='ocrx_word' id='word_1_343' title='bbox 2373 4682 2430 4741; x_wconf 82' lang='lat' dir='ltr'><strong><em>et</em></strong></span> <span class='ocrx_word' id='word_1_344' title='bbox 2469 4696 2617 4741; x_wconf 88' lang='lat' dir='ltr'><strong><em>san-</em></strong></span> 
     </span>
     <span class='ocr_line' id='line_1_46' title="bbox 661 4762 2357 4849; baseline -0.002 -19"><span class='ocrx_word' id='word_1_345' title='bbox 661 4765 1033 4849; x_wconf 76' lang='lat' dir='ltr'><strong><em>quinarium</em></strong></span> <span class='ocrx_word' id='word_1_346' title='bbox 1073 4783 1310 4829; x_wconf 85' lang='lat' dir='ltr'><strong><em>necesse</em></strong></span> <span class='ocrx_word' id='word_1_347' title='bbox 1350 4768 1442 4829; x_wconf 86' lang='lat' dir='ltr'><strong><em>est</em></strong></span> <span class='ocrx_word' id='word_1_348' title='bbox 1478 4766 1820 4845; x_wconf 77' lang='lat' dir='ltr'><strong><em>qraventur</em></strong></span> <span class='ocrx_word' id='word_1_349' title='bbox 1860 4762 2193 4842; x_wconf 83' lang='lat' dir='ltr'><strong><em>stipatores</em></strong></span> <span class='ocrx_word' id='word_1_350' title='bbox 2232 4764 2357 4827; x_wconf 86' lang='lat' dir='ltr'><strong><em>sui.</em></strong></span> 
     </span>
    </p>

    <p class='ocr_par' dir='ltr' id='par_1_6' title="bbox 667 4880 2618 5050">
     <span class='ocr_line' id='line_1_47' title="bbox 844 4880 2618 4970; baseline -0.003 -20"><span class='ocrx_word' id='word_1_351' title='bbox 844 4884 1013 4966; x_wconf 78' lang='lat' dir='ltr'><strong><em>Quid</em></strong></span> <span class='ocrx_word' id='word_1_352' title='bbox 1055 4903 1198 4967; x_wconf 76' lang='lat' dir='ltr'><strong><em>erqo</em></strong></span> <span class='ocrx_word' id='word_1_353' title='bbox 1213 4881 1281 4970; x_wconf 64' lang='grc' dir='ltr'><strong><em>ἓ]</em></strong></span> <span class='ocrx_word' id='word_1_354' title='bbox 1370 4882 1811 4965; x_wconf 82' lang='lat' dir='ltr'><strong><em>Interrogatio</em></strong></span> <span class='ocrx_word' id='word_1_355' title='bbox 1825 4932 1841 4961; x_wconf 95' lang='lat'><strong><em>,</em></strong></span> <span class='ocrx_word' id='word_1_356' title='bbox 1902 4902 2068 4964; x_wconf 87' lang='lat' dir='ltr'><strong><em>quae</em></strong></span> <span class='ocrx_word' id='word_1_357' title='bbox 2126 4880 2618 4966; x_wconf 76' lang='lat' dir='ltr'><strong><em>dispositionem</em></strong></span> 
     </span>
     <span class='ocr_line' id='line_1_48' title="bbox 667 4965 2617 5050; baseline -0.003 -14"><span class='ocrx_word' id='word_1_358' title='bbox 667 4969 941 5036; x_wconf 83' lang='lat' dir='ltr'><strong><em>adiuvat</em></strong></span> <span class='ocrx_word' id='word_1_359' title='bbox 981 4978 1050 5035; x_wconf 91' lang='lat' dir='ltr'><strong><em>et</em></strong></span> <span class='ocrx_word' id='word_1_360' title='bbox 1090 4969 1336 5035; x_wconf 84' lang='lat' dir='ltr'><strong><em>excitat</em></strong></span> <span class='ocrx_word' id='word_1_361' title='bbox 1376 4966 1756 5033; x_wconf 79' lang='lat' dir='ltr'><strong><em>auditorem.</em></strong></span> <span class='ocrx_word' id='word_1_362' title='bbox 1848 4965 2073 5050; x_wconf 82' lang='lat' dir='ltr'><strong><em>Quum</em></strong></span> <span class='ocrx_word' id='word_1_363' title='bbox 2114 4967 2294 5033; x_wconf 90' lang='lat' dir='ltr'><strong><em>enim</em></strong></span> <span class='ocrx_word' id='word_1_364' title='bbox 2337 4988 2419 5033; x_wconf 90' lang='lat' dir='ltr'><strong><em>ea</em></strong></span> <span class='ocrx_word' id='word_1_365' title='bbox 2449 4987 2617 5050; x_wconf 89' lang='lat' dir='ltr'><strong><em>quae</em></strong></span> 
     </span>
    </p>
   </div>
   <div class='ocr_carea' id='block_1_5' title="bbox 803 5102 1080 5110">
    <p class='ocr_par' dir='ltr' id='par_1_7' title="bbox 803 5102 1080 5110">
     <span class='ocr_line' id='line_1_49' title="bbox 803 5102 1080 5110; baseline 0 0"><span class='ocrx_word' id='word_1_366' title='bbox 803 5102 1080 5110; x_wconf 95' lang='lat' dir='ltr'><strong><em> </em></strong></span> 
     </span>
    </p>
   </div>
   <div class='ocr_carea' id='block_1_6' title="bbox 667 5171 2618 5300">
    <p class='ocr_par' dir='ltr' id='par_1_8' title="bbox 667 5171 2618 5300">
     <span class='ocr_line' id='line_1_50' title="bbox 807 5171 2618 5243; baseline -0.002 -15"><span class='ocrx_word' id='word_1_367' title='bbox 807 5174 865 5241; x_wconf 89' lang='lat'><strong><em>1)</em></strong></span> <span class='ocrx_word' id='word_1_368' title='bbox 904 5174 1014 5229; x_wconf 76' lang='lat' dir='ltr'><strong><em>Ed.</em></strong></span> <span class='ocrx_word' id='word_1_369' title='bbox 1037 5173 1197 5228; x_wconf 77' lang='lat'>1597:</span> <span class='ocrx_word' id='word_1_370' title='bbox 1233 5174 1513 5241; x_wconf 78' lang='lat' dir='ltr'><strong><em>invicini0,</em></strong></span> <span class='ocrx_word' id='word_1_371' title='bbox 1549 5171 1911 5242; x_wconf 73' lang='lat' dir='ltr'><strong><em>quodoitium</em></strong></span> <span class='ocrx_word' id='word_1_372' title='bbox 1946 5179 2224 5243; x_wconf 60' lang='lat' dir='ltr'><strong><em>sequence</em></strong></span> <span class='ocrx_word' id='word_1_373' title='bbox 2257 5174 2342 5228; x_wconf 82' lang='lat' dir='ltr'><strong><em>ita</em></strong></span> <span class='ocrx_word' id='word_1_374' title='bbox 2374 5187 2618 5228; x_wconf 62' lang='lat' dir='ltr'><strong><em>correxe-</em></strong></span> 
     </span>
     <span class='ocr_line' id='line_1_51' title="bbox 667 5243 1547 5300; baseline -0.002 0"><span class='ocrx_word' id='word_1_375' title='bbox 667 5250 800 5300; x_wconf 74' lang='lat' dir='ltr'><strong><em>runt</em></strong></span> <span class='ocrx_word' id='word_1_376' title='bbox 833 5250 895 5298; x_wconf 86' lang='lat' dir='ltr'><strong><em>ut</em></strong></span> <span class='ocrx_word' id='word_1_377' title='bbox 928 5245 982 5299; x_wconf 89' lang='lat' dir='ltr'><strong><em>in</em></strong></span> <span class='ocrx_word' id='word_1_378' title='bbox 1014 5244 1207 5300; x_wconf 81' lang='lat' dir='ltr'><strong><em>vicinia</em></strong></span> <span class='ocrx_word' id='word_1_379' title='bbox 1239 5243 1547 5298; x_wconf 74' lang='lat' dir='ltr'><strong><em>seriberent.</em></strong></span> 
     </span>
    </p>
   </div>
   <div class='ocr_carea' id='block_1_7' title="bbox 2283 310 3007 381">
    <p class='ocr_par' dir='ltr' id='par_1_9' title="bbox 2283 310 3007 381">
     <span class='ocr_line' id='line_1_52' title="bbox 2283 310 3007 381; baseline -0.001 -3"><span class='ocrx_word' id='word_1_380' title='bbox 2283 312 2412 380; x_wconf 73' lang='lat' dir='ltr'><strong><em>DE</em></strong></span> <span class='ocrx_word' id='word_1_381' title='bbox 2456 310 3007 381; x_wconf 71' lang='lat' dir='ltr'>CLEMENTIA</span> 
     </span>
    </p>
   </div>
   <div class='ocr_carea' id='block_1_8' title="bbox 4545 305 4616 369">
    <p class='ocr_par' dir='ltr' id='par_1_10' title="bbox 4545 305 4616 369">
     <span class='ocr_line' id='line_1_53' title="bbox 4545 305 4616 369; baseline 0 0"><span class='ocrx_word' id='word_1_382' title='bbox 4545 305 4616 369; x_wconf 69' lang='lat'><strong><em>92</em></strong></span> 
     </span>
    </p>
   </div>
   <div class='ocr_carea' id='block_1_9' title="bbox 2657 493 4655 4966">
    <p class='ocr_par' dir='ltr' id='par_1_11' title="bbox 2701 493 4627 925">
     <span class='ocr_line' id='line_1_54' title="bbox 2703 493 4623 583; baseline -0.002 -19"><span class='ocrx_word' id='word_1_383' title='bbox 2703 498 2786 565; x_wconf 89' lang='lat' dir='ltr'><strong><em>de</em></strong></span> <span class='ocrx_word' id='word_1_384' title='bbox 2820 497 3191 564; x_wconf 85' lang='lat' dir='ltr'><strong><em>differentia</em></strong></span> <span class='ocrx_word' id='word_1_385' title='bbox 3224 498 3400 564; x_wconf 88' lang='lat' dir='ltr'><strong><em>inter</em></strong></span> <span class='ocrx_word' id='word_1_386' title='bbox 3575 519 3643 562; x_wconf 87' lang='lat' dir='ltr'><strong><em>m</em></strong></span> <span class='ocrx_word' id='word_1_387' title='bbox 3678 506 3745 563; x_wconf 90' lang='lat' dir='ltr'><strong><em>et</em></strong></span> <span class='ocrx_word' id='word_1_388' title='bbox 3777 505 4139 583; x_wconf 82' lang='lat' dir='ltr'><strong><em>tyrannum</em></strong></span> <span class='ocrx_word' id='word_1_389' title='bbox 4168 493 4449 562; x_wconf 80' lang='lat' dir='ltr'><strong><em>breviter</em></strong></span> <span class='ocrx_word' id='word_1_390' title='bbox 4466 515 4623 561; x_wconf 83' lang='lat' dir='ltr'><strong><em>com-</em></strong></span> 
     </span>
     <span class='ocr_line' id='line_1_55' title="bbox 2701 520 4624 670; baseline -0.001 -21"><span class='ocrx_word' id='word_1_391' title='bbox 2701 585 2936 668; x_wconf 85' lang='lat' dir='ltr'><strong><em>plexus</em></strong></span> <span class='ocrx_word' id='word_1_392' title='bbox 2980 592 3098 663; x_wconf 89' lang='lat' dir='ltr'><strong><em>est,</em></strong></span> <span class='ocrx_word' id='word_1_393' title='bbox 3143 585 3344 670; x_wconf 84' lang='lat' dir='ltr'><strong><em>longa</em></strong></span> <span class='ocrx_word' id='word_1_394' title='bbox 3382 520 3731 650; x_wconf 57' lang='lat' dir='ltr'><strong><em>vffirum</em></strong></span> <span class='ocrx_word' id='word_1_395' title='bbox 3774 584 3944 648; x_wconf 89' lang='lat' dir='ltr'><strong><em>serie</em></strong></span> <span class='ocrx_word' id='word_1_396' title='bbox 3986 589 4213 666; x_wconf 81' lang='lat' dir='ltr'><strong><em>postea</em></strong></span> <span class='ocrx_word' id='word_1_397' title='bbox 4253 581 4342 648; x_wconf 87' lang='lat' dir='ltr'><strong><em>sit</em></strong></span> <span class='ocrx_word' id='word_1_398' title='bbox 4382 602 4624 648; x_wconf 86' lang='lat' dir='ltr'><strong><em>enarra-</em></strong></span> 
     </span>
     <span class='ocr_line' id='line_1_56' title="bbox 2702 667 4625 754; baseline -0.001 -18"><span class='ocrx_word' id='word_1_399' title='bbox 2702 679 2914 750; x_wconf 87' lang='lat' dir='ltr'><strong><em>turus,</em></strong></span> <span class='ocrx_word' id='word_1_400' title='bbox 2951 671 3172 736; x_wconf 90' lang='lat' dir='ltr'><strong><em>minus</em></strong></span> <span class='ocrx_word' id='word_1_401' title='bbox 3205 671 3371 736; x_wconf 85' lang='lat' dir='ltr'><strong><em>haec</em></strong></span> <span class='ocrx_word' id='word_1_402' title='bbox 3390 669 3711 736; x_wconf 90' lang='lat' dir='ltr'><strong><em>haberent</em></strong></span> <span class='ocrx_word' id='word_1_403' title='bbox 3745 668 4016 754; x_wconf 80' lang='lat' dir='ltr'><strong><em>gratiae,</em></strong></span> <span class='ocrx_word' id='word_1_404' title='bbox 4054 669 4109 733; x_wconf 91' lang='lat' dir='ltr'><strong><em>si</em></strong></span> <span class='ocrx_word' id='word_1_405' title='bbox 4146 667 4397 751; x_wconf 86' lang='lat' dir='ltr'><strong><em>aequali</em></strong></span> <span class='ocrx_word' id='word_1_406' title='bbox 4430 677 4625 735; x_wconf 73' lang='lat' dir='ltr'><strong><em>tracm</em></strong></span> 
     </span>
     <span class='ocr_line' id='line_1_57' title="bbox 2701 753 4627 840; baseline -0.002 -18"><span class='ocrx_word' id='word_1_407' title='bbox 2701 756 3137 840; x_wconf 75' lang='lat' dir='ltr'><strong><em>pronunciata</em></strong></span> <span class='ocrx_word' id='word_1_408' title='bbox 3180 763 3417 834; x_wconf 88' lang='lat' dir='ltr'><strong><em>essent,</em></strong></span> <span class='ocrx_word' id='word_1_409' title='bbox 3463 757 3535 820; x_wconf 91' lang='lat' dir='ltr'><strong><em>in</em></strong></span> <span class='ocrx_word' id='word_1_410' title='bbox 3577 756 3756 822; x_wconf 90' lang='lat' dir='ltr'><strong><em>hunc</em></strong></span> <span class='ocrx_word' id='word_1_411' title='bbox 3797 753 4095 838; x_wconf 81' lang='lat' dir='ltr'><strong><em>modum:</em></strong></span> <span class='ocrx_word' id='word_1_412' title='bbox 4141 754 4315 819; x_wconf 85' lang='lat' dir='ltr'><strong><em>Nam</em></strong></span> <span class='ocrx_word' id='word_1_413' title='bbox 4357 760 4431 820; x_wconf 78' lang='lat' dir='ltr'><strong><em>et</em></strong></span> <span class='ocrx_word' id='word_1_414' title='bbox 4461 773 4627 840; x_wconf 78' lang='lat' dir='ltr'><strong><em>reges</em></strong></span> 
     </span>
     <span class='ocr_line' id='line_1_58' title="bbox 2702 841 3889 925; baseline -0.003 -16"><span class='ocrx_word' id='word_1_415' title='bbox 2702 841 2997 909; x_wconf 83' lang='lat' dir='ltr'><strong><em>occidere</em></strong></span> <span class='ocrx_word' id='word_1_416' title='bbox 3041 842 3272 920; x_wconf 79' lang='lat' dir='ltr'><strong><em>solent,</em></strong></span> <span class='ocrx_word' id='word_1_417' title='bbox 3319 842 3433 908; x_wconf 86' lang='lat' dir='ltr'><strong><em>sed</em></strong></span> <span class='ocrx_word' id='word_1_418' title='bbox 3478 842 3733 925; x_wconf 87' lang='lat' dir='ltr'><strong><em>quoties</em></strong></span> <span class='ocrx_word' id='word_1_419' title='bbox 3769 847 3889 907; x_wconf 83' lang='lat' dir='ltr'><strong><em>etc.</em></strong></span> 
     </span>
    </p>

    <p class='ocr_par' dir='ltr' id='par_1_12' title="bbox 2657 925 4649 3844">
     <span class='ocr_line' id='line_1_59' title="bbox 2879 925 4630 1014; baseline 0.001 -22"><span class='ocrx_word' id='word_1_420' title='bbox 2879 928 3054 993; x_wconf 87' lang='lat' dir='ltr'><strong><em>Nam</em></strong></span> <span class='ocrx_word' id='word_1_421' title='bbox 3100 933 3156 993; x_wconf 88' lang='lat' dir='ltr'><strong><em>et</em></strong></span> <span class='ocrx_word' id='word_1_422' title='bbox 3198 928 3555 1012; x_wconf 78' lang='lat' dir='ltr'><strong><em>Dionysius</em></strong></span> <span class='ocrx_word' id='word_1_423' title='bbox 3594 925 3825 1014; x_wconf 83' lang='lat' dir='ltr'><strong><em>maior]</em></strong></span> <span class='ocrx_word' id='word_1_424' title='bbox 3874 927 4230 1012; x_wconf 78' lang='lat' dir='ltr'><strong><em>Dionysius</em></strong></span> <span class='ocrx_word' id='word_1_425' title='bbox 4273 927 4480 990; x_wconf 82' lang='lat' dir='ltr'><strong><em>maior</em></strong></span> <span class='ocrx_word' id='word_1_426' title='bbox 4514 947 4630 993; x_wconf 89' lang='lat' dir='ltr'><strong><em>non</em></strong></span> 
     </span>
     <span class='ocr_line' id='line_1_60' title="bbox 2704 1010 4630 1099; baseline 0 -22"><span class='ocrx_word' id='word_1_427' title='bbox 2704 1034 2852 1094; x_wconf 85' lang='lat' dir='ltr'><strong><em>rex,</em></strong></span> <span class='ocrx_word' id='word_1_428' title='bbox 2909 1013 3026 1079; x_wconf 86' lang='lat' dir='ltr'><strong><em>sed</em></strong></span> <span class='ocrx_word' id='word_1_429' title='bbox 3082 1026 3407 1099; x_wconf 79' lang='lat' dir='ltr'><strong><em>tyrannus</em></strong></span> <span class='ocrx_word' id='word_1_430' title='bbox 3464 1011 3951 1097; x_wconf 76' lang='lat' dir='ltr'><strong><em>Syracusarum</em></strong></span> <span class='ocrx_word' id='word_1_431' title='bbox 4009 1012 4208 1096; x_wconf 80' lang='lat' dir='ltr'><strong><em>vulgo</em></strong></span> <span class='ocrx_word' id='word_1_432' title='bbox 4261 1010 4519 1078; x_wconf 85' lang='lat' dir='ltr'><strong><em>dicitur:</em></strong></span> <span class='ocrx_word' id='word_1_433' title='bbox 4573 1019 4630 1077; x_wconf 85' lang='lat' dir='ltr'><strong><em>et</em></strong></span> 
     </span>
     <span class='ocr_line' id='line_1_61' title="bbox 2704 1097 4631 1183; baseline -0.001 -19"><span class='ocrx_word' id='word_1_434' title='bbox 2704 1109 2930 1165; x_wconf 88' lang='lat' dir='ltr'><strong><em>tamen</em></strong></span> <span class='ocrx_word' id='word_1_435' title='bbox 2972 1098 3167 1165; x_wconf 87' lang='lat' dir='ltr'><strong><em>multi</em></strong></span> <span class='ocrx_word' id='word_1_436' title='bbox 3209 1099 3325 1183; x_wconf 91' lang='lat' dir='ltr'><strong><em>qui</em></strong></span> <span class='ocrx_word' id='word_1_437' title='bbox 3366 1119 3557 1183; x_wconf 84' lang='lat' dir='ltr'><strong><em>reges</em></strong></span> <span class='ocrx_word' id='word_1_438' title='bbox 3602 1098 3918 1183; x_wconf 87' lang='lat' dir='ltr'><strong><em>appellati</em></strong></span> <span class='ocrx_word' id='word_1_439' title='bbox 3971 1105 4156 1176; x_wconf 85' lang='lat' dir='ltr'><strong><em>sunt,</em></strong></span> <span class='ocrx_word' id='word_1_440' title='bbox 4211 1097 4419 1162; x_wconf 75' lang='lat' dir='ltr'><strong><em>multo</em></strong></span> <span class='ocrx_word' id='word_1_441' title='bbox 4471 1118 4631 1164; x_wconf 73' lang='lat' dir='ltr'><strong><em>acer·-</em></strong></span> 
     </span>
     <span class='ocr_line' id='line_1_62' title="bbox 2702 1183 4629 1269; baseline -0.002 -17"><span class='ocrx_word' id='word_1_442' title='bbox 2702 1185 2850 1251; x_wconf 84' lang='lat' dir='ltr'><strong><em>bius</em></strong></span> <span class='ocrx_word' id='word_1_443' title='bbox 2894 1193 3336 1251; x_wconf 82' lang='lat' dir='ltr'><strong><em>exercuerunt</em></strong></span> <span class='ocrx_word' id='word_1_444' title='bbox 3390 1206 3668 1269; x_wconf 80' lang='lat' dir='ltr'><strong><em>regnum</em></strong></span> <span class='ocrx_word' id='word_1_445' title='bbox 3683 1236 3698 1263; x_wconf 93' lang='lat'><strong><em>,</em></strong></span> <span class='ocrx_word' id='word_1_446' title='bbox 3757 1205 3954 1268; x_wconf 90' lang='lat' dir='ltr'><strong><em>quam</em></strong></span> <span class='ocrx_word' id='word_1_447' title='bbox 4009 1183 4154 1267; x_wconf 85' lang='lat' dir='ltr'><strong><em>ipse</em></strong></span> <span class='ocrx_word' id='word_1_448' title='bbox 4210 1183 4629 1268; x_wconf 76' lang='lat' dir='ltr'><strong><em>tyrannidem.</em></strong></span> 
     </span>
     <span class='ocr_line' id='line_1_63' title="bbox 2702 1270 4632 1356; baseline -0.001 -21"><span class='ocrx_word' id='word_1_449' title='bbox 2702 1271 2836 1335; x_wconf 87' lang='lat' dir='ltr'><strong><em>Hic</em></strong></span> <span class='ocrx_word' id='word_1_450' title='bbox 2875 1271 3081 1356; x_wconf 80' lang='lat' dir='ltr'><strong><em>igitur</em></strong></span> <span class='ocrx_word' id='word_1_451' title='bbox 3118 1293 3257 1351; x_wconf 82' lang='lat' dir='ltr'><strong><em>rex,</em></strong></span> <span class='ocrx_word' id='word_1_452' title='bbox 3302 1271 3399 1336; x_wconf 90' lang='lat' dir='ltr'><strong><em>illi</em></strong></span> <span class='ocrx_word' id='word_1_453' title='bbox 3443 1271 3663 1336; x_wconf 88' lang='lat' dir='ltr'><strong><em>verius</em></strong></span> <span class='ocrx_word' id='word_1_454' title='bbox 3705 1271 4003 1356; x_wconf 71' lang='lat' dir='ltr'><strong><em>tyranni,</em></strong></span> <span class='ocrx_word' id='word_1_455' title='bbox 4039 1272 4095 1334; x_wconf 89' lang='lat' dir='ltr'><strong><em>si</em></strong></span> <span class='ocrx_word' id='word_1_456' title='bbox 4139 1291 4222 1335; x_wconf 85' lang='lat' dir='ltr'><strong><em>ex</em></strong></span> <span class='ocrx_word' id='word_1_457' title='bbox 4262 1270 4399 1336; x_wconf 89' lang='lat' dir='ltr'><strong><em>suis</em></strong></span> <span class='ocrx_word' id='word_1_458' title='bbox 4442 1270 4632 1353; x_wconf 76' lang='lat' dir='ltr'><strong><em>operi-</em></strong></span> 
     </span>
     <span class='ocr_line' id='line_1_64' title="bbox 2701 1353 4633 1440; baseline -0.002 -18"><span class='ocrx_word' id='word_1_459' title='bbox 2701 1357 2824 1422; x_wconf 89' lang='lat' dir='ltr'><strong><em>bus</em></strong></span> <span class='ocrx_word' id='word_1_460' title='bbox 2861 1357 3308 1423; x_wconf 68' lang='lat' dir='ltr'><strong><em>aestimentur.</em></strong></span> <span class='ocrx_word' id='word_1_461' title='bbox 3374 1357 3605 1440; x_wconf 87' lang='lat' dir='ltr'><strong><em>Neque</em></strong></span> <span class='ocrx_word' id='word_1_462' title='bbox 3640 1365 3861 1422; x_wconf 83' lang='lat' dir='ltr'><strong><em>tamen</em></strong></span> <span class='ocrx_word' id='word_1_463' title='bbox 3892 1353 4261 1439; x_wconf 84' lang='lat' dir='ltr'><strong><em>Dionysius</em></strong></span> <span class='ocrx_word' id='word_1_464' title='bbox 4293 1355 4433 1439; x_wconf 89' lang='lat' dir='ltr'><strong><em>ipse</em></strong></span> <span class='ocrx_word' id='word_1_465' title='bbox 4466 1376 4633 1420; x_wconf 89' lang='lat' dir='ltr'><strong><em>man·</em></strong></span> 
     </span>
     <span class='ocr_line' id='line_1_65' title="bbox 2702 1441 4634 1526; baseline -0.002 -17"><span class='ocrx_word' id='word_1_466' title='bbox 2702 1451 2933 1509; x_wconf 88' lang='lat' dir='ltr'><strong><em>suetus</em></strong></span> <span class='ocrx_word' id='word_1_467' title='bbox 2978 1464 3098 1526; x_wconf 89' lang='lat' dir='ltr'><strong><em>per</em></strong></span> <span class='ocrx_word' id='word_1_468' title='bbox 3140 1464 3212 1509; x_wconf 89' lang='lat' dir='ltr'><strong><em>se</em></strong></span> <span class='ocrx_word' id='word_1_469' title='bbox 3254 1451 3371 1509; x_wconf 88' lang='lat' dir='ltr'><strong><em>aut</em></strong></span> <span class='ocrx_word' id='word_1_470' title='bbox 3421 1441 3798 1508; x_wconf 88' lang='lat' dir='ltr'><strong><em>moderatus</em></strong></span> <span class='ocrx_word' id='word_1_471' title='bbox 3851 1442 4004 1507; x_wconf 87' lang='lat' dir='ltr'><strong><em>fnit:</em></strong></span> <span class='ocrx_word' id='word_1_472' title='bbox 4065 1463 4261 1525; x_wconf 89' lang='lat' dir='ltr'><strong><em>quem</em></strong></span> <span class='ocrx_word' id='word_1_473' title='bbox 4317 1443 4508 1506; x_wconf 89' lang='lat' dir='ltr'><strong><em>etiam</em></strong></span> <span class='ocrx_word' id='word_1_474' title='bbox 4549 1441 4634 1505; x_wconf 90' lang='lat' dir='ltr'><strong><em>di-</em></strong></span> 
     </span>
     <span class='ocr_line' id='line_1_66' title="bbox 2702 1528 4636 1612; baseline -0.001 -19"><span class='ocrx_word' id='word_1_475' title='bbox 2702 1550 2856 1593; x_wconf 86' lang='lat' dir='ltr'><strong><em>rum</em></strong></span> <span class='ocrx_word' id='word_1_476' title='bbox 2898 1538 3092 1612; x_wconf 81' lang='lat' dir='ltr'><strong><em>atque</em></strong></span> <span class='ocrx_word' id='word_1_477' title='bbox 3137 1528 3471 1595; x_wconf 79' lang='lat' dir='ltr'><strong><em>exitialem</em></strong></span> <span class='ocrx_word' id='word_1_478' title='bbox 3519 1529 3712 1593; x_wconf 85' lang='lat' dir='ltr'><strong><em>terris</em></strong></span> <span class='ocrx_word' id='word_1_479' title='bbox 3754 1528 4053 1593; x_wconf 85' lang='lat' dir='ltr'><strong><em>futurum</em></strong></span> <span class='ocrx_word' id='word_1_480' title='bbox 4096 1528 4353 1593; x_wconf 86' lang='lat' dir='ltr'><strong><em>somnia</em></strong></span> <span class='ocrx_word' id='word_1_481' title='bbox 4395 1535 4636 1611; x_wconf 85' lang='lat' dir='ltr'><strong><em>porten-</em></strong></span> 
     </span>
     <span class='ocr_line' id='line_1_67' title="bbox 2703 1612 4636 1699; baseline -0.001 -21"><span class='ocrx_word' id='word_1_482' title='bbox 2703 1612 2943 1679; x_wconf 89' lang='lat' dir='ltr'><strong><em>derunt</em></strong></span> <span class='ocrx_word' id='word_1_483' title='bbox 2987 1623 3336 1699; x_wconf 86' lang='lat' dir='ltr'><strong><em>antequam</em></strong></span> <span class='ocrx_word' id='word_1_484' title='bbox 3379 1625 3775 1693; x_wconf 88' lang='lat' dir='ltr'><strong><em>nasceretur,</em></strong></span> <span class='ocrx_word' id='word_1_485' title='bbox 3822 1623 3897 1679; x_wconf 90' lang='lat' dir='ltr'><strong><em>ut</em></strong></span> <span class='ocrx_word' id='word_1_486' title='bbox 3938 1613 4141 1681; x_wconf 84' lang='lat' dir='ltr'><strong><em>refert</em></strong></span> <span class='ocrx_word' id='word_1_487' title='bbox 4158 1613 4486 1680; x_wconf 83' lang='lat' dir='ltr'><strong><em>Valerius.</em></strong></span> <span class='ocrx_word' id='word_1_488' title='bbox 4557 1614 4636 1678; x_wconf 84' lang='lat' dir='ltr'><strong><em>Bt</em></strong></span> 
     </span>
     <span class='ocr_line' id='line_1_68' title="bbox 2703 1697 4638 1767; baseline -0.001 -2"><span class='ocrx_word' id='word_1_489' title='bbox 2703 1700 3081 1766; x_wconf 80' lang='lat' dir='ltr'><strong><em>Macrobius</em></strong></span> <span class='ocrx_word' id='word_1_490' title='bbox 3133 1700 3785 1766; x_wconf 86' lang='lat' dir='ltr'><strong><em>inclementissimum</em></strong></span> <span class='ocrx_word' id='word_1_491' title='bbox 3840 1700 4027 1765; x_wconf 90' lang='lat' dir='ltr'><strong><em>aulae</em></strong></span> <span class='ocrx_word' id='word_1_492' title='bbox 4069 1698 4337 1767; x_wconf 78' lang='lat' dir='ltr'><strong><em>Siculae</em></strong></span> <span class='ocrx_word' id='word_1_493' title='bbox 4390 1697 4638 1766; x_wconf 84' lang='lat' dir='ltr'><strong><em>incuba-</em></strong></span> 
     </span>
     <span class='ocr_line' id='line_1_69' title="bbox 2704 1786 4639 1870; baseline -0.001 -19"><span class='ocrx_word' id='word_1_494' title='bbox 2704 1794 2916 1851; x_wconf 88' lang='lat' dir='ltr'><strong><em>torem</em></strong></span> <span class='ocrx_word' id='word_1_495' title='bbox 2951 1796 3167 1853; x_wconf 82' lang='lat' dir='ltr'><strong><em>vocat:</em></strong></span> <span class='ocrx_word' id='word_1_496' title='bbox 3211 1788 3323 1870; x_wconf 89' lang='lat' dir='ltr'><strong><em>qui</em></strong></span> <span class='ocrx_word' id='word_1_497' title='bbox 3369 1787 3687 1852; x_wconf 88' lang='lat' dir='ltr'><strong><em>submotis</em></strong></span> <span class='ocrx_word' id='word_1_498' title='bbox 3723 1787 3966 1863; x_wconf 88' lang='lat' dir='ltr'><strong><em>amicis,</em></strong></span> <span class='ocrx_word' id='word_1_499' title='bbox 4013 1786 4316 1852; x_wconf 86' lang='lat' dir='ltr'><strong><em>homines</em></strong></span> <span class='ocrx_word' id='word_1_500' title='bbox 4352 1786 4639 1852; x_wconf 69' lang='lat' dir='ltr'><strong><em>barbam</em></strong></span> 
     </span>
     <span class='ocr_line' id='line_1_70' title="bbox 2704 1871 4636 1954; baseline -0.001 -16"><span class='ocrx_word' id='word_1_501' title='bbox 2704 1884 2772 1938; x_wconf 91' lang='lat' dir='ltr'><strong><em>et</em></strong></span> <span class='ocrx_word' id='word_1_502' title='bbox 2813 1872 3251 1939; x_wconf 86' lang='lat' dir='ltr'><strong><em>ferocissimos</em></strong></span> <span class='ocrx_word' id='word_1_503' title='bbox 3311 1874 3382 1938; x_wconf 88' lang='lat' dir='ltr'><strong><em>in</em></strong></span> <span class='ocrx_word' id='word_1_504' title='bbox 3439 1892 3668 1937; x_wconf 88' lang='lat' dir='ltr'><strong><em>eorum</em></strong></span> <span class='ocrx_word' id='word_1_505' title='bbox 3724 1872 3942 1937; x_wconf 89' lang='lat' dir='ltr'><strong><em>locum</em></strong></span> <span class='ocrx_word' id='word_1_506' title='bbox 3998 1871 4366 1950; x_wconf 69' lang='lat' dir='ltr'><strong><em>substituit,</em></strong></span> <span class='ocrx_word' id='word_1_507' title='bbox 4421 1872 4636 1954; x_wconf 86' lang='lat' dir='ltr'><strong><em>quibus</em></strong></span> 
     </span>
     <span class='ocr_line' id='line_1_71' title="bbox 2703 1956 4637 2042; baseline 0.001 -19"><span class='ocrx_word' id='word_1_508' title='bbox 2703 1958 2915 2023; x_wconf 89' lang='lat' dir='ltr'><strong><em>latera</em></strong></span> <span class='ocrx_word' id='word_1_509' title='bbox 2968 1978 3090 2023; x_wconf 90' lang='lat' dir='ltr'><strong><em>sua</em></strong></span> <span class='ocrx_word' id='word_1_510' title='bbox 3147 1960 3599 2025; x_wconf 80' lang='lat' dir='ltr'><strong><em>committeret.</em></strong></span> <span class='ocrx_word' id='word_1_511' title='bbox 3699 1957 3945 2024; x_wconf 88' lang='lat' dir='ltr'><strong><em>Verum</em></strong></span> <span class='ocrx_word' id='word_1_512' title='bbox 3990 1956 4405 2042; x_wconf 87' lang='lat' dir='ltr'><strong><em>quorundam</em></strong></span> <span class='ocrx_word' id='word_1_513' title='bbox 4447 1957 4637 2024; x_wconf 77' lang='lat' dir='ltr'><strong><em>saevi-</em></strong></span> 
     </span>
     <span class='ocr_line' id='line_1_72' title="bbox 2707 2043 4641 2128; baseline -0.001 -18"><span class='ocrx_word' id='word_1_514' title='bbox 2707 2045 2839 2110; x_wconf 81' lang='lat' dir='ltr'><strong><em>tiae</em></strong></span> <span class='ocrx_word' id='word_1_515' title='bbox 2879 2054 3255 2127; x_wconf 89' lang='lat' dir='ltr'><strong><em>comparata</em></strong></span> <span class='ocrx_word' id='word_1_516' title='bbox 3298 2045 3439 2110; x_wconf 87' lang='lat' dir='ltr'><strong><em>eius</em></strong></span> <span class='ocrx_word' id='word_1_517' title='bbox 3484 2043 3852 2124; x_wconf 87' lang='lat' dir='ltr'><strong><em>crudelitas,</em></strong></span> <span class='ocrx_word' id='word_1_518' title='bbox 3898 2064 4107 2128; x_wconf 88' lang='lat' dir='ltr'><strong><em>paene</em></strong></span> <span class='ocrx_word' id='word_1_519' title='bbox 4142 2045 4428 2127; x_wconf 85' lang='lat' dir='ltr'><strong><em>speciem</em></strong></span> <span class='ocrx_word' id='word_1_520' title='bbox 4460 2044 4641 2109; x_wconf 82' lang='lat' dir='ltr'><strong><em>habet</em></strong></span> 
     </span>
     <span class='ocr_line' id='line_1_73' title="bbox 2708 2129 4639 2214; baseline -0.001 -18"><span class='ocrx_word' id='word_1_521' title='bbox 2708 2129 3109 2196; x_wconf 85' lang='lat' dir='ltr'><strong><em>clementiae.</em></strong></span> <span class='ocrx_word' id='word_1_522' title='bbox 3171 2129 3323 2214; x_wconf 80' lang='lat' dir='ltr'><strong><em>Quo</em></strong></span> <span class='ocrx_word' id='word_1_523' title='bbox 3356 2132 3606 2197; x_wconf 84' lang='lat' dir='ltr'><strong><em>factum</em></strong></span> <span class='ocrx_word' id='word_1_524' title='bbox 3640 2137 3742 2196; x_wconf 86' lang='lat' dir='ltr'><strong><em>est</em></strong></span> <span class='ocrx_word' id='word_1_525' title='bbox 3771 2137 3844 2194; x_wconf 85' lang='lat' dir='ltr'><strong><em>ut</em></strong></span> <span class='ocrx_word' id='word_1_526' title='bbox 3870 2129 4517 2214; x_wconf 82' lang='lat' dir='ltr'><strong><em>duodequadraginta</em></strong></span> <span class='ocrx_word' id='word_1_527' title='bbox 4535 2149 4639 2193; x_wconf 88' lang='lat' dir='ltr'><strong><em>an-</em></strong></span> 
     </span>
     <span class='ocr_line' id='line_1_74' title="bbox 2706 2216 4640 2302; baseline -0.001 -21"><span class='ocrx_word' id='word_1_528' title='bbox 2706 2237 2943 2282; x_wconf 89' lang='lat' dir='ltr'><strong><em>norum</em></strong></span> <span class='ocrx_word' id='word_1_529' title='bbox 2978 2216 3487 2282; x_wconf 84' lang='lat' dir='ltr'><strong><em>dominationem</em></strong></span> <span class='ocrx_word' id='word_1_530' title='bbox 3521 2216 3868 2302; x_wconf 86' lang='lat' dir='ltr'><strong><em>peregerit,</em></strong></span> <span class='ocrx_word' id='word_1_531' title='bbox 3904 2237 4108 2299; x_wconf 90' lang='lat' dir='ltr'><strong><em>quum</em></strong></span> <span class='ocrx_word' id='word_1_532' title='bbox 4139 2216 4438 2299; x_wconf 87' lang='lat' dir='ltr'><strong><em>plerique</em></strong></span> <span class='ocrx_word' id='word_1_533' title='bbox 4470 2236 4640 2300; x_wconf 79' lang='lat' dir='ltr'><strong><em>reges</em></strong></span> 
     </span>
     <span class='ocr_line' id='line_1_75' title="bbox 2706 2301 4641 2387; baseline -0.002 -19"><span class='ocrx_word' id='word_1_534' title='bbox 2706 2302 2971 2387; x_wconf 83' lang='lat' dir='ltr'><strong><em>fastigio</em></strong></span> <span class='ocrx_word' id='word_1_535' title='bbox 2994 2302 3044 2387; x_wconf 88' lang='lat'><strong><em>¹)</em></strong></span> <span class='ocrx_word' id='word_1_536' title='bbox 3088 2303 3362 2387; x_wconf 86' lang='lat' dir='ltr'><strong><em>depulsi,</em></strong></span> <span class='ocrx_word' id='word_1_537' title='bbox 3409 2313 3527 2367; x_wconf 89' lang='lat' dir='ltr'><strong><em>aut</em></strong></span> <span class='ocrx_word' id='word_1_538' title='bbox 3566 2302 3797 2369; x_wconf 77' lang='lat' dir='ltr'><strong><em>exsilio</em></strong></span> <span class='ocrx_word' id='word_1_539' title='bbox 3841 2310 3961 2367; x_wconf 88' lang='lat' dir='ltr'><strong><em>aut</em></strong></span> <span class='ocrx_word' id='word_1_540' title='bbox 4000 2312 4211 2368; x_wconf 87' lang='lat' dir='ltr'><strong><em>morte</em></strong></span> <span class='ocrx_word' id='word_1_541' title='bbox 4246 2302 4423 2368; x_wconf 86' lang='lat' dir='ltr'><strong><em>male</em></strong></span> <span class='ocrx_word' id='word_1_542' title='bbox 4452 2301 4641 2367; x_wconf 89' lang='lat' dir='ltr'><strong><em>mulc-</em></strong></span> 
     </span>
     <span class='ocr_line' id='line_1_76' title="bbox 2708 2387 4643 2472; baseline -0.001 -19"><span class='ocrx_word' id='word_1_543' title='bbox 2708 2390 2829 2453; x_wconf 88' lang='lat' dir='ltr'><strong><em>tati</em></strong></span> <span class='ocrx_word' id='word_1_544' title='bbox 2886 2390 3034 2454; x_wconf 88' lang='lat' dir='ltr'><strong><em>sint.</em></strong></span> <span class='ocrx_word' id='word_1_545' title='bbox 3135 2390 3238 2455; x_wconf 86' lang='lat' dir='ltr'><strong><em>Eo</em></strong></span> <span class='ocrx_word' id='word_1_546' title='bbox 3294 2397 3586 2472; x_wconf 87' lang='lat' dir='ltr'><strong><em>tempore</em></strong></span> <span class='ocrx_word' id='word_1_547' title='bbox 3642 2388 3895 2467; x_wconf 89' lang='lat' dir='ltr'><strong><em>floruit,</em></strong></span> <span class='ocrx_word' id='word_1_548' title='bbox 3960 2409 4087 2471; x_wconf 88' lang='lat' dir='ltr'><strong><em>quo</em></strong></span> <span class='ocrx_word' id='word_1_549' title='bbox 4141 2387 4643 2454; x_wconf 85' lang='lat' dir='ltr'><strong><em>Atheniensibus</em></strong></span> 
     </span>
     <span class='ocr_line' id='line_1_77' title="bbox 2708 2474 4644 2561; baseline 0.001 -23"><span class='ocrx_word' id='word_1_550' title='bbox 2708 2475 2989 2559; x_wconf 82' lang='lat' dir='ltr'><strong><em>triginta</em></strong></span> <span class='ocrx_word' id='word_1_551' title='bbox 3032 2476 3301 2561; x_wconf 85' lang='lat' dir='ltr'><strong><em>tyranni</em></strong></span> <span class='ocrx_word' id='word_1_552' title='bbox 3343 2474 3630 2557; x_wconf 86' lang='lat' dir='ltr'><strong><em>impositi</em></strong></span> <span class='ocrx_word' id='word_1_553' title='bbox 3666 2483 3849 2539; x_wconf 89' lang='lat' dir='ltr'><strong><em>sunt:</em></strong></span> <span class='ocrx_word' id='word_1_554' title='bbox 3896 2495 4023 2557; x_wconf 91' lang='lat' dir='ltr'><strong><em>quo</em></strong></span> <span class='ocrx_word' id='word_1_555' title='bbox 4058 2474 4290 2540; x_wconf 85' lang='lat' dir='ltr'><strong><em>eodem</em></strong></span> <span class='ocrx_word' id='word_1_556' title='bbox 4324 2475 4460 2540; x_wconf 83' lang='lat' dir='ltr'><strong><em>fere</em></strong></span> <span class='ocrx_word' id='word_1_557' title='bbox 4494 2485 4644 2539; x_wconf 90' lang='lat' dir='ltr'><strong><em>tem·</em></strong></span> 
     </span>
     <span class='ocr_line' id='line_1_78' title="bbox 2708 2558 4643 2643; baseline 0.001 -19"><span class='ocrx_word' id='word_1_558' title='bbox 2708 2581 2864 2643; x_wconf 90' lang='lat' dir='ltr'><strong><em>pore</em></strong></span> <span class='ocrx_word' id='word_1_559' title='bbox 2910 2562 3164 2627; x_wconf 86' lang='lat' dir='ltr'><strong><em>Romae</em></strong></span> <span class='ocrx_word' id='word_1_560' title='bbox 3217 2561 3418 2627; x_wconf 85' lang='lat' dir='ltr'><strong><em>creati</em></strong></span> <span class='ocrx_word' id='word_1_561' title='bbox 3446 2568 3632 2624; x_wconf 68' lang='lat' dir='ltr'><strong><em>sunt</em></strong></span> <span class='ocrx_word' id='word_1_562' title='bbox 3685 2559 3937 2625; x_wconf 88' lang='lat' dir='ltr'><strong><em>tribuni</em></strong></span> <span class='ocrx_word' id='word_1_563' title='bbox 3992 2561 4283 2625; x_wconf 86' lang='lat' dir='ltr'><strong><em>militum</em></strong></span> <span class='ocrx_word' id='word_1_564' title='bbox 4338 2558 4643 2627; x_wconf 86' lang='lat' dir='ltr'><strong><em>consulari</em></strong></span> 
     </span>
     <span class='ocr_line' id='line_1_79' title="bbox 2710 2644 4645 2729; baseline 0.001 -18"><span class='ocrx_word' id='word_1_565' title='bbox 2710 2653 3048 2729; x_wconf 87' lang='lat' dir='ltr'><strong><em>potestate,</em></strong></span> <span class='ocrx_word' id='word_1_566' title='bbox 3097 2667 3268 2711; x_wconf 88' lang='lat' dir='ltr'><strong><em>anno</em></strong></span> <span class='ocrx_word' id='word_1_567' title='bbox 3312 2653 3459 2728; x_wconf 89' lang='lat' dir='ltr'><strong><em>post</em></strong></span> <span class='ocrx_word' id='word_1_568' title='bbox 3501 2644 3830 2710; x_wconf 88' lang='lat' dir='ltr'><strong><em>conditam</em></strong></span> <span class='ocrx_word' id='word_1_569' title='bbox 3876 2646 4109 2712; x_wconf 88' lang='lat' dir='ltr'><strong><em>urbem</em></strong></span> <span class='ocrx_word' id='word_1_570' title='bbox 4156 2650 4281 2711; x_wconf 77' lang='lat'><strong><em>347</em></strong></span> <span class='ocrx_word' id='word_1_571' title='bbox 4328 2655 4404 2711; x_wconf 90' lang='lat' dir='ltr'><strong><em>ut</em></strong></span> <span class='ocrx_word' id='word_1_572' title='bbox 4442 2652 4645 2713; x_wconf 79' lang='lat' dir='ltr'><strong><em>censet</em></strong></span> 
     </span>
     <span class='ocr_line' id='line_1_80' title="bbox 2712 2729 4643 2830; baseline -0.001 -33"><span class='ocrx_word' id='word_1_573' title='bbox 2712 2732 2988 2797; x_wconf 80' lang='lat' dir='ltr'><strong><em>Gellius.</em></strong></span> <span class='ocrx_word' id='word_1_574' title='bbox 3043 2732 3216 2797; x_wconf 89' lang='lat' dir='ltr'><strong><em>Nam</em></strong></span> <span class='ocrx_word' id='word_1_575' title='bbox 3240 2732 3480 2830; x_wconf 78' lang='lat' dir='ltr'><strong><em>Livius</em></strong></span> <span class='ocrx_word' id='word_1_576' title='bbox 3491 2729 3708 2829; x_wconf 36' lang='lat' dir='ltr'><strong><em>‘tradit</em></strong></span> <span class='ocrx_word' id='word_1_577' title='bbox 3726 2731 3928 2797; x_wconf 87' lang='lat' dir='ltr'><strong><em>fuisse</em></strong></span> <span class='ocrx_word' id='word_1_578' title='bbox 3950 2753 4199 2797; x_wconf 90' lang='lat' dir='ltr'><strong><em>annum</em></strong></span> <span class='ocrx_word' id='word_1_579' title='bbox 4216 2733 4278 2816; x_wconf 78' lang='lat'><strong><em>²)</em></strong></span> <span class='ocrx_word' id='word_1_580' title='bbox 4304 2737 4447 2798; x_wconf 84' lang='lat'><strong><em>310.</em></strong></span> <span class='ocrx_word' id='word_1_581' title='bbox 4498 2731 4643 2798; x_wconf 89' lang='lat' dir='ltr'><strong><em>Dio-</em></strong></span> 
     </span>
     <span class='ocr_line' id='line_1_81' title="bbox 2710 2816 4647 2989; baseline 0.001 -20"><span class='ocrx_word' id='word_1_582' title='bbox 2710 2816 4647 2989; x_wconf 46' lang='lat' dir='ltr'><strong><em>333³&amp;3¹2·tm.tffisst‘tzfflffifissmpt.³a¹²¹¹3}</em></strong></span> 
     </span>
     <span class='ocr_line' id='line_1_82' title="bbox 2711 2989 4647 3075; baseline 0.001 -19"><span class='ocrx_word' id='word_1_583' title='bbox 2711 2991 3059 3056; x_wconf 76' lang='lat' dir='ltr'><strong><em>factionem</em></strong></span> <span class='ocrx_word' id='word_1_584' title='bbox 3100 2989 3432 3074; x_wconf 83' lang='lat' dir='ltr'><strong><em>expulsus,</em></strong></span> <span class='ocrx_word' id='word_1_585' title='bbox 3476 2989 3709 3055; x_wconf 88' lang='lat' dir='ltr'><strong><em>ludum</em></strong></span> <span class='ocrx_word' id='word_1_586' title='bbox 3751 2990 4119 3056; x_wconf 88' lang='lat' dir='ltr'><strong><em>literarium</em></strong></span> <span class='ocrx_word' id='word_1_587' title='bbox 4154 2990 4464 3057; x_wconf 79' lang='lat' dir='ltr'><strong><em>Corinthi</em></strong></span> <span class='ocrx_word' id='word_1_588' title='bbox 4502 3012 4647 3075; x_wconf 86' lang='lat' dir='ltr'><strong><em>pue-</em></strong></span> 
     </span>
     <span class='ocr_line' id='line_1_83' title="bbox 2711 3073 4645 3161; baseline 0.001 -19"><span class='ocrx_word' id='word_1_589' title='bbox 2711 3077 2804 3142; x_wconf 87' lang='lat' dir='ltr'><strong><em>ris</em></strong></span> <span class='ocrx_word' id='word_1_590' title='bbox 2859 3077 3133 3161; x_wconf 88' lang='lat' dir='ltr'><strong><em>aperuit.</em></strong></span> <span class='ocrx_word' id='word_1_591' title='bbox 3233 3073 3583 3157; x_wconf 79' lang='lat' dir='ltr'><strong><em>Quoddam</em></strong></span> <span class='ocrx_word' id='word_1_592' title='bbox 3636 3075 3884 3142; x_wconf 87' lang='lat' dir='ltr'><strong><em>scilicet</em></strong></span> <span class='ocrx_word' id='word_1_593' title='bbox 3933 3078 4235 3143; x_wconf 78' lang='lat' dir='ltr'><strong><em>fortunae</em></strong></span> <span class='ocrx_word' id='word_1_594' title='bbox 4288 3077 4645 3155; x_wconf 84' lang='lat' dir='ltr'><strong><em>ludibrium,</em></strong></span> 
     </span>
     <span class='ocr_line' id='line_1_84' title="bbox 2659 3160 4648 3255; baseline -0.001 -26"><span class='ocrx_word' id='word_1_595' title='bbox 2659 3236 2663 3255; x_wconf 39' lang='grc'>1</span> <span class='ocrx_word' id='word_1_596' title='bbox 2712 3170 3061 3247; x_wconf 89' lang='lat' dir='ltr'><strong><em>utramque</em></strong></span> <span class='ocrx_word' id='word_1_597' title='bbox 3104 3173 3433 3246; x_wconf 80' lang='lat' dir='ltr'><strong><em>expertus,</em></strong></span> <span class='ocrx_word' id='word_1_598' title='bbox 3480 3160 3828 3228; x_wconf 86' lang='lat' dir='ltr'><strong><em>adversam</em></strong></span> <span class='ocrx_word' id='word_1_599' title='bbox 3867 3162 4267 3231; x_wconf 87' lang='lat' dir='ltr'><strong><em>moderatius</em></strong></span> <span class='ocrx_word' id='word_1_600' title='bbox 4304 3164 4474 3243; x_wconf 88' lang='lat' dir='ltr'><strong><em>tulit,</em></strong></span> <span class='ocrx_word' id='word_1_601' title='bbox 4509 3182 4648 3246; x_wconf 79' lang='lat' dir='ltr'><strong><em>pm·-</em></strong></span> 
     </span>
     <span class='ocr_line' id='line_1_85' title="bbox 2658 3248 4648 3349; baseline -0.001 -34"><span class='ocrx_word' id='word_1_602' title='bbox 2658 3258 2664 3349; x_wconf 74' lang='grc'>1</span> <span class='ocrx_word' id='word_1_603' title='bbox 2713 3270 2904 3334; x_wconf 89' lang='lat' dir='ltr'><strong><em>spera</em></strong></span> <span class='ocrx_word' id='word_1_604' title='bbox 2924 3250 3444 3332; x_wconf 77' lang='lat' dir='ltr'><strong><em>intemperanter</em></strong></span> <span class='ocrx_word' id='word_1_605' title='bbox 3465 3248 3705 3314; x_wconf 88' lang='lat' dir='ltr'><strong><em>abusus</em></strong></span> <span class='ocrx_word' id='word_1_606' title='bbox 3727 3255 3844 3314; x_wconf 89' lang='lat' dir='ltr'><strong><em>est.</em></strong></span> <span class='ocrx_word' id='word_1_607' title='bbox 3903 3250 4232 3332; x_wconf 87' lang='lat' dir='ltr'><strong><em>Loquitur</em></strong></span> <span class='ocrx_word' id='word_1_608' title='bbox 4260 3256 4483 3317; x_wconf 87' lang='lat' dir='ltr'><strong><em>autem</em></strong></span> <span class='ocrx_word' id='word_1_609' title='bbox 4509 3268 4648 3315; x_wconf 90' lang='lat' dir='ltr'><strong><em>con-</em></strong></span> 
     </span>
     <span class='ocr_line' id='line_1_86' title="bbox 2657 3333 4647 3419; baseline -0.002 -16"><span class='ocrx_word' id='word_1_610' title='bbox 2657 3360 2665 3403; x_wconf 74' lang='grc' dir='ltr'><strong><em>ο</em></strong></span> <span class='ocrx_word' id='word_1_611' title='bbox 2714 3345 2819 3400; x_wconf 91' lang='lat' dir='ltr'><strong><em>tra</em></strong></span> <span class='ocrx_word' id='word_1_612' title='bbox 2860 3335 3096 3401; x_wconf 88' lang='lat' dir='ltr'><strong><em>Vallae</em></strong></span> <span class='ocrx_word' id='word_1_613' title='bbox 3139 3333 3693 3413; x_wconf 82' lang='lat' dir='ltr'><strong><em>observationem,</em></strong></span> <span class='ocrx_word' id='word_1_614' title='bbox 3740 3355 3946 3417; x_wconf 89' lang='lat' dir='ltr'><strong><em>quum</em></strong></span> <span class='ocrx_word' id='word_1_615' title='bbox 3990 3337 4310 3401; x_wconf 89' lang='lat' dir='ltr'><strong><em>maiorem</em></strong></span> <span class='ocrx_word' id='word_1_616' title='bbox 4354 3337 4509 3402; x_wconf 88' lang='lat' dir='ltr'><strong><em>dicit</em></strong></span> <span class='ocrx_word' id='word_1_617' title='bbox 4546 3354 4647 3419; x_wconf 85' lang='lat' dir='ltr'><strong><em>po-</em></strong></span> 
     </span>
     <span class='ocr_line' id='line_1_87' title="bbox 2712 3420 4648 3505; baseline -0.001 -19"><span class='ocrx_word' id='word_1_618' title='bbox 2712 3423 2847 3487; x_wconf 87' lang='lat' dir='ltr'><strong><em>tius</em></strong></span> <span class='ocrx_word' id='word_1_619' title='bbox 2890 3442 3092 3505; x_wconf 90' lang='lat' dir='ltr'><strong><em>quam</em></strong></span> <span class='ocrx_word' id='word_1_620' title='bbox 3134 3421 3568 3504; x_wconf 87' lang='lat' dir='ltr'><strong><em>superiorem:</em></strong></span> <span class='ocrx_word' id='word_1_621' title='bbox 3616 3420 3785 3486; x_wconf 88' lang='lat' dir='ltr'><strong><em>sicut</em></strong></span> <span class='ocrx_word' id='word_1_622' title='bbox 3817 3420 4128 3487; x_wconf 84' lang='lat' dir='ltr'><strong><em>Valerius</em></strong></span> <span class='ocrx_word' id='word_1_623' title='bbox 4169 3421 4281 3489; x_wconf 89' lang='lat' dir='ltr'><strong><em>lib.</em></strong></span> <span class='ocrx_word' id='word_1_624' title='bbox 4328 3422 4488 3487; x_wconf 87' lang='lat'>111.:</span> <span class='ocrx_word' id='word_1_625' title='bbox 4531 3421 4648 3486; x_wconf 84' lang='lat' dir='ltr'><strong><em>Fe-</em></strong></span> 
     </span>
     <span class='ocr_line' id='line_1_88' title="bbox 2711 3505 4647 3591; baseline -0.001 -18"><span class='ocrx_word' id='word_1_626' title='bbox 2711 3508 2897 3574; x_wconf 89' lang='lat' dir='ltr'><strong><em>licior</em></strong></span> <span class='ocrx_word' id='word_1_627' title='bbox 2942 3507 3249 3591; x_wconf 87' lang='lat' dir='ltr'><strong><em>progenie</em></strong></span> <span class='ocrx_word' id='word_1_628' title='bbox 3292 3527 3414 3571; x_wconf 89' lang='lat' dir='ltr'><strong><em>sua</em></strong></span> <span class='ocrx_word' id='word_1_629' title='bbox 3457 3506 3758 3589; x_wconf 87' lang='lat' dir='ltr'><strong><em>superior</em></strong></span> <span class='ocrx_word' id='word_1_630' title='bbox 3793 3505 3979 3585; x_wconf 83' lang='lat' dir='ltr'><strong><em>Cato,</em></strong></span> <span class='ocrx_word' id='word_1_631' title='bbox 4026 3527 4066 3571; x_wconf 89' lang='lat' dir='ltr'><strong><em>a</em></strong></span> <span class='ocrx_word' id='word_1_632' title='bbox 4099 3529 4226 3590; x_wconf 92' lang='lat' dir='ltr'><strong><em>quo</em></strong></span> <span class='ocrx_word' id='word_1_633' title='bbox 4261 3509 4532 3575; x_wconf 77' lang='lat' dir='ltr'><strong><em>Porciae</em></strong></span> <span class='ocrx_word' id='word_1_634' title='bbox 4561 3506 4647 3572; x_wconf 83' lang='lat' dir='ltr'><strong><em>fa-</em></strong></span> 
     </span>
     <span class='ocr_line' id='line_1_89' title="bbox 2713 3591 4648 3677; baseline -0.001 -18"><span class='ocrx_word' id='word_1_635' title='bbox 2713 3594 2933 3660; x_wconf 88' lang='lat' dir='ltr'><strong><em>miliae</em></strong></span> <span class='ocrx_word' id='word_1_636' title='bbox 2976 3593 3299 3677; x_wconf 86' lang='lat' dir='ltr'><strong><em>principia</em></strong></span> <span class='ocrx_word' id='word_1_637' title='bbox 3340 3604 3710 3657; x_wconf 86' lang='lat' dir='ltr'><strong><em>manarunt.</em></strong></span> <span class='ocrx_word' id='word_1_638' title='bbox 3800 3591 4017 3658; x_wconf 86' lang='lat' dir='ltr'><strong><em>Idem:</em></strong></span> <span class='ocrx_word' id='word_1_639' title='bbox 4063 3592 4229 3659; x_wconf 83' lang='lat' dir='ltr'><strong><em>Cato</em></strong></span> <span class='ocrx_word' id='word_1_640' title='bbox 4275 3616 4432 3660; x_wconf 83' lang='lat' dir='ltr'><strong><em>vero</em></strong></span> <span class='ocrx_word' id='word_1_641' title='bbox 4472 3613 4648 3677; x_wconf 85' lang='lat' dir='ltr'><strong><em>supe·</em></strong></span> 
     </span>
     <span class='ocr_line' id='line_1_90' title="bbox 2713 3677 4649 3762; baseline -0.001 -17"><span class='ocrx_word' id='word_1_642' title='bbox 2713 3682 2851 3746; x_wconf 89' lang='lat' dir='ltr'><strong><em>rior</em></strong></span> <span class='ocrx_word' id='word_1_643' title='bbox 2893 3700 3363 3762; x_wconf 84' lang='lat' dir='ltr'><strong><em>saepenumero</em></strong></span> <span class='ocrx_word' id='word_1_644' title='bbox 3413 3677 3497 3742; x_wconf 90' lang='lat' dir='ltr'><strong><em>ab</em></strong></span> <span class='ocrx_word' id='word_1_645' title='bbox 3550 3678 3837 3745; x_wconf 85' lang='lat' dir='ltr'><strong><em>inimicis</em></strong></span> <span class='ocrx_word' id='word_1_646' title='bbox 3891 3678 3976 3744; x_wconf 86' lang='lat' dir='ltr'><strong><em>ad</em></strong></span> <span class='ocrx_word' id='word_1_647' title='bbox 4027 3700 4261 3746; x_wconf 87' lang='lat' dir='ltr'><strong><em>causae</em></strong></span> <span class='ocrx_word' id='word_1_648' title='bbox 4317 3678 4649 3745; x_wconf 88' lang='lat' dir='ltr'><strong><em>dictionem</em></strong></span> 
     </span>
     <span class='ocr_line' id='line_1_91' title="bbox 2713 3764 4538 3844; baseline 0 -14"><span class='ocrx_word' id='word_1_649' title='bbox 2713 3780 3002 3844; x_wconf 80' lang='lat' dir='ltr'><strong><em>vocatus,</em></strong></span> <span class='ocrx_word' id='word_1_650' title='bbox 3047 3786 3170 3831; x_wconf 91' lang='lat' dir='ltr'><strong><em>nec</em></strong></span> <span class='ocrx_word' id='word_1_651' title='bbox 3210 3764 3349 3829; x_wconf 91' lang='lat' dir='ltr'><strong><em>ullo</em></strong></span> <span class='ocrx_word' id='word_1_652' title='bbox 3393 3785 3486 3829; x_wconf 89' lang='lat' dir='ltr'><strong><em>un</em></strong></span> <span class='ocrx_word' id='word_1_653' title='bbox 3528 3785 3684 3829; x_wconf 90' lang='lat' dir='ltr'><strong><em>uam</em></strong></span> <span class='ocrx_word' id='word_1_654' title='bbox 3727 3766 4001 3831; x_wconf 80' lang='lat' dir='ltr'><strong><em>crimine</em></strong></span> <span class='ocrx_word' id='word_1_655' title='bbox 4044 3766 4387 3833; x_wconf 79' lang='lat' dir='ltr'><strong><em>convictus</em></strong></span> <span class='ocrx_word' id='word_1_656' title='bbox 4422 3774 4538 3832; x_wconf 87' lang='lat' dir='ltr'><strong><em>etc.</em></strong></span> 
     </span>
    </p>

    <p class='ocr_par' dir='ltr' id='par_1_13' title="bbox 2712 3785 4651 4537">
     <span class='ocr_line' id='line_1_92' title="bbox 2886 3785 4649 4000; baseline 0.001 -84"><span class='ocrx_word' id='word_1_657' title='bbox 2886 3850 2975 3916; x_wconf 85' lang='lat' dir='ltr'><strong><em>Et</em></strong></span> <span class='ocrx_word' id='word_1_658' title='bbox 3018 3851 3095 3915; x_wconf 88' lang='lat' dir='ltr'><strong><em>L.</em></strong></span> <span class='ocrx_word' id='word_1_659' title='bbox 3142 3849 3417 4000; x_wconf 51' lang='lat' dir='ltr'><strong><em>Syllam]</em></strong></span> <span class='ocrx_word' id='word_1_660' title='bbox 3485 3785 3699 3935; x_wconf 40' lang='lat' dir='ltr'><strong><em>{ylla</em></strong></span> <span class='ocrx_word' id='word_1_661' title='bbox 3740 3870 3946 3933; x_wconf 91' lang='lat' dir='ltr'><strong><em>quum</em></strong></span> <span class='ocrx_word' id='word_1_662' title='bbox 3988 3851 4137 3934; x_wconf 84' lang='lat' dir='ltr'><strong><em>plus</em></strong></span> <span class='ocrx_word' id='word_1_663' title='bbox 4180 3872 4382 3935; x_wconf 90' lang='lat' dir='ltr'><strong><em>quam</em></strong></span> <span class='ocrx_word' id='word_1_664' title='bbox 4436 3860 4649 3938; x_wconf 79' lang='lat' dir='ltr'><strong><em>tyran-</em></strong></span> 
     </span>
     <span class='ocr_line' id='line_1_93' title="bbox 2715 3936 4650 4023; baseline -0.002 -19"><span class='ocrx_word' id='word_1_665' title='bbox 2715 3940 2858 4004; x_wconf 83' lang='lat' dir='ltr'><strong><em>nice</em></strong></span> <span class='ocrx_word' id='word_1_666' title='bbox 2898 3938 2968 4001; x_wconf 91' lang='lat' dir='ltr'><strong><em>in</em></strong></span> <span class='ocrx_word' id='word_1_667' title='bbox 3011 3937 3242 4003; x_wconf 86' lang='lat' dir='ltr'><strong><em>caedes</em></strong></span> <span class='ocrx_word' id='word_1_668' title='bbox 3285 3947 3353 4002; x_wconf 88' lang='lat' dir='ltr'><strong><em>et</em></strong></span> <span class='ocrx_word' id='word_1_669' title='bbox 3418 3936 3738 4003; x_wconf 85' lang='lat' dir='ltr'><strong><em>atrocinia</em></strong></span> <span class='ocrx_word' id='word_1_670' title='bbox 3778 3944 4021 4015; x_wconf 84' lang='lat' dir='ltr'><strong><em>rueret,</em></strong></span> <span class='ocrx_word' id='word_1_671' title='bbox 4061 3958 4407 4020; x_wconf 88' lang='lat' dir='ltr'><strong><em>nunquam</em></strong></span> <span class='ocrx_word' id='word_1_672' title='bbox 4440 3945 4650 4023; x_wconf 81' lang='lat' dir='ltr'><strong><em>tyran·</em></strong></span> 
     </span>
     <span class='ocr_line' id='line_1_94' title="bbox 2714 4021 4646 4103; baseline -0.003 -12"><span class='ocrx_word' id='word_1_673' title='bbox 2714 4047 2841 4091; x_wconf 89' lang='lat' dir='ltr'><strong><em>nus</em></strong></span> <span class='ocrx_word' id='word_1_674' title='bbox 2887 4028 3036 4103; x_wconf 80' lang='lat' dir='ltr'><strong><em>[pag.</em></strong></span> <span class='ocrx_word' id='word_1_675' title='bbox 3061 4028 3170 4102; x_wconf 81' lang='grc'><strong><em>84]</em></strong></span> <span class='ocrx_word' id='word_1_676' title='bbox 3209 4031 3478 4090; x_wconf 80' lang='lat' dir='ltr'><strong><em>vocatus</em></strong></span> <span class='ocrx_word' id='word_1_677' title='bbox 3512 4029 3631 4087; x_wconf 88' lang='lat' dir='ltr'><strong><em>est.</em></strong></span> <span class='ocrx_word' id='word_1_678' title='bbox 3698 4021 4061 4089; x_wconf 86' lang='lat' dir='ltr'><strong><em>Dictatoris</em></strong></span> <span class='ocrx_word' id='word_1_679' title='bbox 4095 4044 4337 4091; x_wconf 90' lang='lat' dir='ltr'><strong><em>nomen</em></strong></span> <span class='ocrx_word' id='word_1_680' title='bbox 4371 4021 4646 4099; x_wconf 77' lang='lat' dir='ltr'><strong><em>retinuit,</em></strong></span> 
     </span>
     <span class='ocr_line' id='line_1_95' title="bbox 2715 4106 4651 4194; baseline -0.002 -19"><span class='ocrx_word' id='word_1_681' title='bbox 2715 4106 2913 4193; x_wconf 76' lang='lat' dir='ltr'><strong><em>que‘m</em></strong></span> <span class='ocrx_word' id='word_1_682' title='bbox 2946 4110 3408 4193; x_wconf 81' lang='lat' dir='ltr'><strong><em>magistratum</em></strong></span> <span class='ocrx_word' id='word_1_683' title='bbox 3439 4108 3623 4173; x_wconf 89' lang='lat' dir='ltr'><strong><em>liberi</em></strong></span> <span class='ocrx_word' id='word_1_684' title='bbox 3662 4109 3882 4192; x_wconf 88' lang='lat' dir='ltr'><strong><em>populi</em></strong></span> <span class='ocrx_word' id='word_1_685' title='bbox 3917 4109 4040 4175; x_wconf 87' lang='lat' dir='ltr'><strong><em>sibi</em></strong></span> <span class='ocrx_word' id='word_1_686' title='bbox 4074 4109 4514 4194; x_wconf 81' lang='lat' dir='ltr'><strong><em>imponebant.</em></strong></span> <span class='ocrx_word' id='word_1_687' title='bbox 4570 4106 4651 4172; x_wconf 71' lang='lat' dir='ltr'><strong><em>Et</em></strong></span> 
     </span>
     <span class='ocr_line' id='line_1_96' title="bbox 2716 4194 4650 4282; baseline -0.002 -22"><span class='ocrx_word' id='word_1_688' title='bbox 2716 4204 2940 4261; x_wconf 84' lang='lat' dir='ltr'><strong><em>tamen</em></strong></span> <span class='ocrx_word' id='word_1_689' title='bbox 2985 4195 3132 4279; x_wconf 88' lang='lat' dir='ltr'><strong><em>quis</em></strong></span> <span class='ocrx_word' id='word_1_690' title='bbox 3174 4205 3371 4279; x_wconf 85' lang='lat' dir='ltr'><strong><em>neget</em></strong></span> <span class='ocrx_word' id='word_1_691' title='bbox 3406 4215 3560 4259; x_wconf 87' lang='lat' dir='ltr'><strong><em>vere</em></strong></span> <span class='ocrx_word' id='word_1_692' title='bbox 3597 4200 3957 4280; x_wconf 82' lang='lat' dir='ltr'><strong><em>tyrannum</em></strong></span> <span class='ocrx_word' id='word_1_693' title='bbox 3990 4194 4208 4274; x_wconf 85' lang='lat' dir='ltr'><strong><em>fuisse,</em></strong></span> <span class='ocrx_word' id='word_1_694' title='bbox 4256 4196 4314 4260; x_wconf 89' lang='lat' dir='ltr'><strong><em>si</em></strong></span> <span class='ocrx_word' id='word_1_695' title='bbox 4349 4204 4650 4282; x_wconf 77' lang='lat' dir='ltr'><strong><em>tyrannus</em></strong></span> 
     </span>
     <span class='ocr_line' id='line_1_97' title="bbox 2717 4279 4650 4364; baseline -0.003 -17"><span class='ocrx_word' id='word_1_696' title='bbox 2717 4284 2773 4347; x_wconf 91' lang='lat' dir='ltr'><strong><em>is</em></strong></span> <span class='ocrx_word' id='word_1_697' title='bbox 2816 4292 2917 4347; x_wconf 88' lang='lat' dir='ltr'><strong><em>est</em></strong></span> <span class='ocrx_word' id='word_1_698' title='bbox 2954 4282 3065 4364; x_wconf 90' lang='lat' dir='ltr'><strong><em>qui</em></strong></span> <span class='ocrx_word' id='word_1_699' title='bbox 3108 4281 3502 4364; x_wconf 82' lang='lat' dir='ltr'><strong><em>impotenter</em></strong></span> <span class='ocrx_word' id='word_1_700' title='bbox 3543 4279 3939 4360; x_wconf 86' lang='lat' dir='ltr'><strong><em>dominatur,</em></strong></span> <span class='ocrx_word' id='word_1_701' title='bbox 3995 4282 4109 4363; x_wconf 90' lang='lat' dir='ltr'><strong><em>qui</em></strong></span> <span class='ocrx_word' id='word_1_702' title='bbox 4166 4281 4473 4348; x_wconf 87' lang='lat' dir='ltr'><strong><em>caedibus</em></strong></span> <span class='ocrx_word' id='word_1_703' title='bbox 4514 4298 4650 4346; x_wconf 85' lang='lat' dir='ltr'><strong><em>suo-</em></strong></span> 
     </span>
     <span class='ocr_line' id='line_1_98' title="bbox 2712 4365 4651 4450; baseline -0.002 -17"><span class='ocrx_word' id='word_1_704' title='bbox 2712 4388 2869 4433; x_wconf 78' lang='lat' dir='ltr'><strong><em>rum</em></strong></span> <span class='ocrx_word' id='word_1_705' title='bbox 2913 4367 3223 4450; x_wconf 87' lang='lat' dir='ltr'><strong><em>pascitur,</em></strong></span> <span class='ocrx_word' id='word_1_706' title='bbox 3269 4367 3382 4450; x_wconf 91' lang='lat' dir='ltr'><strong><em>qui</em></strong></span> <span class='ocrx_word' id='word_1_707' title='bbox 3423 4374 3685 4450; x_wconf 87' lang='lat' dir='ltr'><strong><em>praeter</em></strong></span> <span class='ocrx_word' id='word_1_708' title='bbox 3728 4388 4007 4450; x_wconf 85' lang='lat' dir='ltr'><strong><em>aequum</em></strong></span> <span class='ocrx_word' id='word_1_709' title='bbox 4043 4375 4111 4432; x_wconf 88' lang='lat' dir='ltr'><strong><em>et</em></strong></span> <span class='ocrx_word' id='word_1_710' title='bbox 4139 4368 4384 4433; x_wconf 90' lang='lat' dir='ltr'><strong><em>bonum</em></strong></span> <span class='ocrx_word' id='word_1_711' title='bbox 4419 4365 4651 4433; x_wconf 81' lang='lat' dir='ltr'><strong><em>violen-</em></strong></span> 
     </span>
     <span class='ocr_line' id='line_1_99' title="bbox 2718 4451 3558 4537; baseline -0.004 -18"><span class='ocrx_word' id='word_1_712' title='bbox 2718 4462 2823 4519; x_wconf 86' lang='lat' dir='ltr'><strong><em>ter</em></strong></span> <span class='ocrx_word' id='word_1_713' title='bbox 2860 4453 3213 4537; x_wconf 87' lang='lat' dir='ltr'><strong><em>imperium</em></strong></span> <span class='ocrx_word' id='word_1_714' title='bbox 3256 4451 3558 4518; x_wconf 78' lang='lat' dir='ltr'><strong><em>exercet?</em></strong></span> 
     </span>
    </p>

    <p class='ocr_par' dir='ltr' id='par_1_14' title="bbox 2717 4536 4655 4966">
     <span class='ocr_line' id='line_1_100' title="bbox 2894 4536 4655 4638; baseline -0.003 -33"><span class='ocrx_word' id='word_1_715' title='bbox 2894 4538 3015 4605; x_wconf 82' lang='lat' dir='ltr'><strong><em>Oui</em></strong></span> <span class='ocrx_word' id='word_1_716' title='bbox 3056 4539 3370 4605; x_wconf 82' lang='lat' dir='ltr'><strong><em>occidendi</em></strong></span> <span class='ocrx_word' id='word_1_717' title='bbox 3407 4536 3623 4638; x_wconf 76' lang='lat' dir='ltr'><strong><em>finem]</em></strong></span> <span class='ocrx_word' id='word_1_718' title='bbox 3682 4538 3828 4603; x_wconf 91' lang='lat' dir='ltr'><strong><em>Imo</em></strong></span> <span class='ocrx_word' id='word_1_719' title='bbox 3871 4558 4028 4604; x_wconf 83' lang='lat' dir='ltr'><strong><em>vero</em></strong></span> <span class='ocrx_word' id='word_1_720' title='bbox 4081 4559 4168 4604; x_wconf 87' lang='lat' dir='ltr'><strong><em>ne</em></strong></span> <span class='ocrx_word' id='word_1_721' title='bbox 4220 4540 4369 4622; x_wconf 85' lang='lat' dir='ltr'><strong><em>ipsa</em></strong></span> <span class='ocrx_word' id='word_1_722' title='bbox 4404 4536 4655 4622; x_wconf 86' lang='lat' dir='ltr'><strong><em>quidem</em></strong></span> 
     </span>
     <span class='ocr_line' id='line_1_101' title="bbox 2717 4623 4653 4708; baseline -0.002 -19"><span class='ocrx_word' id='word_1_723' title='bbox 2717 4623 2987 4690; x_wconf 72' lang='lat' dir='ltr'><strong><em>modum</em></strong></span> <span class='ocrx_word' id='word_1_724' title='bbox 3030 4626 3354 4708; x_wconf 83' lang='lat' dir='ltr'><strong><em>imposuit.</em></strong></span> <span class='ocrx_word' id='word_1_725' title='bbox 3421 4623 3620 4688; x_wconf 75' lang='lat' dir='ltr'><strong><em>Malu</em></strong></span> <span class='ocrx_word' id='word_1_726' title='bbox 3651 4624 3827 4689; x_wconf 90' lang='lat' dir='ltr'><strong><em>enim</em></strong></span> <span class='ocrx_word' id='word_1_727' title='bbox 3862 4624 4096 4707; x_wconf 91' lang='lat' dir='ltr'><strong><em>quibus</em></strong></span> <span class='ocrx_word' id='word_1_728' title='bbox 4134 4624 4307 4689; x_wconf 88' lang='lat' dir='ltr'><strong><em>nihil</em></strong></span> <span class='ocrx_word' id='word_1_729' title='bbox 4339 4634 4484 4691; x_wconf 87' lang='lat' dir='ltr'><strong><em>erat</em></strong></span> <span class='ocrx_word' id='word_1_730' title='bbox 4514 4640 4653 4687; x_wconf 83' lang='lat' dir='ltr'><strong><em>cum</em></strong></span> 
     </span>
     <span class='ocr_line' id='line_1_102' title="bbox 2720 4709 4651 4795; baseline -0.002 -18"><span class='ocrx_word' id='word_1_731' title='bbox 2720 4709 2913 4795; x_wconf 83' lang='lat' dir='ltr'><strong><em>Sylla</em></strong></span> <span class='ocrx_word' id='word_1_732' title='bbox 2954 4711 3053 4776; x_wconf 90' lang='lat' dir='ltr'><strong><em>rei</em></strong></span> <span class='ocrx_word' id='word_1_733' title='bbox 3067 4763 3082 4789; x_wconf 92' lang='lat'>‚</span> <span class='ocrx_word' id='word_1_734' title='bbox 3140 4719 3209 4776; x_wconf 90' lang='lat' dir='ltr'><strong><em>et</em></strong></span> <span class='ocrx_word' id='word_1_735' title='bbox 3254 4711 3363 4794; x_wconf 90' lang='lat' dir='ltr'><strong><em>qui</em></strong></span> <span class='ocrx_word' id='word_1_736' title='bbox 3413 4709 3713 4775; x_wconf 83' lang='lat' dir='ltr'><strong><em>civilibus</em></strong></span> <span class='ocrx_word' id='word_1_737' title='bbox 3756 4709 4147 4777; x_wconf 82' lang='lat' dir='ltr'><strong><em>factionibus</em></strong></span> <span class='ocrx_word' id='word_1_738' title='bbox 4190 4710 4651 4784; x_wconf 76' lang='lat' dir='ltr'><strong><em>abstinuerant,</em></strong></span> 
     </span>
     <span class='ocr_line' id='line_1_103' title="bbox 2719 4795 4652 4880; baseline -0.002 -19"><span class='ocrx_word' id='word_1_739' title='bbox 2719 4798 2997 4880; x_wconf 83' lang='lat' dir='ltr'><strong><em>privatis</em></strong></span> <span class='ocrx_word' id='word_1_740' title='bbox 3038 4796 3401 4861; x_wconf 76' lang='lat' dir='ltr'><strong><em>inimicitiis</em></strong></span> <span class='ocrx_word' id='word_1_741' title='bbox 3450 4803 3607 4861; x_wconf 88' lang='lat' dir='ltr'><strong><em>sunt</em></strong></span> <span class='ocrx_word' id='word_1_742' title='bbox 3658 4795 4070 4879; x_wconf 84' lang='lat' dir='ltr'><strong><em>interempti,</em></strong></span> <span class='ocrx_word' id='word_1_743' title='bbox 4129 4796 4250 4863; x_wconf 88' lang='lat' dir='ltr'><strong><em>sub</em></strong></span> <span class='ocrx_word' id='word_1_744' title='bbox 4307 4796 4432 4862; x_wconf 89' lang='lat' dir='ltr'><strong><em>hoc</em></strong></span> <span class='ocrx_word' id='word_1_745' title='bbox 4479 4812 4652 4878; x_wconf 79' lang='lat' dir='ltr'><strong><em>prae-</em></strong></span> 
     </span>
     <span class='ocr_line' id='line_1_104' title="bbox 2721 4879 4655 4966; baseline -0.002 -19"><span class='ocrx_word' id='word_1_746' title='bbox 2721 4890 2929 4960; x_wconf 79' lang='lat' dir='ltr'><strong><em>textu,</em></strong></span> <span class='ocrx_word' id='word_1_747' title='bbox 2974 4879 3148 4966; x_wconf 91' lang='lat' dir='ltr'><strong><em>quod</em></strong></span> <span class='ocrx_word' id='word_1_748' title='bbox 3190 4881 3477 4947; x_wconf 78' lang='lat' dir='ltr'><strong><em>Mariani</em></strong></span> <span class='ocrx_word' id='word_1_749' title='bbox 3518 4888 3756 4958; x_wconf 87' lang='lat' dir='ltr'><strong><em>essent,</em></strong></span> <span class='ocrx_word' id='word_1_750' title='bbox 3800 4901 4175 4965; x_wconf 89' lang='lat' dir='ltr'><strong><em>quanquam</em></strong></span> <span class='ocrx_word' id='word_1_751' title='bbox 4217 4903 4287 4948; x_wconf 89' lang='lat' dir='ltr'><strong><em>se</em></strong></span> <span class='ocrx_word' id='word_1_752' title='bbox 4328 4896 4655 4966; x_wconf 81' lang='lat' dir='ltr'><strong><em>nunquam</em></strong></span> 
     </span>
    </p>
   </div>
   <div class='ocr_carea' id='block_1_10' title="bbox 2647 505 2667 3217">
    <p class='ocr_par' dir='ltr' id='par_1_15' title="bbox 2647 505 2667 3217">
     <span class='ocr_line' id='line_1_105' title="bbox 2647 505 2667 3217; baseline 0 0"><span class='ocrx_word' id='word_1_753' title='bbox 2647 505 2667 3217; x_wconf 95' lang='lat' dir='ltr'><strong><em> </em></strong></span> 
     </span>
    </p>
   </div>
   <div class='ocr_carea' id='block_1_11' title="bbox 2750 5055 3135 5065">
    <p class='ocr_par' dir='ltr' id='par_1_16' title="bbox 2750 5055 3135 5065">
     <span class='ocr_line' id='line_1_106' title="bbox 2750 5055 3135 5065; baseline 0 910"><span class='ocrx_word' id='word_1_754' title='bbox 2750 5055 3135 5065; x_wconf 95' lang='lat' dir='ltr'><strong><em> </em></strong></span> 
     </span>
    </p>
   </div>
   <div class='ocr_carea' id='block_1_12' title="bbox 2658 3416 2677 5277">
    <p class='ocr_par' dir='ltr' id='par_1_17' title="bbox 2658 3416 2677 5277">
     <span class='ocr_line' id='line_1_107' title="bbox 2658 3416 2677 5277; baseline 0 0"><span class='ocrx_word' id='word_1_755' title='bbox 2658 3416 2677 5277; x_wconf 95' lang='lat' dir='ltr'><strong><em> </em></strong></span> 
     </span>
    </p>
   </div>
   <div class='ocr_carea' id='block_1_13' title="bbox 2726 5169 4657 5296">
    <p class='ocr_par' dir='ltr' id='par_1_18' title="bbox 2726 5169 4657 5296">
     <span class='ocr_line' id='line_1_108' title="bbox 2726 5169 4657 5296; baseline -0.002 -71"><span class='ocrx_word' id='word_1_756' title='bbox 2726 5171 2922 5296; x_wconf 70' lang='lat' dir='ltr'><strong><em>mmo1)</em></strong></span> <span class='ocrx_word' id='word_1_757' title='bbox 2964 5170 3312 5228; x_wconf 67' lang='lat' dir='ltr'><strong><em>nocentiores</em></strong></span> <span class='ocrx_word' id='word_1_758' title='bbox 3343 5186 3526 5227; x_wconf 69' lang='lat' dir='ltr'><strong><em>omnes</em></strong></span> <span class='ocrx_word' id='word_1_759' title='bbox 3558 5173 3724 5228; x_wconf 80' lang='lat' dir='ltr'><strong><em>male.-</em></strong></span> <span class='ocrx_word' id='word_1_760' title='bbox 3758 5171 3994 5228; x_wconf 78' lang='lat' dir='ltr'><strong><em>fastidio,</em></strong></span> <span class='ocrx_word' id='word_1_761' title='bbox 4129 5171 4191 5235; x_wconf 75' lang='lat'><strong><em>2)</em></strong></span> <span class='ocrx_word' id='word_1_762' title='bbox 4232 5172 4379 5227; x_wconf 69' lang='lat' dir='ltr'><strong><em>EM.</em></strong></span> <span class='ocrx_word' id='word_1_763' title='bbox 4415 5169 4548 5226; x_wconf 77' lang='lat'><strong>159⁷</strong></span> <span class='ocrx_word' id='word_1_764' title='bbox 4567 5181 4657 5223; x_wconf 59' lang='lat' dir='ltr'><strong><em>un·</em></strong></span> 
     </span>
    </p>
   </div>
   <div class='ocr_carea' id='block_1_14' title="bbox 4848 520 4861 1672">
    <p class='ocr_par' dir='ltr' id='par_1_19' title="bbox 4848 520 4861 1672">
     <span class='ocr_line' id='line_1_109' title="bbox 4848 520 4861 1672; baseline 0 0"><span class='ocrx_word' id='word_1_765' title='bbox 4848 520 4861 1672; x_wconf 95' lang='lat' dir='ltr'><strong><em> </em></strong></span> 
     </span>
    </p>
   </div>
   <div class='ocr_carea' id='block_1_15' title="bbox 4848 520 4861 1672">
    <p class='ocr_par' dir='ltr' id='par_1_20' title="bbox 4848 520 4861 1672">
     <span class='ocr_line' id='line_1_110' title="bbox 4848 520 4861 1672; baseline 0 0"><span class='ocrx_word' id='word_1_766' title='bbox 4848 520 4861 1672; x_wconf 95' lang='lat' dir='ltr'><strong><em> </em></strong></span> 
     </span>
    </p>
   </div>
   <div class='ocr_carea' id='block_1_16' title="bbox 4844 5 4875 3461">
    <p class='ocr_par' dir='ltr' id='par_1_21' title="bbox 4844 5 4875 3461">
     <span class='ocr_line' id='line_1_111' title="bbox 4844 5 4875 3461; baseline 0 0"><span class='ocrx_word' id='word_1_767' title='bbox 4844 5 4875 3461; x_wconf 95' lang='lat' dir='ltr'><strong><em> </em></strong></span> 
     </span>
    </p>
   </div>
   <div class='ocr_carea' id='block_1_17' title="bbox 4858 1606 4872 3461">
    <p class='ocr_par' dir='ltr' id='par_1_22' title="bbox 4858 1606 4872 3461">
     <span class='ocr_line' id='line_1_112' title="bbox 4858 1606 4872 3461; baseline 0 0"><span class='ocrx_word' id='word_1_768' title='bbox 4858 1606 4872 3461; x_wconf 95' lang='lat' dir='ltr'><strong><em> </em></strong></span> 
     </span>
    </p>
   </div>
   <div class='ocr_carea' id='block_1_18' title="bbox 4858 1606 4872 3461">
    <p class='ocr_par' dir='ltr' id='par_1_23' title="bbox 4858 1606 4872 3461">
     <span class='ocr_line' id='line_1_113' title="bbox 4858 1606 4872 3461; baseline 0 0"><span class='ocrx_word' id='word_1_769' title='bbox 4858 1606 4872 3461; x_wconf 95' lang='lat' dir='ltr'><strong><em> </em></strong></span> 
     </span>
    </p>
   </div>
   <div class='ocr_carea' id='block_1_19' title="bbox 4859 1606 4872 3461">
    <p class='ocr_par' dir='ltr' id='par_1_24' title="bbox 4859 1606 4872 3461">
     <span class='ocr_line' id='line_1_114' title="bbox 4859 1606 4872 3461; baseline 0 0"><span class='ocrx_word' id='word_1_770' title='bbox 4859 1606 4872 3461; x_wconf 95' lang='lat' dir='ltr'><strong><em> </em></strong></span> 
     </span>
    </p>
   </div>
   <div class='ocr_carea' id='block_1_20' title="bbox 4859 1606 4872 3461">
    <p class='ocr_par' dir='ltr' id='par_1_25' title="bbox 4859 1606 4872 3461">
     <span class='ocr_line' id='line_1_115' title="bbox 4859 1606 4872 3461; baseline 0 0"><span class='ocrx_word' id='word_1_771' title='bbox 4859 1606 4872 3461; x_wconf 95' lang='lat' dir='ltr'><strong><em> </em></strong></span> 
     </span>
    </p>
   </div>
  </div>
 </body>
</html>
