4984 5975
388 276 511 358 353

771 463 899 529 DE
943 464 1944 533 EXOOMMUNIOA'I'IONE.

555 585 1168 651 Excommunicatio
1213 596 1331 664 est,
1376 608 1508 670 qua
1551 586 1981 652 manifestarii
2016 595 2328 673 scortato-

383 692 509 750 res,
547 671 848 750 adulteri,
884 673 1078 750 fures,
1118 672 1497 751 homicidae,
1534 674 1737 750 avari,
1776 692 2061 756 rapaces,
2099 673 2326 755 iniqui,

381 757 750 842 iurgatores
763 809 779 835 ,
821 768 1285 823 comessatores
1302 810 1318 836 ,
1365 756 1630 836 ebriosi,
1676 756 1983 836 seditiosi,
2031 757 2328 823 dococto-

382 864 508 922 reS,
554 853 896 927 postquam
938 842 1253 908 admoniti
1296 865 1431 908 non
1474 845 1913 927 resipuerunt,
1961 863 1997 907 e
2032 842 2326 908 fidelium

381 930 723 1009 consortio,
765 926 1128 994 secundum
1160 929 1434 993 Domini
1471 936 1616 1008 [pag.
1642 935 1747 1007 49]
1785 928 2173 993 mandatum
2209 929 2323 994 eii-

381 1014 657 1081 oiantur.
745 1014 896 1084 Non
946 1014 1117 1097 quod
1186 1016 1253 1079 in
1310 1025 1699 1098 perpetuam
1761 1016 2022 1079 ruinam
2080 1034 2156 1079 ac
2210 1014 2323 1079 de-

379 1099 816 1183 sperationem
860 1121 969 1166 eos
1016 1100 1305 1188 ecclesia,
1332 1101 1658 1179 coniiciat,
1705 1099 1819 1165 sed
1865 1121 2091 1165 eorum
2114 1100 2322 1166 vitam

381 1205 456 1250 ac
499 1206 714 1250 mores
758 1184 1055 1251 damnat:
1102 1197 1168 1251 et
1200 1187 1331 1252 nisi
1373 1186 1786 1269 resipuerint,
1834 1206 1944 1250 eos
1986 1186 2119 1250 iam
2163 1207 2322 1250 suae

380 1271 820 1336 damnationis
864 1279 1076 1337 certos
1120 1272 1289 1337 facit.
1360 1272 1483 1336 Est
1518 1282 1735 1336 autem
1774 1270 1936 1336 haec
1980 1270 2323 1353 disciplina

378 1356 523 1421 ideo
580 1359 951 1422 necessaria
1003 1358 1175 1421 inter
1214 1358 1468 1436 fideles,
1528 1357 1699 1439 quod
1755 1356 2028 1422 ecclesia
2085 1376 2321 1438 corpus

379 1441 632 1509 Christi
653 1464 853 1524 quum
890 1445 994 1516 sit,
1041 1442 1358 1507 eiusmodi
1391 1442 1650 1508 foetidis
1686 1442 1997 1507 membris
2030 1441 2232 1524 pollui
2254 1449 2324 1506 et

380 1529 812 1595 contaminari
857 1550 984 1591 non
1032 1528 1252 1605 debet,
1299 1549 1464 1611 quae
1508 1531 1577 1593 in
1620 1528 1849 1611 capitis
1893 1527 2175 1593 dedecus
2218 1548 2322 1591 re-

378 1612 622 1681 cidunt.
712 1613 972 1679 Deinde
1017 1634 1107 1677 ne
1141 1613 1459 1681 eiusmodi
1502 1614 1942 1696 improborum
1980 1623 2323 1679 consuetu-

380 1699 550 1776 dine,
586 1698 758 1782 quod
794 1701 1055 1764 evenire
1087 1700 1267 1776 solet,
1314 1703 1522 1766 sancti
1557 1710 2077 1781 corrumpantur.
2148 1698 2322 1764 Con-

379 1784 560 1852 ducit
602 1796 668 1850 et
708 1785 790 1849 iis
832 1785 1008 1868 ipsis,
1058 1806 1244 1850 suam
1287 1787 1644 1868 nequitiam
1686 1786 1784 1849 ita
1825 1784 2163 1869 castigari,
2209 1783 2322 1867 qui

377 1871 619 1954 alioqui
652 1870 1059 1954 indulgentia
1089 1871 1548 1937 obstinatiores
1582 1872 1834 1946 fierent,
1867 1892 2043 1935 nunc
2075 1869 2320 1953 pudore

376 1958 627 2023 confusi
662 1957 1048 2039 resipiscere
1092 1956 1369 2022 discunt.
1439 1956 1634 2038 Quod
1678 1958 1734 2022 si
1766 1957 2162 2021 obtineatur:
2210 1976 2320 2020 eos

374 2042 445 2107 in
481 2043 1006 2107 communionem
1038 2041 1319 2126 benigne
1353 2043 1626 2108 ecclesia
1671 2042 1920 2125 recipit,
1957 2062 2032 2108 ac
2064 2042 2136 2105 in
2165 2062 2318 2125 par-

375 2128 821 2212 ticipationem
878 2127 1019 2192 eius
1074 2129 1374 2207 unitatis,
1430 2148 1470 2191 a
1513 2150 1641 2210 qua
1698 2127 2119 2192 exterminati
2177 2128 2319 2191 fue-

371 2224 542 2278 rant.
631 2212 733 2277 Ne
776 2214 921 2295 quis
975 2222 1194 2277 autem
1249 2214 1555 2279 ecclesiae
1608 2212 1921 2278 iudicium
1981 2219 2319 2278 contuma-

373 2301 542 2363 citer
585 2306 882 2381 spernat,
944 2306 1059 2363 aut
1114 2299 1301 2380 parvi
1344 2299 1645 2364 aestimet
1661 2350 1675 2376 ,
1735 2319 1805 2363 se
1849 2296 2138 2362 fidelium
2185 2299 2320 2362 suf-

370 2384 606 2467 fragiis
646 2383 1026 2448 damnatum
1042 2435 1056 2460 ,
1104 2391 1388 2449 testatur
1430 2385 1781 2459 Dominus,
1840 2383 1970 2448 tale
2028 2383 2321 2448 fidelium

372 2470 690 2534 iudicium
735 2490 869 2534 non
914 2469 1090 2535 aliud
1135 2490 1296 2547 esse,
1341 2491 1539 2552 quam
1580 2469 1945 2534 sententiae
1980 2489 2137 2534 suae
2167 2489 2320 2551 pro·

373 2554 847 2639 mulgationem
866 2606 880 2631 ,
936 2565 1284 2637 ratumque
1338 2554 1567 2620 haberi
1608 2556 1677 2619 in
1724 2554 1949 2633 coelis,
2006 2554 2180 2637 quod
2224 2553 2321 2619 illi

370 2642 443 2706 in
501 2649 678 2705 terra
730 2663 766 2706 e
814 2641 1003 2704 erint.
1093 2639 1363 2705 Habent
1419 2640 1595 2705 enim
1653 2639 1924 2705 verbum
1982 2641 2137 2718 Dei,
2193 2661 2322 2723 quo

368 2747 712 2809 perversos
801 2734 1096 2803 amnent3
1141 2724 1390 2791 habent
1425 2727 1715 2804 verbum,
1763 2745 1889 2808 quo
1935 2725 2321 2809 resipiscen-

367 2823 472 2878 tes
515 2813 582 2876 in
629 2813 911 2895 gratiam
953 2810 1273 2893 recipiant
1316 2812 1586 2895 (Matth.
1635 2815 1732 2890 18,
1776 2813 1902 2895 18).

942 3018 1070 3083 DE
1115 3016 1744 3084 MAGISTRA'PU.

322 3233 329 3239 q
543 3155 1055 3238 Magistratuum
1101 3154 1501 3219 functionem
1554 3175 1688 3219 non
1742 3154 1935 3220 modo
1991 3156 2114 3221 sibi
2168 3175 2321 3238 pro-

370 3240 534 3317 bari,
579 3250 1038 3323 acceptamque
1093 3260 1262 3317 esse,
1309 3247 1589 3307 testatus
1644 3249 1745 3305 est
1800 3238 2127 3306 Dominus
2143 3292 2159 3320 ,
2204 3240 2321 3306 sed

368 3326 744 3391 honorificis
778 3327 931 3390 insu
978 3347 1051 3390 er
1086 3324 1314 3409 elogiis
1357 3326 1499 3390 eius
1535 3325 1926 3409 dignitatem
1960 3347 2321 3411 prosequu-

369 3422 497 3489 ωε,
543 3413 818 3477 mirifice
851 3432 939 3475 no
984 3413 1039 3475 is
1074 3410 1576 3476 commendavit.
1643 3411 1819 3476 Nam
1853 3419 1919 3476 et
1960 3411 2321 3495 sapientiae

370 3518 529 3563 suae
582 3518 745 3579 opus
788 3518 932 3562 esse
977 3496 1265 3561 affirmat
1281 3547 1297 3573 ,
1341 3495 1514 3580 quod
1557 3516 1748 3580 reges
1790 3508 2103 3582 regnant,
2147 3497 2319 3580 quod

370 3583 725 3649 consiliarii
759 3583 929 3648 iusta
962 3581 1339 3660 decernunt,
1372 3581 1542 3664 quod
1575 3584 1907 3665 magnifici
1929 3593 2143 3648 terrae
2167 3591 2323 3648 sunt

369 3668 613 3734 iudices
664 3668 886 3751 (Prov.
926 3674 984 3746 8,
1032 3668 1166 3751 15):
1213 3676 1281 3731 et
1337 3667 1491 3733 alibi
1535 3667 1689 3733 deos
1731 3677 2068 3752 nuncupat
2109 3669 2317 3749 (Psal.

370 3758 471 3831 82,
511 3760 600 3834 6),
659 3755 966 3836 quoniam
1006 3752 1345 3837 negotium
1388 3774 1580 3818 suum
1624 3769 1893 3836 gerunt,
1950 3754 2077 3819 alio
2120 3755 2321 3820 etiam

367 3838 511 3906 loco
569 3844 717 3919 [pag.
767 3846 871 3918 50]
932 3837 1249 3905 iudicium
1292 3859 1409 3921 pro
1452 3838 1615 3917 Dec,
1674 3861 1809 3905 nou
1856 3861 1977 3923 pro
2031 3840 2315 3920 homine,

368 3945 673 3991 exercere
716 3924 1025 3991 dicuntur
1058 3923 1285 4010 (Dent.
1320 3928 1371 4001 1,
1404 3922 1529 4009 17).
1596 3925 1689 3989 Et
1728 3925 1976 3991 Paulus
2001 3928 2047 4007 ¹)
2094 3926 2315 4010 (Rom.

374 4014 471 4090 12,
502 4014 590 4093 7),
628 4012 789 4077 inter
812 4010 939 4081 Dei
974 4012 1152 4089 dona,
1175 4011 1612 4092 praefecturas
1647 4013 1940 4076 nominat.
2012 4011 2137 4078 Ubi
2159 4033 2316 4077 vero

366 4094 730 4181 longiorem
764 4096 839 4161 de
856 4098 943 4161 iis
975 4095 1456 4177 disputationem
1488 4096 1773 4175 instituit,
1811 4097 2169 4163 clarissime
2204 4097 2317 4162 do-

509 4334 568 4397 1)
606 4333 790 4389 Instit.
820 4351 876 4403 p.
910 4333 1028 4389 476.

2041 279 2717 349 CATEOHISMUS.

4263 291 4388 355 354

2438 475 2570 547 cet,
2628 489 2854 534 eorum
2897 475 3258 552 potestatem
3300 473 3430 540 Dei
3482 475 3931 543 ordinationem
3984 496 4132 543 esse.
4198 476 4393 560 Ipsos

2437 559 2641 619 autem
2691 556 3013 621 ministros
3064 578 3195 622 esse
3234 558 3364 623 Dei
3377 610 3393 638 ,
3447 560 3591 626 bene
3646 562 3966 645 ayentibus
4008 565 4080 627 in
4118 563 4387 646 laudem,

2433 639 2640 740 malis·
2681 642 2768 707 ad
2815 642 2984 707 iram
3036 642 3264 709 ultores
3307 645 3527 729 (Rom.
3575 651 3670 726 13,
3708 648 3797 731 4).
3855 645 4071 729 Quam
4117 649 4199 714 ob
4242 671 4387 715 rem

2431 743 2806 809 prmcipum
2849 748 2925 792 ac
2974 729 3476 812 magistratuum
3512 741 3641 812 est,
3679 735 3984 816 cogitare,
4022 735 4127 799 cui
4159 735 4231 799 in
4265 758 4385 801 suo

2429 831 2706 878 munere
2742 814 3052 892 serviant,
3087 835 3210 880 nec
3244 815 3598 899 quidquam
3636 818 3980 904 indignum
4003 820 4132 884 Dei
4155 821 4386 887 minis-

2429 896 2550 959 tris
2601 916 2676 962 ac
2730 899 2997 963 vicariis
3031 898 3397 966 admittere.
3465 904 3632 969 Tota
3666 911 3886 970 autem
3920 926 4145 971 eorum
4181 927 4381 990 prope

2428 980 2792 1047 sollicitudo
2824 984 2896 1048 in
2929 984 3051 1051 hoc
3085 985 3464 1052 incumbere
3500 988 3706 1068 debet,
3752 1002 3829 1054 ut
3868 990 4196 1075 publicam
4229 992 4383 1058 reli-

2426 1066 2641 1149 gionis
2684 1070 2962 1167 formam
2997 1071 3407 1153 impollutam
3453 1087 3860 1154 conservent,
3898 1084 3974 1141 ut
4013 1076 4240 1160 populi
4280 1079 4380 1145 vi—

2426 1161 2563 1217 tam
2602 1162 2866 1236 optimis
2902 1155 3157 1240 legibus
3191 1159 3495 1238 forment,
3532 1170 3606 1225 ut
3641 1183 3800 1227 suae
3837 1161 4100 1227 ditionis
4134 1162 4378 1229 bonum

2428 1259 2504 1302 ac
2571 1240 3111 1321 tranquillitatem
3178 1244 3437 1326 publice
3500 1246 3941 1330 privatimque
4004 1262 4381 1331 procurent.

2427 1322 2614 1389 Haec
2657 1335 2876 1390 autem
2917 1325 3196 1392 obtineri
3240 1343 3592 1412 nequeunt,
3638 1334 3766 1397 nisi
3811 1334 4059 1399 iustitia
4099 1342 4167 1399 et
4206 1334 4381 1400 iudi-

2427 1410 2544 1486 cio,
2582 1431 2747 1493 quae
2792 1411 2920 1476 duo
2956 1411 3089 1478 illis
3132 1432 3172 1476 a
3229 1416 3549 1498 propheta
3590 1418 4001 1501 potissimum
4047 1440 4379 1485 commen-

2427 1493 2702 1593 dantur·
2729 1495 2887 1579 (Ier.
2928 1503 3030 1576 22,
3069 1501 3105 1561 2
3144 1502 3279 1579 ss.).
3361 1501 3620 1569 Iustitia
3648 1505 3697 1586 ¹)
3752 1506 4001 1585 quidem
4051 1512 4157 1586 eet,
4204 1507 4382 1571 irme-

2426 1585 2620 1644 centes
2676 1603 2745 1645 ‘m
2793 1583 2984 1663 fidem
3036 1586 3351 1666 suscipere
3365 1638 3379 1664 ‚
3419 1589 3758 1669 complecti,
3802 1593 3968 1656 tueri
3983 1642 3997 1670 ,
4043 1593 4378 1668 vindicare,

2427 1665 2725 1731 liberare:
2766 1669 3073 1733 iudieium
3106 1675 3327 1749 autem,
3365 1674 3702 1754 impiorum
3737 1677 4042 1742 audaciae
4069 1678 4377 1756 obsistere,

2424 1752 2556 1815 vim
2588 1754 3001 1834 comprimere,
3046 1756 3271 1821 delicta
3293 1760 3572 1839 punire..
3615 1758 4046 1826 subditorum
4090 1762 4381 1830 vicissim

2422 1845 2649 1919 partes
2702 1849 2884 1916 sunt,
2930 1841 3291 1922 praefectos
3344 1864 3499 1909 suos
3542 1867 3675 1910 non
3709 1845 3902 1912 modo
3946 1847 4270 1913 honorare
4313 1859 4383 1913 et

2423 1925 2745 1988 revereri:
2792 1924 2907 1990 sed
2961 1947 3187 1991 eorum
3232 1948 3491 2011 quoque
3535 1931 3815 1996 salutem
3862 1952 3938 1998 ac
3979 1934 4375 2016 prosperita·-

2424 2016 2557 2071 tem
2606 2009 2894 2074 Domino
2940 2013 3238 2093 precibus
3281 2014 3774 2097 commendare,
3835 2039 4062 2083 corum
4103 2019 4380 2102 imperio

2423 2113 2565 2158 sese
2610 2093 2785 2159 ultro
2838 2095 3185 2176 subiicere,
3231 2098 3460 2166 edictis
3514 2123 3588 2167 ac
3641 2104 4217 2170 constitutionibus
4259 2126 4377 2188 pa-

2423 2199 2600 2254 rere,
2656 2199 2857 2244 onera
2907 2202 3074 2263 quae
3128 2182 3210 2247 ab
3262 2184 3396 2250 illis
3451 2187 3881 2270 imponuntur
3934 2211 4065 2254 non
4126 2189 4377 2257 detrec-

2424 2273 2584 2342 tare,
2630 2286 2748 2330 seu
2771 2266 3119 2351 vectigalia
3153 2268 3303 2346 sint,
3350 2292 3467 2336 seu
3506 2272 3770 2351 tributa,
3818 2295 3932 2339 seu
3973 2297 4251 2341 munera
4285 2278 4377 2342 ci-

2423 2348 2614 2428 vilia,
2659 2358 2728 2414 et
2771 2350 3084 2434 quidquid
3128 2364 3228 2419 est
3271 2355 3606 2422 eiusmodi.
3674 2359 3904 2442 Neque
3947 2380 4104 2425 vero
4144 2361 4246 2426 iis
4272 2383 4377 2427 so-

2420 2434 2565 2533 lum
2618 2437 2962 2518 praefectis
3004 2437 3434 2522 obsequentes
3476 2464 3597 2508 nos
3635 2446 4059 2527 praebeamus
4102 2454 4376 2528 oportet,

2424 2541 2536 2603 qui
2563 2520 2781 2602 probe,
2815 2531 2883 2587 et
2902 2544 3031 2605 qua
3065 2523 3304 2590 debent
3337 2527 3466 2593 fide
3500 2529 3846 2612 imperium
3883 2531 4374 2598 administrant:

2425 2605 2543 2670 sed
2584 2627 2695 2672 eos
2729 2628 2983 2691 quoque
3013 2610 3187 2676 ferre
3231 2614 3558 2692 convenit,
3605 2617 3718 2697 qui
3756 2625 4074 2700 potestate
4118 2637 4239 2683 sua
4269 2620 4376 2684 in-

2426 2691 2715 2757 solenter
2757 2692 3135 2774 abutuntur,
3183 2696 3386 2763 donec
3428 2699 3723 2783 legitimo
3768 2701 3997 2767 ordine
4042 2702 4248 2767 simus
4293 2704 4377 2768 ab

2426 2797 2657 2842 eorum
2679 2779 2835 2862 iugo
2856 2779 3132 2847 liberati.
3188 2782 3364 2848 Nam
3393 2792 3472 2848 ut
3507 2785 3716 2851 bonus
3753 2789 4072 2871 princeps,
4115 2788 4377 2853 divinae

2428 2862 2892 2930 beneficentiae
2944 2865 3406 2934 documentum
3450 2879 3578 2949 est,
3627 2871 3710 2936 ad
3756 2875 3904 2952 [pag.
3946 2879 4051 2954 51]
4097 2874 4378 2939 salutem

2372 2959 2375 2968 .
2427 2947 2774 3014 hominum
2840 2953 3385 3020 conservandam:
3458 2956 3554 3021 ita
3616 2959 3832 3025 malus
3899 2966 3967 3024 et
4019 2960 4376 3043 improbus,

2425 3036 2566 3100 eius
2601 3036 2938 3120 flagellum
2971 3047 3091 3119 est,
3127 3038 3213 3104 ad
3246 3042 3627 3125 castiganda
3659 3045 3884 3129 populi
3919 3045 4173 3112 delicta.
4229 3046 4379 3112 Hoc

2424 3130 2651 3186 tamen
2692 3124 2765 3187 in
2803 3125 3185 3191 universum
3229 3125 3606 3193 habendum
3651 3139 3770 3209 est,
3817 3131 4112 3215 utrisque
4156 3131 4380 3197 datam

2427 3231 2467 3274 a
2516 3207 2662 3272 Deo
2712 3217 3139 3308 potestatem:
3206 3233 3416 3294 neque
3470 3212 3605 3278 illis
3659 3216 3878 3281 resisti
3943 3238 4160 3301 posse,
4218 3219 4380 3302 quin

2426 3293 2554 3358 Dei
2604 3292 2997 3361 ordinationi
3045 3298 3445 3363 resistamus.
3522 3301 3616 3364 At
3646 3323 3787 3366 vero
3804 3301 3862 3385 ²)
3907 3302 3976 3367 in
4020 3302 4379 3385 praefecto-

2423 3401 2576 3444 rum
2644 3379 3013 3447 obedientia
3077 3404 3283 3447 unum
3350 3404 3590 3468 semper
3657 3388 4112 3468 excipiendum,
4169 3409 4245 3453 ne
4295 3389 4378 3452 ab

2424 3468 2561 3531 eius
2594 3463 2935 3532 obedientia
2978 3488 3092 3533 nos
3126 3469 3416 3550 deducat,
3450 3472 3634 3536 cuius
3673 3472 3934 3537 decretis
3987 3492 4201 3556 reyum
4248 3493 4378 3537 om-

2424 3553 2606 3617 nium
2647 3553 2828 3616 iussa
2868 3554 3076 3618 cedere
3106 3575 3240 3634 par
3282 3560 3385 3619 est.
3457 3555 3772 3622 Dominus
3814 3577 3956 3640 erqo
3999 3578 4113 3622 rese
4153 3563 4242 3623 est
4282 3579 4378 3624 re-

2418 3658 2601 3721 yum,
2644 3638 2755 3719 qui
2797 3637 2906 3702 uhi
2947 3659 3015 3703 os
3057 3641 3326 3721 aperuit,
3371 3661 3539 3706 unus
3567 3662 3694 3723 pro
3735 3643 4022 3707 omnibus
4062 3643 4256 3707 simul
4299 3665 4377 3709 ac

2421 3744 2623 3804 supra
2657 3743 2879 3803 omne-3,
2917 3729 3006 3789 est
3038 3725 3408 3791 audiendae.
3457 3726 3560 3790 Iis
3583 3728 3822 3805 deinde,
3868 3729 3976 3809 qui
3997 3727 4173 3792 nobis
4184 3748 4380 3808 prae-

2420 3814 2595 3889 sunt,
2642 3809 2996 3874 hominibus
3050 3810 3304 3875 subiecti
3342 3812 3576 3875 simus:
3617 3811 3726 3877 sed
3772 3833 3894 3876 non
3935 3813 4065 3877 nisi
4106 3813 4177 3877 in
4218 3815 4373 3895 ipso.

2420 3894 2756 3960 Adversus
2799 3894 3011 3976 ipsum
3050 3896 3111 3960 si
3165 3896 3318 3978 quid
3371 3897 3698 3977 imperent,
3735 3898 3903 3963 nullo
3955 3899 4041 3963 sit
4079 3919 4188 3965 nec
4228 3900 4372 3979 loeo,

2420 4000 2528 4046 nec
2582 4000 2867 4044 numero:
2910 3980 3028 4046 sed
3069 3980 3186 4046 illa
3227 3982 3446 4065 potius
3489 3983 3814 4048 sententia
3855 3982 4067 4049 locum
4112 3984 4376 4062 habeat,

2420 4064 2823 4131 obediendum
2861 4064 2999 4131 Deo
3041 4068 3255 4152 magis
3300 4087 3491 4149 quam
3532 4067 3900 4134 hominibus

2560 4336 2619 4403 1)
2660 4338 2843 4393 Inue.
2875 4356 2932 4409 p.
2968 4336 3090 4394 482.
3130 4324 3146 4341 ‘
3295 4340 3357 4404 2)
3397 4339 3547 4395 Ima.
3579 4356 3638 4408 p.
3671 4338 3776 4394 513
3811 4356 3915 4411 seq.

2223 4713 2501 4769 FINIS.

581 5271 801 5328 Calvina
831 5289 1014 5344 opera.
1102 5274 1214 5329 Vol.
1262 5274 1320 5328 V.
