4984 5975
354 227 473 289 501

527 410 880 493 Tantisper
904 467 909 474 .
930 413 1151 476 forsan
1195 430 1583 476 consensum
1638 408 1878 474 horum
1920 409 2307 475 monarcha-

352 519 503 564 rum
544 497 863 580 pontificii
903 503 1161 580 optent,
1206 495 1365 562 dum
1406 496 1669 580 publica
1711 493 2051 561 christiani
2098 495 2309 559 nomi-

353 583 458 650 nis
512 603 674 665 pace
728 582 812 647 ad
864 582 1299 650 conficiendos
1353 579 1992 665 exstinguendosque
2058 587 2309 663 protes-

355 677 570 735 tantes
611 667 987 733 abutantur.
1079 667 1297 750 Quam
1339 675 1561 733 autem
1603 666 1766 732 alias
1805 686 2032 732 veram
2068 672 2134 731 et
2176 673 2309 731 sta-

352 756 557 823 bilem
599 753 1007 820 concordiam
1047 755 1223 820 inter
1252 753 1462 825 ⁴hosce
1503 752 1899 819 monarchas
1940 753 2111 817 ferre
2144 772 2309 834 pon·

356 842 523 907 tifex
580 837 786 907 soleat
841 849 908 904 et
960 841 1089 922 ipsi
1145 848 1307 905 sunt
1361 838 1591 923 optimi
1644 846 1846 903 testes
1891 845 1957 902 et
1999 838 2158 903 satis
2200 858 2309 902 su-

354 948 601 1013 perque
650 925 905 1010 pridem
949 933 1046 991 tot
1101 924 1510 1010 gravissimis
1553 924 1784 989 Italiae
1829 922 2311 989 calamitatibus

354 1012 757 1079 declaratum
801 1021 918 1077 est.
991 1012 1441 1078 Protestantes
1486 1017 1707 1075 autem
1751 1009 1905 1093 (11118
1949 1031 2081 1074 11011
2124 1009 2309 1091 prin-

356 1100 579 1181 cipum
634 1097 920 1164 dissidiis
977 1097 1093 1162 sed
1146 1096 1413 1163 Christo
1469 1095 1805 1161 confidunt
1858 1103 1926 1160 et
1982 1116 2187 1178 quum
2230 1093 2311 1159 ab

356 1183 540 1250 omni
582 1205 807 1248 rerum
849 1184 1293 1248 humanarum
1335 1181 1824 1266 perturbatione
1868 1190 2011 1245 tum
2045 1181 2312 1264 sangui-

356 1272 458 1336 nis
500 1270 843 1337 christiani
888 1270 1280 1352 profusione,
1327 1277 1403 1332 ut
1444 1289 1565 1350 par
1608 1275 1723 1346 est,
1771 1267 2154 1333 abhorrent:
2192 1265 2313 1330 hos

357 1358 682 1440 principes
739 1355 1011 1424 sublatis
1055 1354 1340 1420 dissidiis
1384 1352 1686 1418 omnibus
1743 1353 2095 1418 convenire
2138 1352 2312 1416 inter

358 1464 427 1509 se
463 1464 546 1508 ex
587 1441 807 1505 animo
844 1449 1089 1523 optant.
1146 1440 1377 1522 Neque
1412 1439 1589 1504 enim
1631 1437 1938 1504 dubitant
1967 1438 2126 1520 quin
2167 1445 2313 1501 tum

357 1527 631 1594 daturus
675 1528 783 1608 sit,
804 1525 990 1591 Deus
1004 1579 1018 1603 ,
1064 1535 1140 1591 ut
1180 1527 1348 1590 inita
1391 1531 1621 1590 sancta
1664 1524 2143 1607 conspiratione
2187 1523 2312 1588 sic-

358 1623 436 1678 ut
480 1614 707 1678 Turcis
749 1611 1241 1695 propulsandis,
1292 1612 1386 1675 ita
1428 1619 1496 1676 et
1538 1610 1828 1676 ecclesiis
1884 1608 2312 1675 restituendis

357 1719 502 1768 sese
542 1698 943 1781 impendant.
1010 1697 1281 1763 Habent
1321 1697 1526 1779 igitur
1568 1703 2006 1778 protestantes
2050 1714 2315 1762 causam

357 1807 476 1851 cur
528 1791 846 1869 perpetua
895 1793 961 1848 et
1013 1784 1257 1848 virium
1314 1791 1380 1847 et
1432 1785 1797 1848 animorum
1856 1783 2314 1847 coniunctione

356 1870 703 1936 cohaerere
744 1869 921 1952 ipsos
963 1870 1139 1934 inter
1182 1890 1253 1934 se
1297 1868 1522 1933 velint.

529 1981 826 2046 Poterant
869 1981 1055 2044 etiam
1088 1981 1440 2045 maiestates
1474 2000 1628 2044 suae
1660 1977 1903 2045 reiectis
1941 1980 2037 2061 (ut
2079 1978 2314 2043 dictum

352 2069 468 2149 est)
509 2067 872 2132 tractatibus
892 2066 1217 2148 reliyionis
1239 2066 1323 2130 ad
1341 2065 1666 2130 concilium
1686 2065 1939 2129 interim
1963 2083 2104 2129 cum
2127 2063 2314 2144 prin-

355 2154 598 2235 cipibus
647 2152 965 2217 catholicis
1017 2152 1094 2217 de
1150 2151 1396 2216 auxilio
1441 2156 1651 2216 contr-a
1697 2151 1976 2215 Turcam
2018 2170 2084 2214 se
2127 2149 2314 2214 stabi-

359 2241 477 2305 lire
517 2240 655 2303 sine
697 2237 834 2303 ulla
875 2257 1070 2303 mora.

531 2341 738 2423 Atqui
764 2341 820 2405 si
844 2339 974 2404 Dei
999 2339 1313 2404 beneficio
1358 2359 1551 2422 porro
1594 2339 1715 2402 fiat
1737 2336 1910 2421 quod
1941 2338 2087 2402 fieri
2126 2358 2316 2421 coep-

289 2442 295 2450 ·
361 2439 505 2494 tum
546 2433 664 2504 est,
710 2440 786 2490 nt
827 2425 1046 2508 plures
1089 2424 1420 2489 communi
1463 2424 1778 2516 religione
1822 2422 2076 2489 Christi
2119 2444 2318 2506 quam

362 2513 620 2597 vulgari
642 2510 1105 2595 superstitione
1127 2510 1430 2576 catholici
1464 2510 1609 2574 fieri
1630 2509 1872 2573 malint
1895 2529 2098 2592 eaque
2120 2529 2317 2574 causa

363 2621 432 2666 se
472 2597 987 2683 protestantibus
1031 2596 1396 2680 adiungant
1440 2597 1675 2674 808108,
1738 2594 1955 2677 potius
2002 2615 2201 2678 quam
2243 2595 2316 2658 in

359 2684 678 2770 pontificii
718 2682 997 2748 foederis
1041 2683 1415 2748 societatem
1461 2679 1696 2746 adduci
1738 2702 1810 2746 se
1851 2681 2100 2760 sinant,
2158 2679 2317 2762 quid

357 2773 632 2854 inquam
677 2777 835 2835 tunc
879 2768 1179 2833 futurum
1221 2768 1362 2834 est?
1441 2768 1616 2832 Nam
1658 2767 1801 2849 ipse
1841 2768 1974 2831 iam
2018 2765 2339 2849 pontifex.

360 2857 694 2924 confessus
715 2865 830 2934 est,
856 2854 1200 2919 non'aliter
1233 2854 1455 2919 resisti
1489 2874 1676 2936 posse
1710 2851 1864 2918 huic
1908 2852 2314 2917 atrocissimo

357 2943 529 3010 hosti
573 2962 769 3026 quam
814 2940 871 3005 si
905 2941 1256 3007 universae
1292 2940 1634 3006 christiani
1671 2938 1958 3004 nominis
1993 2938 2170 3005 vires
2211 2938 2315 3003 in-

356 3042 462 3095 ter
515 3051 590 3181 38
646 3027 1013 3093 coalescant
1070 3035 1137 3091 et
1191 3025 1644 3092 coadunentur
1693 3024 1776 3090 ad
1831 3027 2051 3108 ipsum
2096 3026 2314 3107 oppri-

358 3137 512 3181 men
560 3137 695 3179 um.

539 3225 717 3309 Quod
771 3225 831 3293 si
884 3226 1072 3289 etiam
1134 3218 1406 3289 stabilito
1461 3224 1899 3289 catholicorwm
1953 3222 2198 3304 foedere
2261 3227 2319 3288 et

356 3318 561 3396 coepto
591 3332 714 3393 per
757 3311 1107 3376 maiestates
1140 3330 1297 3374 suas
1335 3310 1611 3390 concilim
1644 3313 1699 3374 et
1732 3310 1934 3375 incisa
1964 3313 2316 3389 protestan-

356 3401 522 3464 tium
559 3419 687 3478 spe,
724 3396 796 3461 de
838 3395 1133 3479 reliyione
1162 3395 1576 3477 pervertenda
1609 3400 1667 3460 et
1707 3394 1881 3460 bonis
1922 3394 2319 3461 eccla-iarum

358 3484 748 3567 diripiendis
790 3532 804 3545 .
851 3532 865 3547 .
910 3532 926 3547 .
973 3530 987 3544 .

536 3592 656 3667 [fol.
703 3588 812 3665 43]
850 3585 1044 3650 Bella
1086 3592 1153 3649 et
1194 3582 1500 3666 expedita
1533 3583 1858 3666 pontificis
1893 3584 2080 3662 ratio,
2118 3583 2319 3666 siqui-

358 3674 513 3740 dem
556 3693 706 3737 eam
730 3669 1041 3737 Christus
1087 3677 1305 3735 ratam
1347 3669 1602 3734 habeat.
1693 3668 1879 3734 Nihil
1921 3668 2319 3735 benevolen-

360 3761 484 3839 tia,
542 3765 660 3822 aut
703 3756 1111 3822 humanitate
1165 3755 1443 3821 obtineri
1495 3775 1535 3818 a
1576 3753 2089 3837 protestantibus
2132 3775 2323 3838 posse

356 3867 511 3929 spes
553 3851 677 3920 est,
724 3864 798 3907 eo
834 3842 1053 3923 itaque
1094 3841 1497 3907 necessitatis
1537 3839 1905 3924 adigantur,
1952 3863 2036 3905 ne
2071 3862 2140 3906 se
2182 3861 2322 3905 mo-

364 3951 523 3999 vere
604 3928 845 3994 ausint.
942 3926 1204 3994 Deinde
1273 3934 1500 4009 coepto
1580 3926 1852 3991 concilio
1928 3925 2323 3991 admonendi

362 4024 565 4083 erunt
609 4035 650 4079 a
693 4012 1122 4097 principibus,
1180 4020 1257 4077 ut
1299 4011 1381 4075 ad
1427 4009 1847 4091 audiendam,
1892 4033 2058 4095 quae
2101 4008 2173 4076 in
2217 4032 2324 4077 ca-

361 4114 488 4187 put
541 4122 739 4166 suum
793 4100 1039 4164 feretur
1054 4152 1069 4176 ,
1137 4098 1534 4162 sententiam
1597 4097 1848 4162 sistant.
1937 4099 2157 4180 Atque
2218 4098 2326 4164 hic

360 4189 579 4255 obiter
623 4187 861 4270 aperit,
920 4204 1258 4268 quousque
1297 4181 1602 4267 progredi
1656 4185 1728 4247 in
1782 4185 2006 4248 animo
2063 4182 2322 4249 habeat.

363 4274 650 4359 Coepto,
703 4271 947 4354 inquit,
993 4269 1263 4337 concilio
1303 4269 1793 4352 quamprimum
1834 4268 1914 4334 de
1957 4266 2326 4352 protestan-

362 4362 548 4427 tibus
583 4365 837 4443 agatur,
885 4364 953 4422 et
984 4355 1244 4439 quando
1280 4354 1695 4437 perficietur?
1766 4355 1876 4420 Ex
1910 4355 2058 4437 ipsa
2090 4354 2329 4440 agendi

364 4446 543 4514 serie
599 4444 945 4509 aestimare
1003 4443 1173 4509 licet.
1263 4442 1389 4506 Est
1439 4451 1662 4505 tamen
1720 4440 1966 4523 aliquid
2021 4440 2193 4522 quod
2246 4440 2328 4506 de

357 4527 743 4598 inchoando
784 4528 1091 4612 loquitur,
1129 4528 1314 4612 quasi
1354 4525 1617 4592 difficile
1659 4534 1774 4590 aut
1815 4546 2061 4591 novum
2104 4528 2192 4591 sit
2223 4528 2327 4591 fu-

360 4639 527 4686 cum
575 4617 806 4694 facere,
860 4621 935 4679 ut
968 4612 1289 4680 indictum
1336 4612 1656 4678 habeatur
1689 4633 1806 4695 pro
1841 4612 2119 4695 incepto.
2191 4612 2328 4679 Ve-

366 4725 527 4770 rum
571 4703 900 4784 fingamus
937 4700 1068 4765 huc
1124 4720 1377 4783 quoque
1430 4720 1501 4765 se
1546 4698 1901 4763 extendere
1946 4718 2155 4781 papae
2196 4699 2328 4763 lar-

364 4791 669 4875 gitatem.
760 4784 938 4867 Quid
992 4786 1205 4868 prima
1258 4786 1537 4850 statione
1591 4782 1746 4850 fiet?
1838 4783 2025 4849 Sicut
2069 4785 2329 4867 gravio-

364 4875 569 4941 ribus
614 4871 805 4938 malis
857 4869 1226 4955 quaerenda
1277 4881 1436 4936 sunt
1476 4870 1694 4955 priore
1742 4869 1885 4935 loco
1929 4868 2244 4935 remedia:
2291 4892 2333 4934 8

364 4958 894 5046 protestantibus
964 4954 1356 5021 sumendum
1432 4955 1792 5023 exordium.
1890 4955 2333 5038 Compareant

370 5048 387 5063 ⁶
445 5048 587 5111 ‘tur
629 5043 736 5109 vel
782 5042 867 5108 ad
910 5061 1174 5109 causam
1218 5039 1592 5122 dicendam,
1649 5041 1759 5109 vel
1803 5042 1859 5107 si
1899 5042 1994 5105 ita
2033 5040 2332 5124 patribus

366 5153 599 5201 11811111
641 5128 856 5208 fuerit,
903 5127 985 5194 ad
1029 5126 1425 5193 audiendam
1465 5127 1745 5193 indictae
1788 5148 2023 5194 causae
2065 5136 2332 5194 senten·

1847 219 2372 288 CONSILIUM
2410 219 2704 288 PAULI
2746 220 2873 286 m.

4247 228 4377 290 502

2413 409 2594 475 tiam.
2685 408 2864 490 Quid
2908 416 3247 490 statutum,
3296 410 3649 489 decretum,
3688 411 4197 493 pronunciatum
4229 412 4372 480 fue-

2411 496 2519 574 rit,
2568 493 2741 561 dicto
2786 497 2842 561 si
2889 495 3232 561 audientes
3272 496 3409 561 fore
3453 496 3775 579 recipiant
3798 550 3815 576 ,
3872 495 3953 562 de
4011 498 4150 563 suis
4195 500 4370 583 capi-

2415 581 2609 660 tibus,
2654 581 2786 646 imo
2832 580 2912 647 de
2988 583 3093 646 uis
3129 582 3368 647 animis
3413 582 3676 648 decerni
3708 580 3882 665 quod
3914 582 4134 649 visum
4172 585 4375 651 fuerit

2414 667 2843 732 consentiant.
2999 667 3138 750 tqui
3194 690 3324 733 non
3383 676 3644 733 tantum
3707 667 4067 750 periculose
4115 669 4187 735 id
4241 672 4376 736 sint

2413 753 2652 817 facturi
2691 753 2765 816 in
2809 773 2882 816 re
2927 752 3156 832 dubia,
3213 753 3329 819 sed
3369 773 3522 818 cum
3566 761 3744 819 certa
3786 754 3890 820 sui
3933 755 4224 836 pernicie
4268 777 4375 821 re-

2414 836 2728 921 ligionem
2793 838 3038 922 insigni
3106 839 3379 922 perfidia
3442 839 3782 922 prodituri.
3874 839 4133 920 Quibus
4195 841 4375 906 enim

2415 931 2678 988 tantum
2721 924 2883 989 iuris
2928 923 3262 989 deferent?
3311 933 3485 990 certe
3528 925 3800 990 minime
3843 925 4197 991 obscurum
4252 934 4374 1007 est,

2416 1009 2652 1093 quibus
2695 1009 2800 1074 vel
2842 1009 3225 1093 pecudibus,
3284 1010 3392 1074 vel
3436 1010 3676 1088 beluis,
3723 1011 4015 1076 maxima
4062 1033 4143 1077 ex
4186 1020 4375 1095 parte

2416 1095 2657 1161 chorus
2690 1095 2801 1159 ille
2825 1096 3297 1160 venerabilium
3320 1096 3769 1179 cpiscoporum
3795 1104 3863 1161 et
3885 1097 4196 1163 abbatum
4218 1119 4375 1164 con-

2417 1188 2565 1247 8181.
2651 1181 2856 1245 Pauci
2915 1181 3179 1265 quidem
3242 1181 3619 1249 libera-libus
3685 1182 4047 1264 disciplinis
4111 1183 4375 1267 egregie

2417 1274 2574 1333 sunt
2615 1266 2928 1344 instituti,
2977 1267 3096 1333 sed
3138 1287 3213 1332 eo
3257 1267 3513 1349 peiores
3557 1267 3726 1349 quod
3769 1267 4083 1351 quidquid
4129 1267 4377 1335 habent

2416 1353 2669 1437 ingenii
2706 1373 2781 1417 ac
2807 1350 3140 1417 doctrinae
3173 1354 3246 1418 in
3285 1355 3601 1437 pessimos
3637 1374 3795 1419 usus
3832 1354 4187 1419 conferunt.
4265 1355 4377 1420 Ex

2419 1438 2566 1503 aliis
2622 1438 2741 1502 vix
2797 1437 3126 1504 decimum
3164 1461 3488 1523 quemque
3537 1441 3853 1523 reperias,
3910 1441 4038 1526 (1111ρ
4075 1439 4185 1505 181
4239 1462 4377 1505 me-

2419 1524 2627 1589 diocri
2683 1524 3022 1589 literarum
3082 1526 3454 1608 cognitione
3508 1526 3746 1592 leviter
3799 1526 4044 1592 tinctus
4099 1526 4204 1592 sit.
4290 1525 4380 1591 In

2417 1629 2576 1675 vera
2620 1608 2871 1675 Christi
2913 1609 3352 1693 intelligentia
3387 1617 3648 1694 totaque
3690 1610 4025 1695 religionis
4061 1611 4378 1677 adminis-

2418 1697 2699 1761 tratione
2752 1696 2869 1762 vix
2913 1696 3326 1775 centesimus,
3380 1696 3491 1779 qui
3538 1718 3672 1761 non
3732 1699 3819 1761 sit
3859 1698 4044 1762 asino
4087 1696 4378 1779 quolibet

2418 1780 2759 1864 stupidior.
2847 1783 3191 1847 Postremo
3242 1791 3320 1846 ut
3371 1782 3736 1848 doctrinam
3787 1781 3922 1847 illis
3979 1788 4045 1847 et
4085 1782 4377 1866 singula-

2418 1888 2561 1932 rem
2596 1866 2921 1951 regendae
2957 1867 3263 1932 ecclesiae
3298 1868 3600 1950 peritiam
3637 1867 4088 1946 concedamuS,
4125 1877 4379 1933 certum

2419 1961 2521 2018 881
2585 1961 2809 2018 18111811
2875 1953 3219 2018 obstinatis
3285 1960 3354 2018 et
3418 1955 3688 2020 auribus
3741 1962 3807 2018 et
3862 1952 4098 2019 animis
4151 1963 4381 2019 contra

2418 2038 2766 2104 Christum
2811 2041 3076 2122 eiusque
3111 2040 3462 2104 veritatem
3507 2047 3812 2104 staturos.
3860 2039 3994 2105 Ubi
4038 2060 4198 2123 ergo
4235 2038 4370 2105 cla-

2417 2124 2512 2190 ris
2547 2123 2805 2189 iudiciis
2841 2124 3281 2208 providebunt
3315 2132 3771 2207 protestanteS,
3795 2124 3905 2189 vel
3939 2126 4155 2207 potius
4191 2125 4379 2208 quasi

2419 2210 2643 2276 habito
2696 2209 3094 2293 praeiudicio
3151 2218 3455 2289 cernent,
3513 2232 3836 2276 summam
3882 2232 4023 2276 8888
4067 2210 4382 2293 postulati

2417 2305 2498 2361 ut
2544 2296 2615 2360 in
2658 2295 2993 2381 religionis
3050 2296 3467 2362 abolitionem
3519 2297 3965 2374 consentiant,
4024 2294 4260 2361 deinde
4304 2302 4379 2360 ut

2419 2404 2489 2448 88
2535 2402 2796 2465 suaque,
2821 2381 3154 2446 latronum
3188 2381 3448 2446 libidini
3468 2383 3873 2466 permittant,
3900 2379 4058 2463 quid
4091 2382 4377 2447 facturos

2419 2466 2828 2538 iudicamus?
2920 2465 3056 2533 Sed
3097 2465 3620 2552 indulgentiores
3663 2474 3859 2532 erunt
3901 2467 4112 2532 sancti
4154 2473 4379 2550 patres

2420 2575 2618 2638 quam
2651 2560 2727 2618 ut
2769 2551 3064 2636 funditus
3106 2552 3394 2636 perditos
3438 2554 3647 2619 velint
3727 2558 4137 2618 rotestantes.
4211 2550 4382 2633 Quis

2423 2647 2643 2705 autem
2711 2639 2839 2704 erit
2893 2638 3182 2704 lenitatis
3238 2638 3516 2705 modus?
3586 2639 3671 2704 ad
3723 2639 3882 2704 ‘bita
3947 2637 4197 2703 scilicet
4259 2657 4378 2721 pa-

2418 2733 2609 2790 terna
2650 2725 3080 2810 castigatione
3124 2730 3201 2790 ut
3240 2737 3510 2809 propter
3550 2723 3927 2789 rebellionis
3954 2746 4030 2790 ac
4075 2722 4378 2789 defectio-

2422 2812 2524 2876 nis
2568 2809 2779 2876 scelus
2821 2809 3023 2893 tripla
3064 2810 3175 2875 vel
3227 2809 3597 2894 quadrupla
3648 2812 3721 2876 in
3763 2809 4011 2876 bellum
4055 2809 4382 2874 turcicum

2421 2897 2764 2964 collatione
2806 2896 3229 2962 mulctentur.
3318 2895 3465 2960 Rel‘
3519 2897 3648 2960 'oni
3705 2916 3900 2979 porro
3960 2916 4160 2979 quam
4212 2896 4382 2960 bene

2421 2981 2841 3049 consuletur?
2932 2983 3024 3048 At
3076 2981 3262 3048 nefas
3318 2993 3419 3048 est
3506 3004 3542 3048 e
3595 2981 3927 3069 mysteriis
3981 3002 4021 3046 a
4071 2979 4226 3047 sede
4274 3002 4380 3045 ro-

2419 3091 2621 3135 mana
2675 3066 3110 3152 comprobatis
3154 3068 3263 3134 vel
3323 3068 3655 3152 apiculum
3717 3089 3924 3133 unum
3981 3066 4376 3133 convellere:

2421 3162 2752 3239 prostrata
2776 3174 2933 3238 ergo
2970 3155 3039 3218 in
3085 3174 3159 3219 eo
3194 3161 3374 3219 statu
3408 3155 3638 3232 iaceat,
3684 3175 3811 3237 quo
3849 3161 4003 3219 ante
4039 3168 4245 3218 annos
4280 3154 4381 3219 11-

2423 3242 2594 3326 ginti
2636 3242 2922 3324 quinque
2958 3241 3098 3304 fuit.
3171 3241 3265 3305 At
3307 3239 3463 3324 quid
3499 3239 3941 3306 calamitosius
3976 3238 4120 3304 est?
4158 3260 4380 3304 nonne

2424 3332 2546 3406 [fol.
2572 3329 2681 3405 44]
2726 3326 3129 3410 praestiterit
3172 3325 3421 3391 centies
3464 3326 3679 3409 pot-ius
3723 3325 4021 3409 iugulum
4064 3324 4382 3406 praebere

2420 3432 2620 3495 quam
2662 3410 2988 3495 evangelii
3030 3432 3299 3476 causam
3355 3410 3711 3477 deserendo
3769 3423 3835 3474 et
3877 3408 4221 3474 Christum
4267 3407 4382 3473 ab-

2421 3517 2664 3583 negare
2685 3496 2893 3562 vitam
2927 3503 3241 3575 nostram,
3267 3503 3334 3562 et
3361 3498 3507 3563 Deo
3542 3493 3972 3560 renunciare?
4043 3495 4225 3572 Esto,
4264 3493 4382 3558 sed

2424 3602 2884 3667 quamcunque
2939 3583 3010 3645 in
3068 3590 3327 3665 partem
3383 3604 3489 3646 res
3542 3580 3761 3659 cadat,
3819 3579 3927 3645 hic
3983 3586 4209 3643 tamen
4252 3579 4379 3643 erit

2425 3670 2576 3734 fini's
2612 3668 2896 3734 concilii:
2944 3668 3002 3734 si
3046 3667 3476 3751 obsequentes
3519 3689 3588 3732 se
3631 3664 3714 3731 ad
3750 3665 3969 3730 omnia
4010 3670 4381 3746 protestan-

2425 3763 2525 3820 tes
2559 3752 2997 3838 praebuerint,
3045 3754 3492 3820 sanctissimus
3536 3762 3723 3836 pater
3767 3750 3987 3815 valere
4021 3748 4272 3814 iubebit
4305 3770 4384 3815 ac

2426 3838 2773 3924 plaudere3
2814 3841 2919 3904 sin
2956 3860 3112 3904 vero
3148 3840 3531 3915 restiterint,
3570 3837 3838 3903 classico
3876 3833 4221 3918 abrumpet
4255 3856 4388 3901 ses-

2429 3926 2697 3991 sionem.
2798 3925 3052 3989 Verum
3104 3947 3306 4007 quum
3369 3925 3589 3989 omnia
3643 3921 3915 3988 consilia
3970 3942 4052 3985 ex
4107 3919 4388 3989 foed-,eris

2429 4011 2663 4078 robore
2696 4008 3044 4094 pendeant,
3084 4008 3325 4076 viderit
3367 4017 3444 4074 ut
3481 4030 3628 4074 eam
3664 4007 3746 4073 ad
3779 4028 3974 4090 quam
4010 4013 4197 4071 tanta
4230 4028 4386 4072 con-

2431 4096 2723 4164 tentione
2768 4096 3039 4162 anhelat
3082 4096 3408 4162 actionem
3453 4101 3860 4176 assequatur.
3943 4090 4134 4173 Quod
4171 4093 4227 4158 81
4258 4090 4386 4157 1188

2431 4190 2620 4267 parte
2656 4182 3035 4261 obtinuerit,
3073 4202 3193 4247 nos
3229 4190 3450 4246 tamen
3484 4180 3724 4245 scimus
3760 4189 3826 4244 et
3863 4178 4004 4261 ipse
4039 4176 4387 4261 aliquando

2431 4269 2700 4336 sentiet:
2761 4268 3014 4334 nullum
3059 4267 3405 4333 consilium
3419 4318 3435 4345 ,
3492 4264 3749 4330 nullam
3795 4265 4123 4340 astutiam,
4169 4263 4387 4328 nullos

2430 4365 2721 4433 conatus,
2768 4353 2986 4420 nullas
3029 4355 3202 4419 vires
3245 4350 3560 4417 adversus
3601 4349 3966 4415 Dominum
3998 4349 4236 4427 valere,
4282 4349 4388 4414 cui

2431 4461 2553 4506 nos
2596 4440 2767 4506 bona
2802 4439 3201 4506 conscientia
3232 4438 3612 4502 militamus.
3685 4436 3991 4501 Intentus
4028 4436 4205 4500 enim
4240 4434 4387 4499 vul·-

2430 4534 2539 4591 tus
2581 4524 2853 4590 Domini
2898 4547 3096 4609 super
3138 4545 3364 4589 omnes
3406 4522 3668 4604 iniquos
3684 4573 3700 4600 ,
3746 4529 3822 4586 nt
3865 4522 3946 4586 de
3990 4529 4167 4587 terra
4209 4520 4387 4585 exci-

2432 4612 2549 4678 dat
2589 4612 2976 4677 memoriam
3001 4631 3244 4688 eorum,
3290 4609 3431 4692 pios
3474 4629 3630 4674 1810
3674 4614 3741 4673 81
3782 4628 3853 4672 88
3896 4608 4203 4672 timentes
4245 4625 4388 4670 cas-

2432 4698 2553 4763 tris
2596 4697 2984 4781 angelorum
3031 4716 3303 4762 suorum
3336 4692 3728 4771 circumdat,
3779 4700 3854 4758 ut
3886 4693 4121 4775 eripiat
4156 4711 4267 4757 eos
4303 4710 4390 4754 ex

2432 4784 2613 4850 omni
2651 4783 2843 4849 malo.
2916 4783 3090 4848 Nam
3124 4779 3297 4864 quod
3334 4780 3742 4846 eversionem
3787 4778 4122 4863 religionis
4156 4797 4387 4859 opum-

2433 4890 2560 4953 que
2597 4868 3189 4935 ‘ecclesiasticarum
3233 4865 3663 4949 direptionem
3718 4860 4236 4949 protestantibus
4279 4860 4389 4927 hic

2432 4954 2658 5022 obiicit
2698 4974 2821 5020 sua
2859 4954 3066 5036 ipsius
3109 4948 3414 5035 vanitate,
3444 4950 3705 5017 abunde
3745 4948 4083 5015 refellitur.

2611 5123 2973 5191 Maiestate-9
3025 5144 3180 5190 suae
3232 5128 3288 5190 et
3338 5122 3571 5205 reliqui
3627 5120 4008 5272 θωκαέῗε
4061 5118 4392 5197 principes
