4984 5975
354 304 481 369 269

354 492 767 577 contemptui
817 492 1072 560 facilius
1128 494 1216 559 sit
1267 493 1763 580 indulgendum.
1854 495 2131 563 Nullum
2172 496 2310 562 fore

350 598 636 643 numero
678 579 750 642 in
794 600 1002 663 regno
1046 580 1373 647 coelorum
1415 603 1620 664 quum
1663 581 1942 647 audiunt
1984 604 2153 661 eum,
2198 581 2309 664 qui

346 663 457 731 vel
481 664 534 748 ¹)
578 665 929 729 minimum
973 685 1058 730 ex
1091 666 1222 731 Dei
1264 668 1627 751 praeceptis
1663 667 2154 751 contemptibile
2190 687 2310 732 sua

348 749 671 816 facilitate
713 750 959 830 fecerit,
1000 771 1130 835 qua
1172 750 1565 818 confidentia
1607 752 1904 820 dictitare
1938 753 2153 820 adhuc
2188 774 2306 818 au-

351 835 543 914 dent,
601 836 1029 902 omittendam
1072 838 1142 902 in
1188 858 1500 922 praesens
1551 838 1693 906 eius
1746 840 2177 919 mentionem,
2231 840 2305 904 in

350 944 483 1006 quo
527 922 724 1006 vulgo
768 924 850 988 ab
893 924 1197 989 omnibus
1239 925 1378 990 fere
1422 923 1885 1010 delinquatur?
1974 924 2307 990 Nimirum

347 1008 516 1075 haec
556 1007 834 1073 hnmani
885 1008 1110 1075 iudicii
1164 1017 1266 1075 est
1318 1012 1641 1095 pravitas,
1697 1012 1892 1094 quale
1946 1013 2163 1095 ipsum
2220 1013 2307 1076 sit

345 1093 522 1178 quod
566 1094 850 1173 iubetur,
899 1095 1203 1178 opinione
1246 1115 1391 1174 sua,
1451 1119 1582 1162 non
1627 1095 1757 1162 Dei
1801 1098 2143 1163 voluntate
2189 1119 2307 1163 ex-

344 1178 667 1265 pendere:
725 1179 960 1245 deinde
1001 1181 1075 1246 in
1118 1181 1333 1247 solum
1370 1190 1796 1266 praeceptum
1838 1184 2111 1249 intueri:
2168 1205 2305 1248 non

346 1266 694 1333 advertere
749 1266 1017 1333 interim
1073 1266 1278 1351 (quod
1331 1268 1622 1334 maxime
1676 1269 2027 1352 referebat)
2083 1268 2306 1335 Deum

344 1372 489 1419 esse
533 1351 995 1436 legislatorem,
1039 1354 1224 1418 cuius
1257 1353 1568 1419 maiestas
1610 1354 1867 1421 levibus
1909 1356 2113 1421 etiam
2152 1355 2302 1435 illis,

344 1439 401 1505 si
443 1439 543 1503 ita
586 1437 843 1515 volunt,
884 1440 1543 1523 transgressiunculis
1580 1441 1935 1506 minuatur.
2003 1443 2100 1507 At
2141 1462 2303 1507 vero

343 1524 693 1603 Dominus,
728 1531 804 1588 ut
823 1523 977 1590 huic
995 1525 1312 1610 pravitati
1344 1526 1659 1605 obviaret,
1697 1526 2083 1611 doceretque
2106 1549 2303 1610 (108111

342 1609 528 1676 nulla
581 1608 751 1694 legis
807 1631 964 1676 suae
1018 1609 1343 1694 particula
1396 1611 1716 1678 elevanda
1768 1621 1944 1679 esset
1998 1634 2039 1677 a
2093 1613 2300 1691 nobis,

343 1695 659 1763 volumen
708 1694 1184 1762 maledictionis
1237 1699 1310 1762 in
1366 1697 1746 1764 universam
1797 1699 2031 1765 faciem
2085 1707 2301 1764 terrae

345 1803 688 1866 egressum
722 1781 1083 1865 prophetae
1126 1781 1351 1871 (Zach.
1394 1789 1450 1861 5,
1491 1788 1560 1868 3)
1601 1784 1672 1849 in
1708 1784 1960 1851 visione
1995 1784 2300 1864 ostendit,

345 1888 475 1951 quo
534 1871 683 1946 [pag.
723 1870 831 1946 35]
888 1868 1145 1934 furtum
1198 1889 1394 1934 omne
1433 1877 1502 1934 et
1543 1891 1737 1935 omne
1779 1871 2141 1954 periurium
2183 1891 2301 1953 pa-

339 1953 504 2019 riter
547 1951 1112 2019 condemnaretur.
1180 1955 1263 2020 [n
1299 1954 1578 2020 eandem
1614 1977 1870 2039 quoque
1904 1958 2299 2023 sententiam

268 2069 276 2078 ·
340 2040 420 2105 ab
466 2039 707 2105 Iacobo
764 2041 855 2124 (2,
900 2040 1008 2124 11)
1065 2039 1313 2105 dictum
1357 2048 1484 2106 est:
1545 2039 1678 2122 Qui
1723 2043 1935 2109 vetuit
1986 2043 2295 2122 occidere,

338 2125 556 2191 vetuit
589 2132 658 2190 et
691 2123 1065 2205 adulterari,
1111 2134 1179 2189 et
1210 2127 1433 2205 furari,
1472 2134 1541 2191 et
1574 2127 1790 2193 aliena
1824 2130 2295 2212 concupiscere.

340 2210 565 2292 Quare
580 2262 596 2289 ,
653 2211 767 2294 qui
809 2219 1015 2277 totam
1066 2211 1283 2296 legem
1332 2213 1722 2292 servaverit,
1778 2215 1832 2279 si
1893 2214 2185 2279 offendat
2225 2214 2297 2277 in

336 2319 508 2377 uno,
564 2297 778 2361 factus
830 2304 932 2363 est
985 2300 1278 2363 omnium
1334 2319 1501 2364 reus.
1592 2297 1707 2367 Sic
1765 2301 1858 2366 sic
1908 2298 2298 2367 instituendi

339 2390 533 2450 erant
565 2382 883 2463 homines,
929 2384 1186 2463 nullum
1221 2405 1364 2450 esse
1398 2385 1469 2449 in
1506 2385 1633 2450 Dei
1666 2387 2050 2469 praeceptis,
2091 2406 2296 2469 quan-

339 2470 591 2536 tumvis
635 2468 878 2552 exigua
918 2468 998 2535 de
1040 2491 1114 2534 re
1155 2471 1534 2554 praecipere
1577 2471 1900 2549 videatur,
1945 2471 2117 2556 quod
2162 2493 2296 2536 non

338 2555 493 2639 plus
547 2575 747 2637 quam
801 2562 1286 2622 sacrosanctum
1342 2556 1530 2622 nobis
1586 2578 1730 2623 esse
1784 2557 2034 2624 debeat.
2122 2557 2187 2622 N
2189 2577 2299 2621 am

339 2640 499 2706 dum
532 2640 631 2707 ita
653 2640 759 2705 vel
793 2641 1105 2707 minimae
1139 2642 1238 2707 rei
1272 2642 1490 2727 (cuius
1524 2650 1747 2708 tamen
1778 2644 2299 2710 observationem

338 2727 487 2810 lege
523 2747 648 2791 sua
681 2727 1095 2792 mandaverit
1127 2727 1489 2812 Dominus)
1534 2730 1940 2813 negligentia
1978 2731 2046 2794 in
2083 2729 2296 2794 homi-

337 2834 505 2878 num
548 2812 807 2877 animos
847 2814 1249 2879 insumatur:
1269 2815 1327 2898 ²)
1382 2815 1614 2897 irrepit
1666 2815 1987 2898 paulatim
2031 2822 2099 2881 et
2140 2815 2294 2881 sub·

286 2894 293 2911 ⁸
337 2899 637 2982 sequitur
656 2897 824 2982 legis
858 2899 1206 2965 universae
1242 2922 1317 2967 80
1350 2901 1644 2966 iustitiae
1680 2910 2111 2984 contemptus.
2178 2901 2294 2965 In-

338 2985 558 3052 801808
614 2982 761 3051 11108
775 3036 791 3066 ,
842 3007 1004 3069 (1008
1063 2989 1276 3066 81001,
1332 2987 1669 3071 religionis
1721 2987 2179 3072 descriptores,
2236 2988 2296 3052 si

336 3072 449 3155 qni
494 3080 723 3136 tamen
766 3079 947 3150 sunt,
1006 3074 1120 3155 qui
1164 3080 1372 3138 totam
1415 3073 1437 3137 i
1486 3094 1629 3138 sam
1670 3074 1847 3138 intra
1889 3096 2093 3140 unam
2134 3077 2292 3139 mis-

335 3179 447 3224 sae
470 3156 1024 3233 abominationem
1043 3159 1350 3237 limitant‚
1474 3180 1552 3225 eo
1573 3161 1747 3225 tueri
1767 3160 1930 3224 mihi
1964 3162 2036 3225 in
2071 3161 2293 3227 animo

335 3265 473 3312 non
509 3251 632 3321 est,
676 3250 755 3308 ut
792 3245 993 3309 etiam
1036 3265 1266 3310 eorum
1310 3246 1518 3310 errori
1564 3245 1819 3310 fortiter
1851 3244 2295 3312 resistendum

334 3350 665 3408 censeam,
702 3351 823 3395 nec
847 3351 965 3413 pro
986 3329 1290 3396 fidelibus
1313 3329 1762 3415 agnoscendos
1785 3328 2039 3410 ducam,
2086 3354 2127 3397 a
2150 3332 2293 3415 qui-

333 3414 459 3482 bus
495 3416 791 3481 maxima
823 3436 909 3481 ex
938 3425 1128 3499 parte
1161 3417 1431 3500 pietatis
1467 3417 1568 3483 vis
1603 3418 1695 3482 810
1729 3424 2096 3483 enervetur.
2158 3418 2293 3482 Ne-

333 3522 461 3586 que
504 3509 731 3567 tamen
776 3503 832 3566 si
850 3499 1293 3586 “praepostere
1505 3508 1552 3582 t,
1596 3501 1756 3569 dum
1792 3511 1996 3568 totam
2032 3502 2293 3587 religio-

331 3608 491 3654 nem
527 3587 807 3652 minima
839 3588 981 3654 eius
1014 3589 1320 3672 portiunc
1392 3611 1432 3654 a
1465 3589 1843 3666 terminant,
1879 3586 2121 3655 idcirco
2158 3610 2294 3654 non

331 3681 400 3739 et
437 3672 585 3752 illa,
625 3673 1195 3757 quantulacunque
1239 3681 1341 3740 est
1382 3675 1592 3758 portio
1605 3723 1622 3752 ,
1670 3675 1845 3739 inter
1888 3675 2029 3741 eius
2071 3684 2293 3759 partes

330 3760 734 3826 continetur.
801 3761 897 3825 At
937 3760 1051 3826 isti
1086 3759 1245 3825 dum
1287 3767 1626 3844 tantopere
1668 3763 1939 3827 missam
1983 3760 2293 3829 detestari

326 3866 475 3910 0011
505 3851 811 3928 oportere
845 3866 930 3910 ex
961 3866 1038 3911 00
1060 3846 1395 3931 colligunt,
1431 3845 1606 3930 quod
1626 3847 1897 3930 quidam
1919 3846 2089 3913 nihil
2111 3846 2291 3914 aliud

326 3951 482 4006 esse
522 3932 838 4014 pietatem
878 3931 1042 3997 falso
1085 3941 1448 4012 autumant,
1493 3954 1693 4017 quam
1736 3934 1877 4000 eius
1912 3934 2291 4000 detestatio-

322 4037 522 4083 nem:
569 4017 847 4100 perinde
884 4018 1157 4097 faciunt,
1202 4038 1279 4084 ac
1321 4019 1381 4084 si
1423 4018 1569 4102 quis
1608 4019 1862 4084 furtum
1906 4027 1975 4085 et
2017 4020 2290 4086 homici-

323 4101 521 4169 dium
565 4102 1048 4169 contemnenda
1084 4103 1274 4184 dicat,
1320 4105 1490 4187 quod
1528 4105 1642 4189 qui
1678 4105 1753 4169 in
1794 4105 1939 4190 ipsa
1975 4107 2291 4172 acerrime

320 4187 529 4255 hodie
584 4186 953 4268 vindicant,
1020 4187 1389 4269 adulteriis,
1455 4191 1767 4274 periuriis
1780 4243 1797 4271 ,
1863 4191 2289 4276 blasphemiis

321 4276 337 4289 ‘
440 4280 706 4342 oscunt.
793 4275 947 4342 Non
1000 4276 1093 4342 810
1145 4275 1477 4342 Dominus
1528 4277 1769 4343 noster.
1832 4277 2035 4343 -Nam
2086 4298 2291 4361 quum

312 4296 851 4428 ffiarisaeorum
914 4369 981 4426 et
1042 4362 1410 4428 scribarum
1473 4361 1852 4448 hypocrisin
1916 4364 2288 4447 castigaret,

315 4449 435 4531 qui
482 4447 589 4514 sic
630 4447 1075 4514 minutissima
1116 4469 1410 4531 quaeque
1458 4448 1627 4533 legis
1667 4459 1917 4533 puncta
1958 4457 2290 4516 consecta-

312 4532 599 4612 bantur,
643 4541 722 4598 ut
763 4554 1024 4599 summa
1063 4533 1330 4599 interim
1373 4534 1589 4617 capita
1622 4536 2074 4617 praeterirent,
2118 4534 2291 4602 iudi-

313 4619 527 4700 cium,
576 4619 1112 4701 misericordiam,
1155 4629 1223 4686 01
1262 4622 1637 4687 veritatem:
1683 4642 1819 4686 non
1862 4618 2102 4700 docuit,
2158 4621 2290 4688 illis

442 4894 525 4961 ’1)
572 4892 671 4947 Sic
705 4892 841 4948 1550
885 4900 938 4948 et
970 4908 1028 4948 ce
1099 4931 1112 4948 .
1155 4909 1353 4949 omnes.
1426 4895 1698 4964 Rw‘ncepc
1743 4894 2001 4951 habebat.-
2046 4896 2135 4951 vel
2181 4897 2288 4965 qui.

303 4961 371 5030 2)
416 4962 526 5019 Sic
562 4959 702 5015 1537
738 4968 791 5016 et
810 4960 962 5017 1550.
1021 4910 1234 5018 allice
1266 4964 1528 5018 00111181.-
1563 4964 1743 5034 quand
1777 4979 1882 5019 une
1916 4964 2289 5020 nonchalancc

349 5074 365 5088 .
390 5074 406 5087 .
438 5075 453 5087 .
495 5048 632 5088 sera
654 5047 921 5086 survenue
958 5032 1017 5086 08
1055 5047 1246 5087 coeurs.
1296 5031 1539 5086 081108ἰί
1560 5048 1768 5103 quoque
1791 5035 2069 5102 emptor
2093 5031 2288 5100 (1552)

461 5115 580 5156 nos
612 5099 709 5153 uss·
737 5115 940 5166 881888,
977 5099 1189 5155 exhibet
1220 5100 1436 5169 quidem
1468 5103 1794 5172 insumatur,
1830 5117 2017 5156 verum
2050 5104 2166 5158 iam
2251 5104 2261 5116 '

412 5187 487 5226 or
541 5169 753 5294 ‹lzh'quie
795 5172 1006 5226 calamo
1051 5169 1317 5224 conexit.-
1365 5170 1695 5240 insinuatur,
1743 5178 1794 5226 et
1840 5174 1921 5227 sic
1961 5174 2291 5230 recutiens

302 5255 515 5295 onmes
569 5243 752 5308 equa&

1557 307 1685 373 DE
1728 303 2244 374 FUGOENDIS
2287 305 2773 375 IMPIORUM
2814 306 3166 376 SAORJS.

4240 320 4370 384 270

2413 495 2689 576 omissis,
2735 495 2898 563 11800
2929 498 3253 565 facienda:
3299 497 3416 565 sed
3449 500 3613 567 haec
3645 503 3793 567 fieri
3826 524 3864 568 0
3949 504 4206 584 rtuisse,
4251 504 4369 570 illa

2412 602 2571 647 vero
2607 603 2739 647 non
2774 584 2992 648 omitti
3035 585 3225 664 (Luc.
3272 590 3369 664 11,
3407 586 3539 668 42).
3607 586 3839 671 Itaque
3959 589 4061 655 nis
4097 588 4363 673 quidem

2410 667 2556 733 istis
2592 669 2754 734 viris
2796 669 2922 737 hoc
2957 691 3090 736 non
3126 670 3363 750 adimo,
3409 673 3570 755 quin
3605 694 3832 739 eorum
3869 674 4362 743 inconsideran-

2410 754 2571 817 tiam
2614 754 2759 819 iure
2801 756 3308 838 reprehendant,
3355 758 3467 841 qui
3511 759 3598 823 ad
3639 768 3899 826 caetera
3934 761 4098 826 vitia
4139 763 4365 827 conni-

2409 846 2658 918 ventes,
2704 849 2771 906 et
2803 841 2999 924 plura
3032 864 3326 923 numero,
3372 852 3441 908 et
3472 845 3760 928 pondere
3793 847 4117 929 graviora,
4164 869 4367 915 unam

2409 925 2651 991 missae
2710 926 3210 994 detestationem
3265 927 3542 1013 pedibus
3597 952 3673 997 ae
3729 932 4035 998 manibus
4091 941 4362 1017 urgent:

2410 1032 2642 1075 verum
2687 1011 2746 1076 si
2786 1021 3124 1097 praestare
3165 1014 3403 1080 volunt
3443 1015 3615 1099 quod
3659 1037 3780 1100 par
3821 1026 3972 1097 est,.
3994 1040 4131 1083 non
4171 1018 4365 1085 modo

2410 1104 2486 1161 ut
2529 1118 2754 1162 eorum
2798 1120 3090 1165 errorem
3125 1101 3270 1166 iure
3304 1100 3807 1184 reprehendere,
3853 1104 3970 1169 sed
4011 1105 4083 1169 in
4125 1104 4363 1172 melius

2410 1182 2610 1246 etiam
2654 1184 2980 1270 corrigere
3023 1187 3514 1252 existimentur:
3561 1209 3696 1253 non
3728 1187 3797 1253 id
3831 1189 4086 1269 tollant,
4130 1191 4201 1255 in
4236 1212 4364 1274 (1110

2408 1267 2506 1332 1111
2569 1269 2847 1335 01101010
2904 1270 3183 1337 haerent
3246 1270 3539 1357 (quando
3593 1275 3735 1340 sine
3787 1276 4053 1359 pietatis
4109 1278 4364 1343 iactura

2409 1353 2554 1418 tolli
2590 1357 2867 1439 nequit),
2904 1357 3021 1423 sed
3065 1357 3222 1431 dum
3259 1380 3394 1423 non
3428 1379 3572 1424 esse
3614 1360 4083 1445 negligendum
4125 1383 4354 1428 conce-

2410 1437 2600 1519 dunt,
2648 1441 2777 1507 alia
2821 1463 3080 1526 quoque
3125 1465 3269 1509 esse
3308 1465 3442 1509 non
3483 1446 3704 1511 minus
3747 1446 4038 1512 curanda
4080 1468 4365 1514 commo-

2408 1525 2755 1592 nefaciant.
2823 1528 3032 1595 Vides
3073 1530 3376 1612 profecto,
3422 1531 3517 1594 mi
3559 1532 3791 1611 frater,
3848 1553 4047 1615 quam
4089 1532 4222 1598 late
4264 1542 4362 1599 to-

2408 1618 2515 1676 tus
2559 1612 2667 1677 hic
2711 1612 2894 1679 locus
3022 1613 3219 1693 tebat,
3265 1617 3325 1681 si
3367 1616 3439 1680 in
3479 1635 3633 1681 0010
3675 1617 3969 1683 oratione
4010 1640 4361 1685 excurrere

2406 1697 2794 1763 voluissem:
2854 1722 2886 1764 s
3018 1701 3333 1783 quoniam
3385 1722 3492 1766 me
3545 1723 3742 1785 agere
3784 1725 3937 1770 cum
3974 1703 4108 1770 illis
4151 1704 4364 1770 homi-

2405 1781 2602 1846 nibus
2643 1784 2895 1850 confido
2912 1837 2928 1864 ,
2976 1786 3089 1869 qui
3133 1788 3427 1865 veritati,
3484 1787 3684 1853 simul
3740 1796 3939 1872 atque
3990 1791 4204 1874 ipsam
4247 1811 4363 1876 ag-

2404 1870 2729 1949 noverint,
2774 1892 3011 1937 manus
3055 1873 3189 1937 sint
3233 1871 3482 1938 daturi:
3529 1875 3694 1939 mihi
3735 1875 3903 1940 nihil
3944 1877 4176 1941 maiori
4221 1886 4361 1942 stu-

2405 1953 2512 2018 dio
2552 1955 2707 2033 fuit,
2764 1978 2963 2040 quam
3008 1957 3192 2022 illam
3233 1958 3448 2041 ipsam
3489 1960 3869 2040 veritatem,
3924 1983 4054 2044 qua
4105 1984 4364 2029 summa

2402 2048 2700 2122 poteram
2739 2042 3080 2122 brevitate,
3126 2042 3435 2111 indicare.

2577 2130 2724 2205 [pag.
2754 2133 2860 2207 36]
2896 2128 3223 2212 Equidem
3248 2152 3460 2213 neque
3482 2132 3680 2196 etiam
3701 2152 3809 2197 me
3832 2134 4165 2215 praeterit,
4201 2155 4364 2216 quas

2399 2222 2743 2294 praeterea
2795 2213 2920 2279 sibi
2962 2213 3048 2279 ad
3089 2214 3481 2299 palpandam
3525 2219 3744 2283 carnis
3785 2239 3943 2284 suae
3995 2218 4361 2298 mollitiem,

2401 2297 2548 2362 aliis
2574 2296 2657 2362 ad
2684 2298 3022 2383 ignaviam
3045 2301 3252 2366 animi
3265 2302 3370 2366 sui
3389 2302 3840 2387 obtegendam,
3858 2302 4124 2369 delicias
4147 2305 4364 2372 facere

2401 2383 2682 2449 soleant:
2707 2405 2778 2450 se
2800 2385 2970 2451 nihil
3005 2386 3129 2452 sibi
3160 2386 3541 2469 permittere
3577 2388 3778 2468 aiunt,
3815 2389 3944 2454 nisi
3975 2388 4148 2473 quod
4182 2390 4248 2454 N
4249 2411 4361 2457 aa-

2400 2491 2557 2535 man
2601 2469 2717 2548 illi,
2753 2470 3027 2536 militiae
3062 2473 3236 2557 regis
3278 2470 3515 2558 Syriae
3557 2474 3905 2558 praefecto,
3951 2495 3991 2537 a
4033 2475 4359 2558 propheta

2400 2554 2675 2620 Domini
2707 2556 2930 2623 Eliseo
2969 2578 3344 2623 concessum
3381 2559 3582 2624 fuerit
3631 2562 3700 2643 (2
3723 2560 3889 2644 Reg.
3910 2560 4115 2644 5,18).
4179 2561 4248 2625 N
4249 2582 4359 2626 am

2400 2641 2513 2706 1110
2560 2642 2642 2707 ab
2686 2641 3010 2708 idolorum
3067 2646 3354 2710 vanitate
3404 2644 3485 2709 ad
3540 2646 3748 2711 unius·
3788 2644 3918 2710 Dei
3973 2646 4358 2730 religionem

2400 2748 2774 2806 conversus,
2800 2729 3262 2812 confessusque
3288 2729 3548 2795 nullum
3574 2752 3716 2797 esse
3736 2731 3808 2795 in
3829 2731 4142 2797 universa
4180 2739 4359 2799 terra

2399 2812 2649 2893 Deum,
2706 2815 2836 2891 nisi
2889 2815 3112 2880 Deum
3163 2816 3402 2893 Israel,
3449 2837 3653 2898 quum
3693 2824 3919 2882 tamen
3962 2837 4106 2882 rem
4150 2839 4359 2883 unam

2401 2898 2528 2963 sibi
2572 2922 2611 2965 a
2654 2900 2941 2967 Domino
2984 2901 3239 2984 ignosci
3278 2902 3593 2984 petiisset,
3640 2904 3694 2968 si
3732 2924 3882 2968 cum
3907 2922 4082 2987 ,rege
4123 2924 4243 2968 suo
4286 2905 4358 2970 in

2398 2984 2724 3070 templum
2757 2987 3020 3052 Remon
3054 2988 3394 3073 ingressus
3447 2988 3583 3054 illic
3618 2988 3942 3068 adoraret,
4002 3012 4152 3055 cum
4194 3011 4356 3073 pace

2396 3072 2478 3137 ab
2522 3071 2746 3138 Eliseo
2802 3072 3109 3139 dimissus
3154 3081 3271 3139 est.
3340 3071 3417 3139 Si
3471 3073 3587 3154 illi,
3646 3075 3992 3158 inquiunt,
4060 3075 4131 3140 in
4196 3076 4354 3142 idoli

2398 3158 2645 3241 templo
2690 3180 2824 3224 non
2865 3159 2990 3225 fuit
3026 3159 3209 3226 nefas
3256 3158 3546 3240 adorare,
3591 3181 3713 3226 cur
3754 3159 3943 3226 nobis
3986 3184 4119 3228 non
4160 3161 4358 3229 liceat

2397 3245 2620 3310 Deum
2655 3245 2727 3310 in
2759 3246 2840 3310 iis
2876 3245 3139 3328 templis
3174 3244 3462 3325 adorare,
3509 3267 3675 3329 quae
3718 3247 3861 3311 eius
3904 3248 4155 3313 nomini
4199 3256 4359 3314 sunt

2399 3330 2715 3409 dedicata,
2754 3330 2955 3395 011810
2989 3332 3046 3396 81
3082 3351 3276 3416 agere
3311 3331 3492 3397 aliud
3535 3331 3924 3400 videamur?
3970 3332 4243 3399 Utinam
4284 3337 4356 3400 in

2398 3415 2850 3499 cognoscenda
2905 3417 3101 3484 officii
3156 3418 3258 3483 sui
3301 3417 3695 3484 rectitudine
3733 3425 3871 3482 tam
3915 3426 4137 3484 essent
4177 3420 4356 3485 acuti

2399 3509 2466 3566 et
2508 3502 2934 3585 perspicaces,
2979 3523 3177 3585 quam
3225 3503 3312 3569 ad
3360 3502 3764 3586 exquirenda
3806 3502 4211 3588 subterfugia
4249 3506 4353 3571 in-

2397 3589 2699 3672 geniosos
2749 3609 2819 3653 se
2863 3608 3005 3654 esse
3046 3587 3352 3671 produnt.
3419 3590 3620 3654 Viam
3661 3590 3881 3672 potius
3935 3609 4081 3654 eam
4125 3611 4352 3673 seque-

2396 3679 2630 3739 rentur
2643 3724 2659 3750 ,
2715 3673 2798 3738 ad
2846 3695 3043 3758 quam
3097 3682 3198 3739 tot
3251 3674 3380 3741 Dei
3434 3676 3701 3742 vocibus
3742 3674 3983 3740 diserte
4017 3675 4241 3740 vocari
4281 3697 4353 3741 se

2396 3758 2701 3825 audiunt:
2758 3780 2955 3843 quam
3007 3762 3080 3826 in
3123 3761 3427 3827 semitam
3479 3761 3883 3827 declinarent
3935 3780 4149 3843 neque
4191 3762 4351 3828 satis

2397 3845 2763 3930 cognitam,
2800 3853 2868 3911 et
2905 3846 3104 3912 110108
3148 3847 3477 3912 duntaxat
3520 3846 3808 3912 hominis
3897 3842 4127 3911 edibus
4166 3868 4351 3930 pres-

2396 3953 2557 3998 sam.
2625 3931 2799 3997 Nam
2835 3953 3040 4016 quum
3075 3934 3352 3999 caeteris
3387 3932 3652 4016 quidem
3686 3933 3758 3997 in
3791 3953 3864 3996 re
3908 3953 3990 3997 us
4026 3932 4351 4015 omnibus,

2395 4017 2838 4104 singularibus
2893 4017 3236 4084 hominum
3292 4019 3610 4102 exemplis
3663 4017 3968 4084 insistere
3983 4069 3999 4096 ,
4068 4019 4126 4084 si
4193 4019 4353 4103 quid

2392 4104 2714 4188 peculiari
2766 4104 2899 4169 Dei
2951 4105 3278 4187 permissu
3332 4105 3545 4189 egisse
3601 4104 3953 4189 leguntur,
4010 4125 4145 4168 000
4190 4108 4351 4172 88118

2395 4197 2616 4256 tutum
2658 4197 2785 4258 est:
2844 4198 2988 4255 tum
3029 4211 3186 4258 vero
3228 4193 3300 4256 in
3340 4189 3495 4257 fidei
3538 4190 3942 4256 confessione
3994 4188 4061 4254 id
4103 4191 4176 4254 in
4217 4193 4355 4274 pri-

2393 4277 2523 4343 mis
2575 4276 3043 4360 periculosum,
3090 4278 3273 4344 cuius
3330 4278 3454 4343 sibi
3496 4277 3711 4361 legem
3754 4277 4199 4360 unusquisque
4231 4298 4353 4359 pro

2395 4363 2812 4446 cognitionis,
2872 4384 3002 4447 qua
3056 4363 3394 4447 praeditus
3451 4369 3583 4442 est,
3640 4359 3835 4428 modo
3887 4368 4176 4427 statuere
4239 4363 4352 4429 de-

2395 4449 2523 4515 bet.
2592 4450 2695 4515 Ac
2746 4446 2816 4513 id
2871 4469 3030 4514 sane
3087 4441 3218 4534 ipsi
3272 4447 3579 4515 viderint.
3643 4449 3790 4532 Ego
3844 4456 4069 4546 tamen
4112 4448 4238 4514 nisi
4280 4448 4353 4516 in

2393 4534 2697 4600 Naaman
2735 4535 3036 4619 exemplo
3080 4534 3425 4608 dissimilia
3457 4555 3685 4600 eorum
3730 4534 3922 4600 factis
3955 4554 4099 4600 esse
4132 4535 4355 4601 omnia

2393 4620 2770 4700 ostendero,
2827 4622 2989 4705 quin
3027 4620 3159 4686 illis
3201 4622 3616 4706 suffragetur,
3661 4640 3800 4685 non
3841 4619 4161 4686 resistam.
4229 4619 4355 4688 Sin

2395 4714 2627 4773 contra
2647 4706 2923 4790 planum
2945 4708 3176 4787 fecero,
3207 4713 3419 4772 totum
3441 4706 3512 4772 id
3537 4706 3728 4774 cuius
3748 4705 4050 4771 Naaman
4075 4706 4354 4774 insimu-

2394 4793 2556 4873 lant,
2584 4792 2668 4859 ab
2708 4814 2785 4859 eo
2818 4792 3200 4878 longissime
3236 4793 3540 4874 abfuisse,
3578 4792 3791 4858 alieno
3829 4792 4124 4877 falsoque
4155 4814 4348 4877 prae-

2394 4886 2585 4945 textu
2608 4879 2808 4945 velim
2840 4886 2916 4944 ut
2949 4901 3019 4945 se
3052 4900 3364 4944 excusare
3401 4878 3735 4945 desistant.
3789 4877 3988 4960 Quod
4020 4878 4162 4962 ipse
4197 4886 4352 4945 ante

2393 4965 2723 5048 pollicitus
2766 4972 2937 5044 erat,
2991 4986 3189 5048 quam
3231 4964 3348 5030 illa
3405 4964 3861 5050 deprecatione
3913 4971 4232 5046 uteretur,
4279 4985 4352 5032 se

2393 5051 2600 5118 nullis
2643 5050 2916 5135 posthac
2954 5048 3079 5116 diis
3124 5071 3312 5118 sacra
3342 5052 3694 5129 facturum,
3731 5052 3863 5117 nisi
3906 5051 4023 5117 uni
4055 5049 4204 5118 Deo
4248 5052 4352 5118 Is-

2394 5136 2562 5203 rael:
2609 5136 2733 5204 sub
2777 5157 2856 5203 08
2906 5137 3373 5220 pollicitatione
3414 5138 3749 5224 publicam
3789 5137 3994 5204 fuisse
4037 5137 4347 5204 testifica-

2291 5305 2299 5314 ·
2393 5224 2644 5290 tionem
2677 5221 3214 5308 comprehensam
3238 5223 3399 5304 (1100,
3436 5247 3568 5311 (108
3603 5232 3671 5290 01
3703 5242 3946 5308 regem,
3981 5229 4053 5288 01
4085 5229 4351 5307 gentem
