4984 5975
652 301 773 364 195

648 484 1036 552 armandam
1092 503 1279 548 suam
1332 480 1559 560 fidem,
1579 547 1592 557 ,
1619 487 1846 548 contra
1899 502 2121 545 eorum
2177 479 2587 562 pravitatem.

649 572 799 638 Hoc
841 569 1192 646 credimus,
1239 568 1362 631 hoc
1406 573 1874 649 exspectamus.
1961 566 2106 631 Illis
2163 575 2380 631 autem
2434 562 2591 647 quid

654 657 974 740 reliquum
991 706 1007 734 ,
1062 653 1192 719 nisi
1237 660 1314 716 ut
1354 652 1608 717 fortiter
1651 651 2008 716 dormiant·
2032 671 2334 717 somnum
2377 670 2589 728 suum,

655 740 858 807 donec
902 761 1010 806 eos
1056 738 1533 821 expergefaciat
1578 741 1693 816 [fol.
1738 741 1841 816 17]
1888 737 2155 822 clangor
2198 736 2413 814 tubae,
2458 734 2589 819 qui,

654 835 728 893 ut
769 827 893 906 fur,
939 822 1385 908 deprehendet
1427 823 1498 887 in
1541 822 1827 888 tenebris
1871 820 2309 888 dormientes?

824 997 917 1061 Et
959 996 1015 1061 si
1052 993 1264 1060 fidelis
1299 994 1551 1058 animae
1587 994 1742 1072 vita,
1790 994 1974 1059 Deus
2023 999 2141 1071 est,
2187 990 2460 1077 perinde
2495 998 2594 1056 at-

652 1103 778 1166 6116
801 1083 959 1164 ipsa,
986 1082 1123 1146 vita
1138 1089 1238 1145 est
1261 1079 1576 1162 corporis:
1610 1076 1767 1163 quid
1793 1085 1893 1144 est
1912 1078 2088 1162 quod
2113 1079 2351 1156 anima,
2366 1098 2597 1160 quam-

655 1168 768 1233 diu
811 1169 882 1232 in
940 1185 1208 1249 corpore
1253 1174 1384 1242 est,
1429 1165 1645 1247 ipsum
1690 1167 1924 1248 agitat,
1979 1185 2101 1229 nec
2155 1184 2445 1246 unquam
2500 1163 2597 1227 ita

654 1254 860 1319 otiosa
893 1261 1013 1332 est,
1049 1251 1605 1333 intentionemque
1640 1270 1825 1315 suam
1860 1249 2154 1326 remittit,
2193 1256 2267 1312 ut
2299 1270 2433 1312 11611
2475 1247 2596 1311 ali-

654 1360 781 1422 qua
823 1338 1020 1403 officii
1053 1343 1240 1419 parte
1275 1337 1616 1419 fungatur,
1652 1335 1837 1401 Deus
1874 1343 2089 1400 autem
2125 1333 2308 1399 velut
2342 1332 2594 1418 agendo

654 1424 967 1508 fatigatus
1004 1421 1252 1487 cessat?
1343 1420 1418 1486 Si
1464 1428 1646 1485 tanta
1681 1429 1780 1487 cst
1812 1422 1913 1486 vis
1949 1421 2221 1499 animae,
2265 1420 2336 1483 in
2380 1438 2597 1484 massa

653 1517 869 1575 terrae
913 1504 1309 1584 sustinenda,
1352 1506 1692 1584 movenda,
1737 1506 2162 1588 impellenda:
2211 1516 2455 1587 quanta
2495 1503 2597 1569 vis

658 1596 786 1660 erit
818 1593 948 1658 Dei
991 1594 1061 1657 in
1104 1593 1341 1670 anima,
1388 1613 1552 1674 quae
1595 1599 1836 1656 natura
1877 1591 2065 1675 agilis
2108 1598 2227 1668 est,
2271 1588 2597 1655 movenda

658 1690 723 1745 et
767 1678 1059 1764 agenda?
1146 1679 1239 1742 Et
1281 1676 1525 1742 audent
1565 1677 1674 1741 alii
1716 1676 1947 1755 (116616,
1993 1677 2282 1741 animam
2325 1694 2597 1741 evanes-

659 1786 832 1831 cere:
881 1764 1011 1842 alii,
1058 1764 1126 1829 vi
1167 1785 1286 1830 sua
1328 1784 1458 1827 non
1497 1764 1784 1827 exerceri
1819 1769 1965 1844 post
1999 1761 2380 1827 dissolutam
2423 1781 2598 1826 com-

656 1871 893 1935 pagem
937 1848 1265 1932 corporis?
1357 1846 1533 1928 Quid
1580 1869 1735 1932 ergo
1779 1846 2264 1929 respondebunt
2316 1844 2399 1910 ad
2455 1867 2599 1911 car-

655 1957 811 2001 men
855 1934 1130 2001 Davidis
1171 1934 1310 2013 (Ps.
1359 1938 1459 2010 84,
1506 1939 1606 2016 8),
1644 1954 1769 2015 6116
1809 1933 2234 2015 principium,
2280 1930 2588 2009 medium,

660 2028 728 2086 et
763 2023 966 2085 finem
1008 2021 1154 2086 viae
1187 2020 1522 2085 beatorum
1568 2017 1914 2083 describit?
1983 2018 2205 2096 Ibunt,
2243 2017 2471 2100 inquit,
2520 2014 2600 2081 de

659 2107 905 2170 virtuto
939 2106 1010 2169 in
1044 2106 1374 2182 virtutem,
1412 2102 1738 2169 videbitur
1771 2102 1959 2168 Deus
1997 2103 2264 2168 deorum
2298 2104 2370 2166 in
2405 2099 2596 2167 Sion:

660 2190 768 2258 vel
813 2193 919 2275 (ut
952 2190 1199 2255 habent
1234 2189 1567 2271 hebraica)
1604 2188 1683 2254 (16
1720 2188 2119 2256 abundantia
2151 2189 2218 2253 in
2265 2186 2601 2253 abundan-

659 2276 836 2340 tiam.
926 2273 1002 2340 Si
1046 2284 1350 2341 crescunt
1396 2295 1653 2357 semper
1696 2274 1901 2339 donec
1943 2273 2163 2339 Deum
2205 2272 2492 2352 videant,
2538 2279 2606 2336 et

660 2361 740 2427 ab
786 2361 898 2426 illo
940 2361 1340 2426 incremento
1384 2367 1726 2425 transeunt
1768 2359 1851 2424 ad
1894 2361 2020 2424 Dei
2064 2360 2398 2437 visionem,
2445 2378 2604 2441 quo-

658 2445 850 2511 modo
885 2465 996 2511 eos
1032 2446 1359 2529 sepeliunt
1390 2446 1501 2510 isti
1535 2447 1608 2509 in
1642 2445 1951 2511 ebrietate
1988 2453 2054 2509 et
2088 2444 2225 2509 alta
2267 2442 2600 2510 socordia?

831 2614 914 2681 Id
969 2619 1186 2699 ipsum
1238 2623 1519 2681 testatur
1570 2615 1900 2698 apostolus
1962 2616 2030 2695 (2
2082 2614 2230 2680 Cor.
2280 2618 2350 2692 5,
2395 2618 2422 2677 1
2464 2612 2603 2697 sa),

661 2711 729 2767 et
762 2701 968 2766 multo
1005 2702 1321 2785 apertius:
1360 2710 1436 2765 ut
1469 2702 1522 2766 si
1558 2712 1967 2784 rumpantur,
2005 2700 2264 2783 spiritui
2300 2700 2427 2765 Dei
2464 2720 2603 2764 am-

662 2787 838 2869 plius
882 2788 1185 2851 resistere
1228 2807 1361 2850 non
1404 2787 1672 2868 possint.
1765 2783 2024 2851 Scimus
2081 2784 2253 2868 quod
2297 2787 2352 2850 si
2394 2792 2603 2849 terre-

662 2892 827 2935 num
871 2870 1266 2936 domicilium
1309 2869 1507 2935 huius
1561 2870 1962 2935 tabernaculi
2017 2868 2418 2936 destructum
2459 2869 2603 2932 fue-

663 2957 771 3036 rit,
810 2954 1318 3022 aedificationem
1357 2955 1671 3021 habemus
1707 2977 1789 3020 ex
1822 2955 1985 3035 Dec,
2025 2954 2421 3021 domicilium
2464 2974 2604 3018 non

663 3062 865 3106 manu
908 3041 1172 3119 factum,
1218 3048 1557 3106 aeternum
1592 3043 1663 3105 in
1698 3041 1911 3106 coelis.
2001 3042 2173 3107 Nam
2212 3040 2282 3105 in
2324 3041 2447 3105 hoc
2490 3060 2604 3123 ge-

661 3127 924 3204 mimus,
962 3125 1284 3191 domicilio
1320 3134 1561 3205 nostro,
1600 3126 1771 3210 quod
1796 3133 1897 3193 est
1931 3147 1967 3192 6
1994 3127 2187 3205 66616,
2225 3125 2604 3209 superindui

662 3211 1025 3294 cupientes:
1083 3213 1139 3277 si
1195 3219 1411 3275 tamen
1466 3212 1715 3289 induti,
1768 3233 1901 3276 non
1960 3210 2119 3277 nudi
2177 3212 2600 3294 reperiemur.

662 3295 950 3376 Etenim,
986 3298 1095 3379 qui
1132 3318 1360 3362 sumus
1381 3298 1451 3361 in
1490 3298 1610 3363 1166
1631 3297 2064 3377 ι6116111661116,
2090 3297 2412 3381 gemimus
2446 3316 2603 3361 one-

663 3383 824 3461 rati,
869 3389 1211 3465 propterea
1254 3382 1424 3464 quod
1467 3384 1773 3448 nolumus
1815 3384 1997 3462 exui,
2043 3383 2159 3449 sed
2200 3381 2603 3466 superindui,

664 3473 740 3533 ut
793 3468 1213 3534 absorbeatur
1266 3468 1628 3533 mortalitas
1682 3492 1722 3533 a
1763 3470 1919 3536 vita.
2006 3470 2168 3535 Post
2208 3469 2427 3552 paulo:
2465 3468 2604 3532 Ita-

708 3574 791 3618 116
825 3552 997 3618 bono
1034 3554 1249 3618 animo
1274 3575 1501 3619 sumus
1524 3575 1798 3637 semper,
1834 3564 1901 3619 et
1922 3556 2162 3621 scimus
2194 3554 2368 3637 quod
2404 3574 2606 3637 quum

665 3576 840 3704 domi
883 3660 1137 3719 sumus,
1193 3639 1262 3703 in
1320 3660 1615 3721 corpore,
1682 3641 2176 3724 peregrinamur
2229 3661 2268 3705 a
2317 3640 2605 3704 Domino

673 3728 817 3808 (per
858 3724 1055 3789 fidem
1100 3725 1276 3789 enim
1322 3725 1763 3803 ambulamus,
1808 3734 1872 3790 et
1922 3747 2056 3790 non
2098 3747 2217 3808 per
2259 3723 2571 3809 speciem)
2588 3747 2604 3804 ;

667 3809 1052 3876 confidimus
1087 3817 1309 3875 autem
1333 3817 1400 3875 et
1426 3813 1636 3895 magis
1666 3812 2034 3894 probamus,
2071 3832 2343 3895 peregre
2377 3812 2606 3911 abesse

668 3916 709 3960 a
751 3916 1035 3978 corpore,
1081 3903 1148 3961 et
1187 3903 1565 3979 praesentes
1611 3917 1751 3962 esse
1797 3896 1968 3978 apud
2008 3896 2386 3962 Dominum.
2475 3895 2606 3960 Hic
2646 3942 2653 3949 -

669 3980 900 4044 rimam
933 3981 1304 4046 inveniunt:
1344 3983 1414 4046 in
1449 3981 1621 4046 diem
1654 3980 1876 4047 iudicii
1912 3976 2304 4047 conferenda
2335 3980 2609 4065 apostoli

666 4063 902 4143 verba,
948 4086 1073 4147 quo
1118 4072 1184 4131 et
1226 4065 1788 4150 superinduimur,
1835 4074 1903 4131 et
1943 4066 2324 4133 absorbetur
2365 4072 2606 4131 morta-

669 4149 818 4214 litas
861 4171 901 4214 a
933 4150 1089 4214 vita.
1144 4152 1432 4217 Proinde
1475 4152 1654 4232 11666,
1697 4153 2021 4235 11161111111ι,
2049 4152 2100 4237 ¹)
2143 4173 2277 4217 una
2318 4150 2611 4218 clausula

669 4234 1162 4316 comprehendit
1203 4238 1559 4320 apostolus:
1595 4238 2006 4303 Manifestari
2043 4259 2269 4303 61111166
2312 4242 2607 4320 oportere

667 4339 890 4387 6616111
933 4321 1243 4385 tribunali
1280 4322 1543 4388 Christi.
1611 4323 1864 4388 Verum
1884 4375 1898 4400 ‚
1942 4345 2061 4389 cur
2099 4323 2261 4388 illud
2308 4322 2607 4405 superin-

673 4404 785 4470 dui
827 4407 1039 4489 magis
1081 4405 1164 4470 ad
1208 4428 1438 4491 corpus
1480 4410 1804 4487 referunt,
1850 4429 2044 4491 quam
2099 4409 2181 4474 ad
2236 4408 2365 4474 Dei
2407 4408 2607 4473 bene-

668 4489 1013 4569 dictiones,
1069 4490 1302 4575 quibus
1357 4514 1396 4557 a
1445 4502 1657 4560 morte
1720 4494 2085 4560 luculenter
2153 4492 2604 4559 abundamus?

671 4573 838 4656 Quis
890 4577 1064 4659 cogit
1121 4579 1324 4643 vitam
1374 4578 1554 4644 illam
1610 4581 1901 4663 accipere
1955 4581 2035 4645 de
2091 4577 2605 4646 resurrectione?

672 4658 895 4740 Quum
936 4663 1216 4746 simplex
1259 4669 1326 4728 et
1368 4672 1704 4748 promptus
1748 4667 1835 4731 sit
1875 4687 2106 4732 sensus
2149 4665 2440 4748 apostoli,
2485 4684 2607 4730 nos

670 4745 931 4829 quidem
959 4768 1195 4831 cupere
1231 4749 1456 4833 egredi
1491 4773 1571 4814 ex
1615 4751 1737 4816 hoc
1772 4752 2059 4833 corporis
2102 4750 2447 4835 ergastulo,
2494 4749 2609 4815 sed

672 4852 806 4897 non
845 4840 922 4897 ut
936 4832 994 4917 ²)
1041 4854 1354 4917 vagemur
1397 4834 1627 4900 incerti
1675 4837 1814 4901 sine
1858 4837 2153 4919 hospitio.
2219 4837 2387 4902 Esse
2431 4836 2609 4900 enim

669 4917 1004 4983 meliorem
1037 4918 1320 4999 domum,
1357 4940 1553 5004 quam
1588 4923 1773 4987 1161116
1806 4921 2133 4987 Dominus
2165 4920 2606 5004 praeparavit:

672 5003 730 5067 si
767 5008 990 5069 tamen
1024 5004 1256 5085 induti,
1295 5012 1363 5070 et
1395 5026 1530 5070 non
1565 5007 1725 5072 nudi
1761 5008 2179 5090 reperiemur.
2247 5006 2609 5071 Indumen-

811 5191 865 5255 1)
903 5191 1160 5260 inquiunt,
1196 5208 1297 5246 om.
1336 5191 1486 5247 1542,
1624 5194 1682 5257 2)
1721 5202 1799 5263 ut,
1832 5196 2086 5248 omnam:
2121 5192 2256 5246 1576
2289 5208 2432 5262 seqq.

2158 287 3107 358 PSYOHOPANNYOHIA.

4515 286 4629 350 196
4734 229 4747 244 *

2693 484 2834 542 tum
2879 478 2935 543 si
2978 476 3240 560 quidem
3295 483 3593 541 nostrum
3651 474 3958 541 Christus
4011 480 4144 553 est,
4192 480 4260 539 et
4302 481 4629 540 armatura

2693 563 2838 641 illa,
2898 584 3026 646 qua
3091 582 3210 627 nos
3278 560 3488 625 induit
3544 560 3875 643 apostolus
3952 560 4220 643 (Ephes.
4265 562 4335 638 6,
4388 563 4458 622 11
4500 557 4625 643 66).

2694 650 2788 713 Ει
2830 650 3143 731 scriptum
3190 653 3290 713 est
3311 646 3513 731 (Psal.
3539 652 3640 724 45,
3672 647 3798 731 12),
3847 645 4016 728 quod
4060 667 4179 710 rex
4222 644 4632 727 concupiscet

2696 734 2996 800 decorem
3039 733 3332 817 coniugis
3390 752 3574 810 suae,
3622 752 3789 815 quae
3832 732 4018 796 fortis
4060 731 4187 796 erit
4228 732 4297 795 in
4340 730 4629 795 muneri-

2694 819 2836 898 bus,
2874 820 3057 884 cuius
3094 819 3306 884 omnis
3341 816 3550 902 gloria
3582 818 3989 882 intrinsecus.
4076 815 4382 899 Denique
4417 816 4631 900 signa·

2697 906 2792 970 vit
2836 926 2986 970 suos
3027 903 3372 982 Dominus,
3412 924 3573 985 quos
3613 910 3682 967 et
3716 904 3788 968 in
3825 909 4051 981 morte,
4088 908 4155 966 et
4196 902 4263 966 in
4310 922 4632 968 resurrec-

2696 991 2872 1055 tione
2926 991 3270 1073 agniturus
3322 995 3422 1055 est
3467 989 3695 1071 (Apoc.
3754 993 3787 1051 7
3807 1040 3823 1067 ,
3885 990 3972 1071 3).
4061 986 4202 1052 0111
4242 1008 4379 1052 11611
4420 989 4631 1070 potius

2695 1076 3056 1159 respiciunt
3108 1075 3189 1140 ad
3247 1074 3316 1138 id
3369 1074 3538 1157 quod
3596 1080 3713 1154 [fol.
3748 1079 3849 1152 18]
3895 1074 4192 1156 proxime
4234 1071 4519 1151 dixerat,
4569 1081 4633 1139 et

2699 1162 2804 1227 cui
2840 1161 3010 1227 hanc
3051 1161 3263 1243 ipsam
3308 1159 3696 1226 sententiam
3741 1157 4108 1224 connectit?
4196 1159 4389 1224 Licet
4431 1159 4488 1224 is
4525 1160 4633 1242 qui

2696 1247 2853 1312 foris
2888 1252 2988 1312 est
3029 1246 3223 1310 homo
3261 1253 3482 1310 noster
3525 1253 3998 1327 corrumpatur,
4045 1265 4194 1310 eum
4238 1251 4482 1323 tamen,
4526 1245 4634 1327 qni

2699 1333 2881 1397 intus
2925 1338 3054 1411 est,
3100 1332 3404 1396 renovari
3463 1331 3544 1396 de
3600 1329 3705 1395 die
3747 1332 3816 1395 in
3860 1329 4035 1395 diem
4081 1332 4148 1414 (2
4196 1328 4344 1395 061.
4388 1335 4425 1393 4
4446 1381 4460 1406 ,
4512 1332 4633 1409 16).

2702 1416 2897 1498 Quod
2943 1424 3162 1482 autem
3207 1416 3533 1499 apostolus
3576 1415 3936 1482 clausulam
3978 1416 4162 1480 illam
4207 1414 4514 1494 subdidit,
4557 1414 4633 1480 de

2699 1503 3226 1568 manifestatione
3278 1522 3500 1566 coram
3554 1500 3869 1566 tribunali
3926 1500 4205 1578 Christi,
4260 1502 4472 1584 magis
4524 1522 4630 1567 666

2702 1588 2993 1673 stringit:
3040 1607 3243 1671 quum
3285 1589 3471 1670 prius
3516 1586 3786 1652 dixisset
3841 1608 3959 1651 nos
4009 1594 4074 1651 et
4119 1584 4291 1650 domi
4332 1594 4400 1651 et
4455 1606 4635 1668 pere-

2701 1695 2819 1758 gre
2874 1680 3143 1756 agentes
3198 1671 3587 1738 contendere
3639 1680 3718 1737 ut
3780 1671 3879 1736 illi
3932 1671 4318 1755 placeamus.
4418 1670 4638 1753 Quum

2702 1781 2820 1843 per
2862 1757 3157 1837 domum,
3205 1779 3440 1840 corpus
3496 1757 3851 1841 intelligat,
3911 1756 4066 1840 quid
4110 1764 4212 1822 cst
4250 1756 4408 1821 illud
4456 1779 4635 1840 pere-

2703 1843 2861 1929 gre?
2925 1844 3024 1910 Ut
3069 1865 3224 1928 ergo
3259 1844 3428 1910 nihil
3463 1842 3794 1920 addamus,
3846 1842 4049 1909 verba
4104 1844 4246 1908 sine
4288 1843 4638 1926 interprete

2703 1931 2826 1996 hoc
2890 1929 3272 2012 loquuntur:
3340 1950 3479 2009 nos,
3538 1935 3606 1994 et
3656 1930 3726 1992 in
3778 1949 4043 2011 corpore
4058 1980 4073 2006 ,
4138 1935 4205 1992 et
4268 1935 4460 1993 extra
4503 1950 4637 1994 cor-

2702 2038 2856 2100 pus,
2940 2014 3332 2081 contendere
3410 2022 3486 2079 ut
3555 2014 3928 2097 placeamus
3992 2014 4309 2078 Domino:
4391 2013 4635 2093 deinde,

2702 2122 2824 2166 nos
2858 2120 3167 2167 sensuros
3202 2101 3330 2166 Dei
3363 2101 3819 2184 praesentiam,
3855 2121 4058 2181 quum
4093 2100 4175 2164 ab
4216 2099 4340 2164 hoc
4374 2118 4635 2183 corpore

2704 2186 3173 2271 separabimur.
3261 2186 3406 2251 Iam
3449 2207 3583 2250 non
3624 2207 3743 2268 per
3785 2184 3980 2249 fidem
4027 2184 4492 2265 ambulaturos,
4527 2185 4635 2251 sed

2704 2293 2822 2357 per
2863 2271 3175 2354 speciem:
3221 2271 3529 2354 quoniam
3572 2271 3696 2337 hoc
3738 2278 3953 2336 terrae
3996 2269 4278 2354 pondus,
4324 2291 4452 2352 quo
4495 2293 4635 2354 pre-

2704 2358 2970 2437 mimur,
3013 2377 3134 2422 nos
3171 2378 3210 2421 a
3243 2355 3407 2436 Deo,
3453 2356 3636 2441 quasi
3679 2356 4007 2436 maceries,
4051 2356 4249 2439 longo
4294 2356 4633 2422 intervallo

2708 2451 2986 2527 separat.
3063 2442 3183 2507 Isti
3218 2450 3566 2526 nugatores
3601 2448 3847 2523 contra,
3883 2463 4002 2506 nos
4035 2463 4155 2525 per
4186 2449 4469 2506 mortem
4502 2443 4636 2508 lon-

2708 2530 2858 2613 gius
2892 2549 2932 2592 a
2973 2529 3117 2594 Deo
3161 2527 3558 2594 discessuros
3598 2528 3929 2610 garriunt,
3975 2547 4170 2610 quam
4215 2526 4376 2592 dum
4421 2549 4638 2593 sumus

2707 2614 2779 2678 in
2813 2614 2938 2678 hac
2972 2614 3122 2678 vita.
3201 2613 3308 2679 De
3342 2612 3578 2696 quibus
3615 2613 3787 2677 enim
3823 2614 4140 2696 scriptum
4175 2621 4300 2678 est:
4338 2614 4635 2693 Domine,

2705 2699 2780 2762 in
2815 2698 3065 2762 lumine
3089 2697 3309 2764 vultus
3331 2699 3430 2762 tui
3453 2697 3883 2763 ambulabunt
3904 2698 4110 2778 (Psal.
4133 2703 4234 2777 89,
4267 2700 4405 2782 16);
4449 2700 4633 2764 item:

2708 2783 2860 2866 Ipse
2895 2777 3164 2866 spiritus
3198 2784 3643 2848 testimonium
3672 2782 3887 2848 reddit
3905 2783 4164 2866 spiritui
4197 2792 4440 2863 nostre,
4466 2782 4640 2867 ,quod

2707 2868 2828 2933 filii
2870 2868 3001 2934 Dei
3043 2889 3268 2934 sumus
3314 2869 3533 2953 (Rom.
3580 2874 3639 2948 8,
3690 2869 3829 2953 16),
3880 2877 3947 2934 et
4005 2869 4213 2933 multa
4256 2869 4397 2935 cius
4446 2891 4639 2954 gene-

2709 2953 2830 3020 ris:
2870 2953 2975 3019 his
3012 2952 3329 3019 etlumen
3351 2954 3572 3022 vultus
3607 2955 3753 3033 Dei,
3792 2962 3858 3020 et
3891 2955 4159 3038 spiritus
4197 2955 4641 3021 testimonium

2708 3037 3022 3104 adimunt.
3133 3039 3327 3120 Quod
3378 3042 3432 3106 si
3489 3061 3721 3107 verum
3774 3049 3902 3119 est,
3954 3041 4272 3107 feliciores
4314 3064 4491 3107 nunc
4535 3064 4639 3107 su·

2707 3147 2883 3204 mus,
2931 3147 3125 3209 quam
3168 3134 3316 3209 post
3358 3136 3650 3192 mortem.
3739 3126 3892 3192 Etsi
3950 3128 4123 3191 enim
4181 3127 4304 3192 sub
4358 3128 4639 3194 elemen-

2708 3212 2793 3276 tis
2846 3211 3043 3276 huius
3094 3212 3326 3277 mundi
3378 3213 3699 3290 vivimus,
3758 3212 4074 3278 habemus
4117 3222 4343 3278 tamen
4389 3213 4639 3280 habita-

2707 3298 2951 3362 tionem
2988 3303 3055 3362 et
3086 3296 3382 3382 politiam
3418 3299 3488 3363 in
3523 3298 3734 3378 coelis,
3782 3306 3860 3362 ut
3902 3299 3994 3361 ait
4035 3298 4283 3363 Paulus
4329 3299 4535 3382 (Phil.
4583 3305 4637 3379 3,

2709 3387 2790 3446 20
2826 3432 2839 3447 .
2927 3381 3059 3448 Ubi
3115 3394 3336 3448 autem
3390 3391 3699 3451 veternus
3753 3383 3894 3462 ille,
3950 3390 4018 3448 et
4072 3405 4292 3449 rerum
4349 3386 4640 3451 omnium

2706 3468 2788 3533 ob
2819 3469 2945 3533 ‘vio
2981 3469 3231 3534 animas
3267 3489 3307 3533 a
3332 3476 3542 3534 morte
3583 3469 3928 3553 exceperit,
3964 3468 4251 3552 perdunt
4285 3490 4639 3552 quamcun-

2707 3574 2833 3703 gue
2866 3553 3111 3620 habent
3144 3555 3533 3620 suavitatem
3559 3562 3791 3639 gustus
3824 3555 4197 3638 spiritualis.
4264 3555 4503 3621 Melius
4524 3578 4640 3624 nos

2753 3646 2941 3705 ocent
2996 3660 3219 3706 sacrae
3275 3640 3518 3706 literae.
3615 3639 3902 3723 Corpus,
3955 3640 4126 3723 quod
4180 3643 4637 3723 corrumpitur,

2707 3732 3026 3808 aggravat
3086 3727 3372 3790 animam
3385 3776 3399 3801 ‚
3479 3735 3546 3791 et
3612 3734 3878 3792 terrena
3951 3726 4267 3792 habitatio
4335 3725 4639 3811 deprimit

2710 3831 2973 3875 sensum
3027 3810 3236 3875 multa
3277 3813 3670 3896 cogitantem
3719 3809 3900 3896 (Sap.
3949 3818 4006 3889 9,
4059 3814 4187 3896 15).
4277 3810 4355 3878 Si
4406 3834 4639 3897 corpus

2710 3895 2967 3959 animae
3019 3903 3119 3961 est
3171 3918 3423 3976 carcer,
3470 3898 3526 3962 si
3583 3905 3845 3962 terrena
3896 3897 4238 3975 habitatin,
4297 3899 4639 3982 compedes

2710 3987 2894 4045 sunt:
2932 3978 3085 4063 quid
3122 3981 3340 4046 anima
3373 3982 3587 4047 soluta
3620 3983 3744 4048 hoc
3778 4004 4066 4062 carcere,
4104 3991 4308 4048 exuta
4349 3984 4455 4050 his
4498 3985 4643 4049 vin-

2710 4065 2910 4131 culis?
2955 4087 3173 4132 nonne
3204 4068 3341 4139 ,61111
3383 4067 3694 4147 redditur,
3742 4076 3808 4134 et
3851 4070 4036 4152 quasi
4071 4089 4143 4134 se
4187 4068 4477 4154 colligit?
4550 4070 4641 4137 Ut

2712 4149 2929 4216 dicere
2961 4151 3169 4229 liceat,
3206 4160 3466 4219 tantum
3500 4154 3596 4218 illi
3614 4174 3998 4233 accrescere,
4035 4162 4351 4237 quantum
4388 4155 4642 4222 decres-

2711 4237 2799 4303 cit
2852 4238 3122 4319 corpori.
3189 4239 3424 4304 Velint·
3476 4241 3714 4318 nolint,
3770 4240 3903 4306 1166
3935 4261 4195 4322 semper
4236 4241 4305 4304 in
4350 4242 4643 4307 confesso

2712 4330 2826 4387 est.
2926 4321 3056 4390 Ubi
3112 4324 3354 4390 molem
3407 4325 3577 4391 hanc
3627 4327 3913 4409 corporis
3969 4326 4334 4404 abiicimus,
4388 4346 4643 4393 cessare

2710 4429 2999 4494 pugnam
3051 4409 3235 4475 illam
3290 4411 3556 4494 spiritus
3610 4411 3922 4477 adversus
3976 4432 4239 4476 carnem
4256 4462 4272 4490 ,
4320 4418 4387 4477 et
4428 4414 4645 4479 carnis

2712 4493 3027 4559 adversus
3063 4496 3382 4579 spiritum.
3468 4496 3771 4579 Denique
3803 4498 4363 4562 mortificationem
4408 4499 4644 4579 carnis,

2712 4600 2855 4645 esso
2896 4580 3401 4651 vivificationem
3444 4582 3730 4664 spiritus.
3792 4583 3961 4647 'Dum
4001 4583 4203 4667 igitur
4247 4584 4481 4663 anima,
4526 4605 4645 4649 ex-

2711 4665 2921 4730 cussis
2955 4667 3269 4745 sordibus,
3310 4688 3464 4733 vere
3500 4675 3600 4732 est
3632 4668 4006 4749 spiritualis,
4043 4676 4120 4733 ut
4141 4669 4507 4734 consentiat
4528 4692 4647 4736 vo-

2713 4750 2953 4816 luntati
2993 4753 3154 4832 Dei,
3199 4773 3321 4818 nec
3373 4753 3617 4818 sentiat
3658 4755 3873 4819 carnis
3914 4754 4327 4839 tyrannidem
4372 4753 4497 4820 sibi
4540 4777 4647 4821 re-

2712 4844 3140 4920 pugnantem:
3185 4844 3262 4902 ut
3317 4838 3388 4901 in
3430 4837 3553 4904 hac
3603 4838 4080 4922 tranquillitate
4123 4838 4429 4918 resideat,
4471 4841 4645 4906 nihil

2713 4921 2890 4985 aliud
2932 4920 3125 5004 q'uam
3168 4921 3389 4986 Deum
3444 4923 3755 5007 cogitans.
3842 4926 3936 4990 Et
3986 4934 4141 4991 tunc
4193 4924 4440 4991 scilicet
4494 4926 4646 4991 dor-

2716 5008 2852 5085 mit,
2899 5028 3099 5089 quum
3123 5007 3377 5073 elevare
3415 5030 3501 5087 se,
3547 5010 3728 5075 nullo
3751 5010 4039 5093 pondere
4061 5022 4479 5095 aggravante,
4526 5032 4647 5094 po·

2715 5091 2885 5157 test?
2975 5092 3162 5157 Tunc
3205 5094 3436 5172 stertit,
3473 5116 3673 5178 quum
3715 5095 3925 5162 multa
3965 5098 4295 5179 percipere
4336 5116 4534 5162 sensu
4579 5108 4649 5163 et

2713 5175 3099 5260 cogitatione
3134 5185 3366 5260 potest,
3409 5180 3592 5246 nullo
3633 5181 4094 5265 impedimento
4136 5181 4645 5265 interpellante?
