4984 5975
385 306 481 368 121
1686 303 1978 369 LIBER
2018 304 2073 370 1.
2163 302 2467 371 CAPUT
2510 305 2773 370 XVIII.
2840 303 3034 369 XIX.
4244 308 4362 380 122

380 492 483 557 lae.
568 488 819 571 Quanti
847 490 1234 556 aestimatae
1288 491 1535 556 fuerint
1576 512 1926 557 muraenae
1968 492 2305 570 Romanis,

381 577 473 644 vel
521 575 686 640 illud
724 586 1112 660 argumento
1155 585 1284 655 est,
1330 577 1503 658 quod
1547 577 1840 641 Antonia
1880 578 2118 655 Drusi,
2162 600 2307 642 mu-

381 682 599 728 raenae
642 681 841 743 quam
892 659 1235 744 diligebat,
1278 663 1542 727 inaures
1593 661 1872 741 addidit,
1920 671 1985 727 et
2029 663 2317 728 Crassus.

381 750 472 814 vir
508 748 841 813 censorius
896 748 1205 812 amissam
1223 799 1237 826 ,
1284 748 1471 830 quasi
1516 748 1750 827 filiam,
1799 758 2049 813 atratus
2092 750 2306 828 flevit3

382 832 531 916 quod
572 832 936 898 Muraenae
970 855 1328 916 cognomen
1365 836 1839 916 assumpserint
1878 858 1917 898 a
1952 835 2307 912 muraenis,

382 919 594 1002 quibus
640 918 844 983 effuse
884 918 1391 985 delectabantur.
1480 919 1771 1004 Insignis
1815 927 1915 984 est
1958 940 2140 984 error
2183 921 2311 984 Pe-

379 1005 545 1082 rotti,
605 1005 716 1086 qui
770 1025 810 1068 a
860 1004 1133 1090 maculis
1200 1005 1489 1087 corporis
1545 1005 1902 1087 appellatos
1955 1006 2310 1069 Muraenae

380 1097 677 1168 autumat,
705 1090 1183 1173 refragantibus
1203 1091 1524 1168 Varrone,
1552 1091 1903 1170 Macrobio,
1928 1090 2307 1156 Columella.

378 1175 829 1240 Hallucinatur
849 1176 1047 1241 ctiam
1083 1197 1284 1259 quum
1307 1175 1531 1241 scribit
1557 1175 1872 1241 Ohirrum
1897 1197 2125 1241 earum
2164 1183 2309 1253 {pag

386 1267 511 1338 113]
551 1261 807 1326 vivaria
848 1261 1273 1345 excogitasse.
1351 1263 1555 1344 Atqui
1589 1262 1870 1340 Plinius,
1908 1262 2144 1340 Varr0,
2183 1262 2309 1327 Oo-

374 1345 643 1425 lumella,
690 1347 1081 1436 Macrobius,
1127 1346 1200 1413 O.
1238 1346 1544 1411 Hirrium
1583 1347 1883 1413 tradunt:
1930 1368 1970 1411 a
2011 1368 2139 1430 quo
2175 1347 2309 1413 dic—

376 1441 533 1497 tator
588 1432 834 1499 Caesar
888 1455 1006 1498 sex
1058 1433 1267 1497 millia
1318 1431 1404 1498 ad
1466 1430 1721 1515 pondus
1775 1434 2048 1516 accepit,
2105 1454 2310 1516 quum

373 1518 793 1601 triumphales
838 1538 1070 1584 coenas
1118 1519 1354 1602 populo
1399 1517 1602 1583 daret.
1672 1520 1856 1602 Lege
1901 1519 2092 1601 plura
2136 1517 2309 1601 apud

375 1603 655 1668 Plinium
700 1602 864 1668 libro
910 1604 1027 1668 IX.
1075 1626 1127 1669 c.
1175 1610 1297 1680 55„
1342 1604 1753 1670 Mam-obium
1797 1604 1964 1669 libro
2000 1603 2125 1668 III.
2185 1601 2309 1670 Sa-

373 1689 964 1840 ffim.,VVfiIr1-onem
995 1690 1162 1754 libro
1184 1690 1312 1754 111.
1350 1689 1431 1754 de
1452 1691 1556 1754 Re
1580 1691 1840 1768 rustica,
1875 1689 2306 1755 Columellam

396 1797 417 1838 1
452 1797 521 1840 ro
742 1825 756 1839 .

530 1860 617 1925 In
657 1859 1003 1948 vivarium]
1054 1860 1399 1926 Vivarium
1445 1862 1555 1925 hic
1588 1870 1979 1946 usurpatum
2021 1881 2141 1944 pro
2176 1862 2308 1944 pis-

372 1947 518 2026 eina,
570 1957 798 2012 contra
833 1967 1028 2028 quam
1067 1947 1359 2011 docuerit
1395 1946 1653 2012 Gellius
1686 1947 1851 2013 libro
1890 1947 1979 2012 II.
2018 1948 2131 2029 qui
2165 1946 2310 2012 vult

371 2033 567 2116 accipi
619 2053 738 2116 pro
793 2032 934 2098 loco
969 2033 1040 2098 in
1081 2054 1209 2116 quo
1260 2034 1438 2097 ferae
1486 2034 1675 2099 vivae
1718 2042 2087 2116 pascantur,
2134 2032 2307 2114 quod

370 2117 516 2183 alias
564 2118 990 2201 leporarium,
1049 2118 1210 2183 alias
1263 2118 1668 2183 roborarium
1715 2120 1966 2184 dicitur.
2056 2118 2137 2182 In
2184 2120 2309 2182 hac

368 2210 581 2268 tamen
623 2203 1100 2287 significatione
1137 2224 1271 2268 non
1315 2204 1515 2268 semel
1552 2205 1623 2268 in
1659 2202 1997 2269 autoribus
2041 2204 2303 2288 legitur.

370 2288 693 2355 Iuvenalis
737 2288 982 2374 Satyra
1024 2289 1176 2354 IV.:

669 2391 793 2445 Non
829 2392 1118 2445 dubitaturi
1152 2392 1432 2462 fugitivum
1469 2393 1647 2446 dicere
1682 2393 1900 2461 piscem,

662 2460 1069 2529 Depastnmque
1106 2460 1196 2515 diu
1231 2462 1433 2515 vivaria
1469 2458 1731 2516 G'aesariS.

371 2543 615 2612 Seneca
647 2545 754 2611 lib.
792 2546 983 2611 XIV.
1021 2547 1259 2629 Epist:
1313 2548 1459 2632 Ego
1496 2566 1651 2612 vero
1693 2545 2174 2630 philosophiam
2207 2549 2307 2611 iu-

369 2630 495 2698 dico
540 2653 674 2697 non
730 2633 942 2715 magis
985 2632 1386 2716 excogitasse
1440 2633 1561 2698 has
1612 2632 2132 2698 machinationes
2174 2641 2307 2698 tec-

368 2725 577 2783 torum
612 2739 812 2801 supra
846 2725 1018 2783 tecta
1052 2719 1488 2801 surgentium,
1526 2727 1602 2781 ‚et
1635 2719 1830 2784 urbes
1864 2719 2128 2784 urbium
2159 2740 2307 2802 pre-

366 2805 707 2880 mentium,
762 2825 961 2887 quam
1016 2805 1267 2868 vivaria
1320 2806 1594 2887 piscium
1646 2804 1719 2868 in
1762 2804 1886 2871 hoc
1925 2805 2175 2883 clausa,
2231 2812 2308 2868 ut

364 2896 820 2973 tempestatum
865 2890 1154 2971 pericula
1195 2911 1332 2954 non
1372 2890 1583 2960 adiret
1624 2891 1798 2973 gula.

528 2976 710 3058 Quas
742 2996 969 3041 esurus
1001 2972 1160 3062 erat]
1199 2974 1278 3041 Id
1315 2987 1417 3042 est
1450 2977 1748 3041 luxuriae
1783 2997 1979 3042 causa
2012 2976 2303 3042 faciebat.

364 3145 401 3211 d
436 3148 483 3213 h
524 3063 616 3127 Iu
656 3062 765 3127 hoc
799 3061 1016 3142 alebat,
1051 3067 1121 3127 ut
1154 3063 1245 3126 sic
1281 3061 1496 3150 aleret]
1544 3062 1653 3127 Ad
1687 3061 2120 3129 exercendam
2159 3084 2304 3128 cru-

403 3169 437 3212 e
465 3150 708 3213 ‘tatem
1768 3160 1783 3179 ’

512 3235 737 3315 ,Quam
778 3234 1107 3298 numerari
1147 3235 1308 3299 iuter
1336 3235 1596 3317 publica
1633 3231 1834 3320 mala]
1880 3234 2016 3299 Alii
2051 3233 2303 3300 codices

366 3318 621 3397 habent,
656 3321 833 3385 inter
867 3318 1124 3402 publico
1160 3319 1333 3384 malo
1356 3328 1563 3399 natos,
1604 3320 1810 3385 nihilo
1844 3320 2063 3403 peiore
2085 3341 2299 3386 sensu.

360 3403 535 3470 Idem
587 3414 685 3470 est
726 3404 931 3483 enim,
979 3414 1167 3470 natos
1212 3406 1548 3471 numerari
1589 3405 1765 3470 inter
1806 3407 2067 3489 publica
2107 3406 2301 3485 mala,

360 3499 421 3554 et
459 3492 797 3557 numerari
853 3490 1026 3554 inter
1068 3499 1259 3555 natos
1303 3492 1475 3556 malo
1518 3492 1792 3574 publico.
1882 3492 2303 3575 Tranquillus

358 3575 423 3639 in
471 3577 765 3642 Nerone:
822 3576 1097 3641 Domitii
1158 3578 1364 3659 patris
1419 3598 1548 3641 vox
1602 3579 1776 3642 inter
1830 3577 2302 3661 gratulationes

359 3662 743 3740 amicorum,
800 3664 1105 3746 negantis
1147 3662 1499 3745 quidquam
1554 3685 1637 3728 ex
1692 3684 1763 3728 se
1806 3678 1874 3728 et
1916 3664 2301 3747 Agrippina,

357 3748 480 3814 nisi
545 3747 954 3827 detestabile,
1034 3760 1100 3812 et
1169 3749 1341 3813 malo
1414 3750 1672 3830 publico
1750 3751 1930 3814 nasci
1997 3750 2298 3832 potuisse.

356 3831 664 3901 Ovidius:

695 3938 740 3992 Ο
774 3938 901 3990 mihi
935 3944 1256 4005 perpetuum
1292 3944 1421 3991 nata
1455 3938 1640 4005 puella
1671 3939 1884 3992 malum.

1053 4212 1357 4280 CAPUT
1402 4212 1594 4278 XIX.

525 4348 903 4432 Excoyuare
922 4369 1098 4416 nemo
1131 4350 1476 4432 quidquam
1499 4351 1743 4433 poterit,
1780 4352 1945 4432 quod
1979 4353 2181 4434 mayis
2200 4351 2300 4418 de-

350 4452 563 4499 corum
603 4435 835 4517 recenti
870 4436 967 4513 sit,
1013 4456 1205 4516 quam
1236 4438 1572 4515 clementia,
1617 4456 1969 4516 quocunque
2000 4439 2179 4503 modo
2220 4441 2295 4518 is,

349 4524 405 4585 et
443 4523 825 4603 quocunque‘
847 4520 989 4586 iure
1030 4522 1429 4604 praepositus
1472 4523 1729 4587 caeteris
1770 4524 1903 4587 erit.
1991 4521 2089 4586 Eo
2130 4525 2300 4589 scili-

346 4612 435 4670 cet
473 4606 816 4688 formosius
857 4606 927 4672 id
969 4627 1101 4673 esse
1138 4607 1761 4691 maynificeutiusque
1784 4607 2140 4690 fatebimur,
2178 4632 2299 4691 quo

348 4692 417 4754 in
476 4693 711 4756 maiori
764 4692 1193 4774 praestabitur
1243 4698 1572 4776 potestate.-
1639 4710 1829 4776 quam
1893 4715 2015 4759 non
2070 4701 2301 4775 oportet

345 4779 603 4842 noa-iam
645 4798 791 4856 8338,
836 4779 898 4842 si
940 4778 1025 4844 ad
1059 4784 1324 4844 naturae
1357 4779 1545 4862 leyem
1577 4781 1975 4861 componitur.
2044 4780 2300 4845 Natura

347 4865 517 4926 enim
559 4868 889 4928 conmenta
932 4870 1021 4929 est
1060 4885 1282 4948 reyem,
1323 4866 1486 4946 quod
1523 4871 1580 4930 et
1621 4886 1698 4929 ex
1732 4866 1885 4931 aliis
1918 4866 2300 4931 animalibus

344 4946 487 5013 licet
540 4969 914 5032 coynoscere,
974 4954 1029 5015 et
1072 4971 1148 5016 ev
1190 4950 1446 5032 apibus,
1493 4972 1764 5033 quarum
1805 4952 1937 5035 reyi
1980 4952 2298 5033 amplissi-

344 5053 521 5098 mum
566 5034 756 5099 cubile
797 5039 906 5114 est,
947 5036 1265 5118 medioque
1302 5057 1376 5102 ac
1411 5038 1720 5102 tutissimo
1757 5039 1893 5103 loco.
1965 5037 2299 5103 Praeterea

340 5140 530 5185 onere
573 5126 759 5199 vacat,
804 5126 1052 5186 exactor
1092 5122 1441 5188 alienorum
1475 5143 1756 5204 operum.-
1798 5129 1854 5189 et
1894 5125 2127 5190 amisso
2159 5145 2300 5206 reye

337 5209 538 5270 totum
588 5206 892 5272 dilabitur
944 5228 1216 5273 examen.
1319 5208 1451 5274 Nec
1504 5229 1780 5290 uuquam
1823 5210 1980 5293 plus
2022 5232 2147 5275 uuo
2176 5231 2299 5292 pa-

2411 494 2656 557 tiuntur
2670 543 2683 569 ,
2733 493 3163 574 melioremque
3205 514 3427 576 pugna
3478 498 3802 573 quaerunt.
3899 493 4230 557 Praeterea
4273 494 4370 556 in-

2410 580 2614 661 siyuis
2646 581 2778 661 reyi
2819 577 3028 660 forma
3071 583 3176 657 est,
3222 578 3676 659 dissimilisque
3709 579 3981 656 caeteris,
4026 585 4159 668 tum
4196 598 4367 662 may-

2410 665 2711 742 uitudine,
2757 670 2887 732 tum
2929 665 3144 728 uitare.
3204 664 3340 728 Hoc
3378 670 3581 729 tamen
3626 666 3899 728 maxime
3940 664 4365 742 dist-inquitur.

2414 748 2979 828 Iracundissimae,
3038 770 3113 813 ac
3144 771 3267 830 pro
3316 751 3588 832 eorporis
3629 755 3814 830 captu
3858 751 4370 832 puyuaeissimae

2418 842 2560 912 [pag.
2607 850 2631 897 1
2649 841 2749 911 14}
2797 841 2945 899 sunt
2987 857 3152 915 apes,
3198 841 3252 900 et
3296 837 3540 901 aculeos
3585 837 3653 900 iu
3695 836 3947 899 vulnere
3990 835 4363 915 relinquunt.

2420 920 2560 983 Rea·
2618 922 2752 1000 ipse
2803 921 2939 984 siue
2994 921 3202 986 aculeo
3260 927 3363 985 est.
3467 921 3690 984 Noluit
3749 921 3931 985 illum
3986 925 4216 984 natura
4257 940 4367 985 uec

2414 1026 2666 1069 saevum
2712 1026 2865 1084 esse,
2922 1027 3029 1070 uec
3070 1007 3365 1071 ultionem
3422 1027 3645 1090 mayno
3688 1011 4105 1070 constaturam
4138 1010 4363 1086 petere,

2413 1093 2495 1156 tel
2500 1113 2717 1172 umque
2740 1093 3025 1170 detraxit,
3064 1098 3120 1158 et
3141 1093 3309 1157 iram
3336 1096 3473 1157 eius
3507 1094 3797 1157 inermem
3819 1092 4086 1172 reliquit.
4132 1091 4363 1156 Exem-

2402 1178 2560 1256 plar
2613 1177 2720 1242 lzoc
2775 1177 3023 1260 mayuis
3079 1178 3322 1262 reyibus
3377 1181 3609 1262 inqens.
3697 1177 3819 1241 Est
3870 1179 4038 1241 euim
4083 1177 4184 1241 illi
4230 1198 4365 1241 mos

2413 1283 2689 1327 exserere
2733 1283 2799 1327 se
2854 1265 2922 1326 in
2956 1266 3213 1344 parvis,
3272 1270 3328 1334 et
3367 1265 3710 1347 iuyeutium
3752 1283 3965 1327 rerum
4008 1264 4364 1328 documenta

2412 1350 2678 1426 minima
2722 1371 2915 1432 ayere.
2993 1348 3237 1414 Pudeat
3251 1350 3348 1413 ‚ab
3382 1351 3630 1432 ea·i9uis
3662 1348 4048 1413 animalibus
4083 1369 4205 1413 nou
4237 1355 4364 1412 tra-

2412 1433 2555 1498 here
2598 1454 2816 1512 mores,
2861 1455 3053 1515 quum
3094 1440 3266 1499 tauto
3296 1436 3613 1500 hominum
3647 1435 4020 1499 moderatior
4053 1454 4183 1499 8338
4226 1435 4365 1498 aui-

2412 1539 2556 1582 mus
2596 1521 2822 1598 debeat,
2869 1526 3097 1602 quanto
3128 1521 3541 1586 vehementius
3579 1525 3757 1584 uocet.
3832 1519 4088 1589 Utinam
4120 1520 4364 1602 quidem

2413 1605 2625 1668 eadem
2667 1605 2905 1670 homini
2947 1605 3047 1670 lem
3089 1612 3267 1685 esset,
3316 1613 3371 1671 et
3413 1608 3514 1671 ira
3560 1627 3699 1670 cum
3741 1606 3853 1670 telo
3896 1627 4010 1670 suo
4047 1606 4367 1689 frauyere-

2414 1696 2532 1768 tur,
2576 1711 2684 1754 uec
2725 1693 2983 1772 saepius
3026 1693 3232 1757 liceret
3259 1713 3469 1758 nocere
3510 1713 3702 1773 quam
3745 1693 3945 1771 semel,
3990 1711 4096 1755 uec
4138 1692 4367 1756 alienis

2413 1775 2657 1841 viribus
2712 1798 2986 1841 emercere
3042 1778 3204 1842 odia.
3295 1778 3513 1843 Facile
3569 1779 3736 1842 euim
3779 1778 4125 1842 lassaretur
4163 1778 4363 1860 furor,

2413 1863 2474 1926 si
2509 1883 2629 1944 per
2683 1883 2748 1926 se
2790 1864 2913 1927 sibi
2954 1864 3369 1944 satisfaceret,
3427 1870 3482 1928 et
3534 1866 3594 1928 si
3650 1865 3866 1927 mortis
3911 1863 4193 1945 periculo
4235 1863 4363 1927 vim

2412 1967 2610 2011 suarm
2641 1950 2991 2029 effunderet.
3085 1948 3208 2015 Sed
3250 1971 3326 2013 ue
3364 1971 3528 2014 nune
3571 1950 3821 2031 quidem
3859 1949 3962 2013 illi
4003 1969 4230 2014 cursus
4270 1953 4364 2011 tu-

2412 2037 2517 2096 tus
2560 2039 2663 2097 est.
2759 2035 3032 2098 Tantum
3075 2037 3238 2099 euim
3272 2056 3509 2100 necesse
3551 2040 3640 2099 est
3682 2037 3912 2113 timeat,
3955 2039 4254 2115 quantum
4288 2035 4364 2098 ti-

2411 2120 2571 2182 meri
2619 2120 2773 2196 vult,
2841 2125 2897 2184 et
2952 2141 3180 2184 manus
3236 2123 3512 2185 omnium
3566 2122 3855 2199 observet,
3912 2127 3967 2185 et
4018 2141 4084 2184 eo
4126 2140 4363 2201 quoque

2413 2209 2679 2283 tempore
2734 2226 2852 2286 quo
2899 2227 3021 2271 nou
3065 2211 3380 2287 captatur,
3414 2208 3551 2288 peti
3590 2227 3656 2269 se
3700 2207 3929 2271 iudicet
3946 2258 3960 2286 ,
4005 2204 4363 2288 nullumque

2411 2296 2777 2355 momentum
2831 2293 3106 2356 immune
3155 2292 3390 2357 habeat.
3479 2293 3664 2356 Hanc
3704 2293 3937 2373 aliquis
3978 2312 4231 2374 aeqram
4273 2292 4363 2355 oi-

2412 2379 2540 2438 tam
2596 2377 2881 2455 sustinet,
2949 2398 3138 2458 quum
3180 2378 3360 2443 liceat
3401 2379 3733 2443 iuno‘oeium
3775 2378 3957 2456 aliis,
4013 2378 4082 2442 ob
4127 2377 4234 2441 hoc
4272 2398 4362 2441 se—

2412 2481 2661 2538 curum,
2720 2463 3062 2527 salutarem
3094 2465 3434 2545 potentiam
3478 2465 3617 2527 eius
3658 2463 3839 2528 laetis
3880 2463 4166 2528 omuibus
4205 2468 4362 2526 trac-

2409 2551 2561 2611 tare.
2650 2548 2848 2612 Errat
2892 2550 3058 2613 euim
3100 2550 3158 2615 si
3202 2551 3346 2631 quis
3388 2551 3701 2616 existimat
3742 2554 3943 2613 tutum
3984 2569 4113 2613 8338
4146 2548 4235 2611 ibi
4268 2569 4362 2612 re-

2405 2653 2562 2714 yem,
2608 2634 2715 2697 ubi
2756 2634 2922 2698 nihil
2965 2657 3003 2698 a
3053 2657 3190 2719 reye
3235 2640 3432 2701 tutum
3487 2640 3592 2700 est.
3687 2633 3810 2700 Sed
3851 2635 4154 2700 securitas
4194 2653 4361 2698 secu-

2406 2719 2593 2782 ritate
2633 2725 2853 2784 mutua
2883 2722 3262 2802 paciscenda
3316 2727 3420 2787 est.
3515 2721 3657 2785 Nou
3704 2741 3861 2802 opus
3913 2726 4002 2787 est
4055 2720 4362 2784 instruere

2409 2804 2479 2866 iu
2522 2805 2720 2871 altum
2772 2806 2973 2871 editas
3014 2828 3214 2885 arces,
3272 2829 3379 2872 uec
3429 2808 3500 2870 in¹
3543 2826 3862 2871 ascensum
3907 2808 4140 2871 arduos
4182 2804 4363 2869 colles
4401 2837 4406 2841 ·

2411 2893 2705 2970 emunire,
2749 2913 2855 2956 nec
2875 2893 3096 2957 Klatera
3140 2896 3444 2958 montium
3486 2892 3870 2972 abscindere,
3913 2890 4364 2971 multiplicibus

2408 2998 2475 3042 38
2517 2984 2720 3042 muris
2760 2978 3158 3061 turribusque
3199 2982 3419 3062 sepire.
3489 2977 3747 3044 Salvum
3789 2990 3992 3061 reyem
4037 2978 4106 3041 iu
4150 2981 4363 3059 aperto

2408 3064 2729 3128 clementia
2773 3066 3137 3146 praestabit.
3240 3065 3446 3131 Unum
3499 3070 3587 3130 est
3637 3065 4118 3148 inexpuyuabile
4157 3063 4360 3127 muni·

2407 3153 2692 3229 mentum,
2737 3170 2914 3215 amor
2955 3152 3205 3216 civium.
3300 3153 3468 3233 Quid
3498 3151 3833 3234 pulchrius
3875 3157 3991 3229 est,
4038 3170 4225 3231 quam
4267 3150 4358 3213 vi—

2406 3256 2548 3299 vere
2589 3236 2940 3315 optantibus
2981 3239 3242 3317 cunctis,
3301 3243 3356 3302 et
3396 3243 3535 3302 vota
3590 3258 3714 3302 uon
3755 3239 3870 3302 sub
3914 3236 4157 3301 custode
4198 3256 4358 3299 nun-

2362 3373 2367 3383 ,
2407 3321 2826 3402 cupantibus?
2872 3321 2948 3385 Si
2959 3324 3235 3405 paulum
3267 3324 3542 3389 valitudo
3564 3322 3872 3402 titubavit,
3914 3343 4038 3388 nou
4063 3341 4234 3401 spem
4254 3319 4355 3383 ko-

2405 3408 2650 3470 minum
2694 3408 2971 3486 excitari,
3016 3408 3128 3472 sed
3166 3414 3397 3473 metum
3411 3410 3447 3473 .?
3513 3409 3701 3473 Nihil
3735 3429 3865 3473 esse
3899 3409 4195 3486 cuiquam
4227 3410 4356 3468 tam

2393 3493 2746 3572 pretiosum
2763 3542 2776 3569 ,
2833 3494 2996 3573 quod
3035 3515 3156 3558 uon
3191 3516 3312 3576 pro
3355 3496 3552 3559 salute
3581 3495 3909 3576 praesidis
3950 3493 4054 3557 sui
4094 3510 4356 3554 commu-

2405 3583 2604 3642 tatum
2659 3578 2849 3642 velit?
2881 3618 2894 3625 »
2934 3578 3127 3644 Omne
3182 3581 3282 3643 illi
3344 3583 3507 3662 quod
3561 3581 3880 3662 cmctiuyit,
3941 3578 4065 3642 sibi
4117 3596 4356 3656 quoque

2406 3664 2644 3728 evenire
2675 3664 2930 3745 deputet.
3021 3664 3104 3729 Iu
3146 3666 3254 3737 hoe
3307 3666 3587 3731 assiduis
3641 3666 3932 3729 bonitatis
3973 3662 4357 3744 armamentis

2393 3748 2690 3830 probavit
2729 3769 2851 3813 uon
2893 3752 3335 3831 rempublicam
3377 3773 3563 3816 suam
3606 3771 3760 3828 esse,
3806 3750 3912 3814 sed
3954 3768 4020 3812 38
4062 3746 4356 3826 reipubli-

2406 3856 2527 3899 cae.
2632 3836 2790 3916 Quis
2843 3834 2990 3902 huic
3057 3838 3302 3915 audeat,
3349 3844 3586 3903 struere
3638 3836 3892 3916 aliquod
3951 3831 4352 3915 periculum?

2413 3921 2570 4002 Quis
2612 3921 2688 3985 ab
2730 3920 2837 3985 hoc
2878 3942 3018 4001 uon,
3063 3924 3123 3987 si
3155 3924 3386 4004 possit,
3436 3923 3757 4005 fortunam
3802 3941 4040 4002 quoque
4084 3923 4352 3982 avertere

2404 4006 2594 4071 velit?
2635 4006 2748 4071 sub
2790 4027 2905 4088 quo
2948 4009 3212 4087 iustitia,
3245 4030 3407 4089 pax,
3438 4008 3775 4088 pudicitia,
3817 4006 4150 4083 securitate,
4209 4010 4352 4082 [pag.

2413 4098 2557 4170 115]
2604 4093 2912 4175 diyuita-S,
2962 4096 3208 4174 florent.-
3259 4095 3373 4160 sub
3424 4115 3541 4174 quo
3581 4094 3871 4175 opulenta
3912 4092 4135 4157 civitas
4174 4090 4355 4171 copia

2404 4178 2702 4243 bonorum
2744 4176 3018 4245 omnium
3071 4180 3363 4246 abundat.
3456 4179 3584 4244 Nec
3635 4178 3762 4243 alio
3814 4179 4025 4243 auimo
4066 4180 4354 4240 rectorem

2403 4286 2591 4329 suum
2643 4266 2988 4345 intuentur,
3054 4287 3244 4347 quam
3298 4267 3358 4331 si
3412 4266 3508 4331 dii
3565 4263 3946 4329 immortales
3989 4267 4352 4344 potestatem

2403 4350 2648 4415 visendi
2690 4352 2795 4415 sui
2839 4349 3110 4432 faciant.-
3159 4354 3518 4417 iutueamur
3568 4356 3924 4414 venerantes
3965 4348 4350 4426 colentcsque.

2410 4436 2579 4519 Quid
2619 4437 2876 4501 autem?
2919 4459 3041 4502 ποτε
3073 4440 3441 4519 proximum
3482 4435 3615 4501 illis
3656 4435 3854 4499 locum
3896 4439 4050 4498 tenet
4096 4434 4180 4510 is,
4239 4432 4352 4515 qui

2401 4543 2468 4587 se
2509 4541 2586 4586 ex
2630 4523 2883 4587 deorwn
2926 4529 3163 4589 natura
3199 4523 3358 4605 yerit
3396 4523 3720 4603 beneficu8‚
3778 4541 3852 4586 ac
3895 4520 4140 4602 larque,
4185 4524 4238 4582 et
4281 4518 4352 4581 iu

2403 4607 2627 4673 melius
2655 4609 2929 4688 potens?
2992 4609 3128 4675 Hoc
3161 4610 3460 4690 affectare,
3505 4607 3615 4672 lcoc
3656 4607 3899 4671 imitari
3932 4607 4113 4683 decet,
4150 4603 4353 4669 maxi-

2401 4714 2573 4765 mum
2616 4694 2708 4758 ita
2748 4693 2979 4774 haberi,
3016 4700 3086 4759 ut
3125 4694 3396 4777 optimus
3439 4693 3633 4758 simul
3672 4693 3987 4758 habeatur.

2574 4780 2933 4862 Postquam
2977 4780 3385 4846 enumeravit
3439 4800 3558 4862 per
3603 4778 3849 4862 species
3894 4798 4004 4843 eos
4048 4776 4159 4859 qui
4203 4774 4349 4839 aliis

2401 4872 2738 4949 praesunt,
2787 4863 3198 4947 ostenditque
3242 4862 3477 4930 debere
3521 4886 3590 4929 se
3632 4871 3966 4947 praestare
4001 4861 4348 4945 indulgen-

2402 4961 2501 5017 tes
2556 4971 2714 5034 erga
2771 4971 2882 5016 eos
2937 4951 3169 5035 quibus
3219 4951 3527 5034 praefecti
3589 4956 3775 5029 sunt,
3832 4968 4007 5014 nunc
4057 4945 4347 5031 generali

2401 5036 2729 5103 sententia
2771 5036 3021 5120 colligit
3062 5057 3287 5101 eorum
3331 5036 3627 5101 omnium
3667 5035 4083 5119 praecipuam
4130 5032 4348 5096 dotem
4383 5038 4392 5053 '

2402 5144 2546 5189 esse
2601 5122 3043 5198 clementiam,
3101 5122 3242 5189 sive
3285 5124 3373 5189 sit
3413 5129 3632 5207 pater,
3689 5122 3799 5203 qui
3854 5120 3987 5184 filio
4049 5118 4344 5200 imperet,

2401 5231 2517 5274 seu
2560 5217 2937 5291 praeceptor
2985 5207 3332 5293 discipulo,
3376 5210 3678 5275 tribunus
3724 5205 3936 5282 militi,
3982 5211 4097 5267 aut
4141 5202 4346 5267 domi-
