4984 5975
87 3003 110 3752 -ss——n—n———n—
91 2844 102 2897 -
89 2774 100 2787 ι

1485 1120 2400 1273 CONTINENTUR
2446 1190 2711 1273 HOC
2764 1187 3439 1272 VOLUMINE

1655 1326 1961 1391 (Asterisco
1996 1331 2247 1380 notamus
2283 1341 2422 1395 quae
2459 1325 2605 1396 apud
2641 1325 2843 1380 Bezam
2878 1293 3281 1392 desiderantur)

457 1495 944 1582 Prolegomena
983 1496 1058 1561 in
1101 1498 1382 1561 'Domum
1423 1496 1715 1580 primum
1844 1538 3886 1563 .....................

601 1610 658 1674 I.
727 1609 809 1674 L.
856 1609 1118 1674 Annaei
1161 1606 1452 1674 Senecae
1494 1607 1648 1673 libri
1689 1607 1769 1673 de
1812 1608 2160 1675 clementia
2202 1628 2354 1673 cum
2392 1608 2488 1673 10.
2537 1607 2799 1675 Calvini
2843 1608 3311 1673 commentario
3354 1608 3587 1692 (1532)
3657 1659 3672 1674 .
3764 1659 3781 1674 .
3870 1658 3886 1675 .

570 1720 662 1787 Π.
729 1719 977 1787 Vivere
1033 1719 1206 1802 apud
1261 1718 1603 1785 Christum
1657 1743 1791 1786 non
1846 1719 2130 1785 dormire
2184 1720 2420 1785 animis
2475 1726 2732 1785 sanctos
2790 1722 2903 1803 qui
2954 1720 3026 1784 in
3079 1720 3209 1785 fide
3253 1718 3504 1786 Christi
3551 1718 3889 1801 decedunt,

958 1852 1124 1914 quae
1167 1831 1366 1915 vulgo
1406 1832 2047 1917 Psychopannychia
2090 1831 2328 1897 dicitur
2374 1831 2607 1915 (1534)
2703 1880 3891 1912 ............

545 1943 672 2009 ΠΙ.
739 1941 1081 2027 Epistolae
1125 1941 1292 2007 duae
1336 1942 1416 2007 de
1453 1944 1651 2009 rebus
1693 1944 1817 2010 hoc
1860 1943 2118 2009 saeculo
2161 1943 2429 2028 cognitu
2469 1943 2765 2025 apprime
2806 1943 3188 2009 necessariis
3235 1944 3463 2027 (1537)
3553 1994 3569 2008 .
3660 1995 3677 2010 .
3767 1995 3782 2010 .
3873 1994 3890 2009 .

739 2056 1044 2139 Epistola
1084 2056 1315 2138 prima.
1415 2051 1522 2118 De
1577 2055 1908 2140 fugiendis
1949 2056 2301 2139 impiorum
2345 2053 2595 2121 illicitis
2652 2056 2855 2120 sacris
2898 2062 2968 2119 et
3021 2056 3307 2138 puritate
3351 2055 3750 2123 christianae
3787 2077 3893 2122 re-

961 2167 1228 2251 ligionis
1272 2165 1680 2232 observanda
1750 2213 3041 2233 .............
3105 2186 3113 2196 ·
3133 2218 3888 2236 ........

734 2279 1036 2363 Epistola
1080 2278 1380 2344 secunda.
1469 2274 1576 2341 De
1616 2279 1956 2344 christiani
1999 2277 2287 2355 hominis
2329 2276 2541 2342 officio
2583 2278 2655 2341 in
2709 2277 3084 2345 sacerdotiis
3135 2279 3390 2363 papalis
3430 2279 3744 2347 ecclesiae
3786 2279 3893 2349 vel

962 2386 1500 2456 administrandis
1544 2390 1650 2455 vel
1694 2387 2077 2456 abiiciendis
2167 2438 3888 2463 .................
3954 2432 3963 2437 -

551 2501 707 2566 IV.*
748 2501 1207 2569 Oatechismus
1264 2524 1314 2566 s.
1373 2500 1772 2566 christianae
1827 2500 2164 2585 religionis
2216 2470 2547 2564 institutio
2611 2500 2998 2584 genevensis
3051 2501 3359 2567 ecclesiae
3414 2503 3748 2587 suffragiis
3792 2524 3895 2568 re-

965 2622 1153 2695 cepta
1197 2612 1429 2696 (1538)
1530 2662 3358 2679 ..................
3406 2682 3421 2693 .
3450 2663 3890 2680 .....

595 2724 676 2788 V.
743 2724 962 2790 Iacobi
1020 2723 1315 2789 Sadoleti
1371 2722 1720 2788 cardinalis
1775 2720 2079 2807 epistola*
2117 2723 2201 2788 ad
2266 2730 2567 2789 senatum
2627 2722 3073 2806 populumque
3141 2746 3579 2808 genevensem
3641 2746 3769 2808 qua
3820 2726 3889 2791 in

963 2835 1398 2901 obedientiam
1443 2835 1699 2900 romani
1743 2835 2071 2918 pontificis
2117 2856 2226 2900 eos
2269 2833 2582 2900 reducere
2627 2842 2902 2899 conatur
3023 2886 3887 2902 .........

733 2946 827 3013 Ιο.
876 2945 1138 3014 Calvini
1181 2946 1513 3030 responsio
1560 2947 1787 3032 (1539)
1855 2996 3888 3015 ....................

553 3058 673 3123 VI.
748 3059 1100 3142 Epinicion
1138 3058 1404 3124 Christo
1444 3067 1785 3124 cantatum
1830 3059 2059 3142 (1541)
2170 3109 3887 3126 .................

526 3169 682 3235 VII.
751 3170 933 3237 Petit
972 3171 1233 3235 Traicte
1279 3169 1359 3234 de
1400 3170 1466 3235 la
1513 3169 1782 3236 Saincte
1826 3170 2007 3237 Cene
2051 3170 2132 3235 de
2172 3172 2255 3236 N.
2302 3169 2372 3237 S.
2417 3171 2608 3237 Iesus
2650 3170 2883 3238 Christ
2929 3173 3156 3256 (1541)
3238 3221 3885 3238 .......

470 3280 707 3347 VEL*
754 3280 1122 3347 Consilium
1168 3280 1516 3346 admodum
1569 3291 1919 3367 paternum
1957 3281 2153 3347 Pauli
2195 3281 2323 3347 ΠΙ.
2379 3283 2706 3366 pontificis
2762 3304 2903 3348 rom
2915 3284 3054 3362 ani,
3115 3282 3341 3347 datum
3383 3282 3780 3367 Imperatori
3822 3284 3895 3348 in

563 3399 570 3404 ’
959 3394 1187 3477 Belgis
1252 3415 1371 3475 per
1435 3394 1829 3476 cardinalem
1881 3395 2280 3459 Farnesium
2341 3415 2460 3477 pro
2516 3393 2947 3461 Lutheranis.
3061 3393 3155 3458 Et
3212 3393 3484 3459 Eusebii
3552 3393 3886 3478 Pamphili

957 3503 1248 3570 eiusdem
1291 3504 1545 3569 consilii
1589 3506 1698 3587 pia
1741 3513 1807 3571 et
1850 3505 2152 3571 salutaris
2195 3505 2543 3589 explicatio
2590 3506 2819 3590 (1541)
2913 3555 2928 3571 .
3021 3553 3037 3570 .
3128 3532 3142 3568 .·
3235 3555 3888 3572 .......

467 3637 484 3650 ·
539 3614 703 3680 IX.*
744 3616 880 3682 Les
931 3617 1132 3681 Actes
1181 3615 1261 3680 de
1316 3615 1384 3679 la
1421 3616 1706 3681 Iournee
1765 3615 2137 3700 imperiale,
2181 3625 2382 3682 tenue
2425 3639 2510 3682 en
2543 3616 2611 3682 la
2645 3616 2773 3682 cite
2816 3615 2896 3681 de
2935 3616 3446 3701 Regenspourg‚
3494 3616 3890 3682 aultrement

960 3726 1092 3792 dite
1136 3727 1531 3810 Ratispone‚
1588 3750 1703 3792 sur
1745 3727 1841 3793 les
1886 3725 2195 3794 differens
2237 3728 2349 3811 qui
2393 3734 2544 3793 sont
2586 3726 2999 3812 auiourdhuy
3058 3748 3142 3792 en
3196 3727 3265 3792 la
3302 3728 3614 3814 Religion
3659 3729 3890 3814 (1541)

3973 1516 4457 1586 1mgzno-Lv1n

4186 1626 4474 1678 1-162.

4027 1885 4058 1913 „
4130 1847 4478 1900 165-232.

4025 1997 4056 2025 „
4120 1957 4477 2011 233-312.

4026 2222 4057 2250 „
4122 2183 4476 2237 239-2⁷s.

4027 2444 4057 2472 „
4119 2404 4476 2459 279-312.

4028 2666 4058 2693 „
4121 2627 4472 2681 313-362.

4027 2890 4057 2918 „
4119 2851 4473 2905 365-3s4.

4025 3003 4055 3030 „
4117 2963 4472 3017 385-416.

4027 3115 4057 3142 „
4119 3076 4471 3130 417-428.

4024 3225 4054 3252 „
4115 3187 4470 3241 429-460.

4025 3559 4055 3586 „
4120 3519 4471 3574 461-5os.

4023 3780 4054 3807 „
4118 3742 4468 3795 509—-684.
