4984 5975
477 320 723 389 XLIV
1654 318 2201 388 TRAOTATUS
2247 317 2834 387 THEOLOGIOI
2876 319 3323 391 MmoRES.

485 510 697 579 sacae.
784 508 1291 594 Francofordiac
1326 514 1534 576 autem
1574 509 1685 577 vix
1718 510 2176 594 quinquaqinta
2217 509 2423 576 adhuc
2463 509 2685 576 habere
2722 529 2840 576 nos
2868 515 3044 593 puto.
3132 508 3242 576 Ita
3280 509 3507 592 feceris
3546 531 3680 576 rem
3718 513 4151 597 yratissimam
4192 518 4248 581 et
4285 534 4506 583 sacrae

503 622 837 707 theoloyiae
878 622 1217 702 studiosis,
1273 622 1335 687 si
1376 622 1712 688 editionem
1755 626 1870 688 aut
1908 622 2384 706 recoquitionem
2425 621 2608 687 illam
2647 627 2822 686 tuam
2853 626 3158 703 matures,
3203 626 3263 687 et
3300 621 3477 688 nobie
3517 624 3589 688 in
3617 624 3889 706 primic,
3942 625 4004 691 si
4041 625 4114 690 in
4154 625 4506 693 recudenda

498 733 620 801 {aa
671 753 864 816 opera
902 738 1121 799 nostra
1163 734 1262 797 uti
1314 752 1442 797 non
1483 733 1854 819 dedigneris.
1929 733 2073 798 Iam
2117 739 2194 797 tu
2237 732 2621 798 meminoris
2664 732 2827 799 haec
2866 753 3012 800 esse
3052 733 3297 817 scripta
3341 732 3401 798 d.
3450 737 3549 799 25.
3594 735 3826 823 Martii
3870 757 4041 802 anno
4090 741 4274 802 1537.
4360 737 4504 802 Ha-

498 846 617 913 bes
661 866 819 931 ergo
862 843 1038 929 quod
1083 852 1150 911 te
1191 845 1406 929 primo
1451 865 1609 911 sane
1650 846 1899 911 intuitu
1945 843 2334 930 perplexum
2378 843 2655 910 reddere
2696 844 2918 928 possit,
2962 844 3165 911 habes
3203 841 3699 912 Oatechismum
3738 845 4003 913 Calvini
4043 847 4329 913 latinum
4368 847 4506 916 iam

493 962 652 1023 ante
694 957 885 1023 illum
927 955 1104 1022 diem
1154 957 1580 1041 impressum,
1636 957 1769 1022 imo
1811 957 1947 1022 iam
1986 957 2275 1023 maxima
2318 976 2402 1022 ex
2443 964 2634 1040 parte
2678 955 3051 1023 venditione
3095 955 3479 1022 distractum
3492 1009 3509 1037 ,
3567 956 3770 1024 habes
3809 960 4298 1043 typographum
4340 959 4507 1027 alte-

493 1089 637 1133 ram
678 1068 1031 1135 editionem
1084 1086 1356 1152 eamque
1410 1069 1814 1153 recognitam
1870 1067 1952 1134 ab
1996 1074 2222 1134 autore
2276 1069 2702 1154 flagitantem.
2792 1066 2980 1150 Quae
3034 1068 3254 1133 omnia
3306 1069 3362 1133 si
3418 1067 3499 1134 de
3543 1067 3956 1137 catechismo
4011 1078 4237 1138 nostro
4290 1073 4506 1156 primo

491 1179 698 1246 latino
740 1179 1111 1266 intelligere
1145 1180 1446 1260 volueris,
1492 1201 1643 1247 oum
1677 1181 1980 1247 omnibus
2023 1180 2403 1247 certissimis
2437 1180 2752 1263 temporis
2785 1179 3146 1245 rationibus
3180 1181 3634 1265 expressisque
3675 1180 4081 1248 documentis
4114 1204 4249 1248 non
4288 1183 4506 1250 solum

491 1313 629 1358 non
672 1291 1029 1377 quadrant,
1074 1291 1189 1357 sed
1231 1291 1428 1357 etiam
1473 1314 1509 1357 e
1555 1276 1872 1358 diametro
1913 1298 2233 1377 pugnant.
2320 1291 2525 1356 Nulla
2562 1293 2741 1357 enim
2783 1290 2917 1356 alia
2957 1311 3133 1357 anno
3182 1295 3344 1356 1536
3358 1291 3686 1375 -prodiere
3729 1291 3992 1361 calvini
4033 1295 4275 1377 scripta
4313 1315 4506 1379 prae-

495 1411 601 1470 ter
642 1404 1140 1470 Institutionem.
1177 1403 1473 1493 latinam,
1513 1410 1581 1468 et
1622 1402 2012 1470 Catechesin
2057 1402 2377 1487 gallicam.
2465 1402 2641 1468 Nam
2682 1401 2763 1468 de
2796 1401 3440 1489 Psychopannychia
3483 1403 3594 1471 hic
3637 1404 3815 1488 loqui
3858 1426 3995 1470 non
4034 1406 4292 1471 attinet.
4378 1407 4506 1472 At-

499 1536 627 1599 que
664 1515 811 1599 ipsa
853 1522 955 1582 est
992 1515 1357 1595 Institutio,
1402 1515 1460 1580 si
1502 1514 1663 1598 quid
1705 1514 2039 1596 videmus,
2083 1535 2283 1598 quam
2323 1512 2658 1598 Oporinus
2699 1515 2935 1579 innuit.
3024 1514 3291 1580 Etenim
3347 1513 3751 1582 difficultatis
3810 1515 4053 1596 nodus,
4110 1522 4336 1582 nostra
4372 1517 4505 1583 sal-

489 1633 630 1692 tem
670 1628 1009 1711 opinione,
1065 1626 1137 1692 in
1181 1627 1316 1692 solo
1362 1624 1873 1692 Gatechismi
1913 1625 2180 1691 nomine
2235 1624 2494 1692 residet.
2581 1625 2730 1690 Iam
2772 1625 3013 1708 raptim
3055 1646 3126 1690 se
3168 1626 3504 1709 scripsisse
3546 1626 3619 1691 in
3667 1627 3801 1692 fine
3841 1627 4185 1694 literarum
4231 1632 4507 1695 annotat

489 1737 634 1818 ille,
690 1744 769 1804 ut
806 1759 941 1804 nou
982 1737 1244 1804 licuerit
1296 1738 1589 1823 relegere
1600 1762 1617 1819 3
1662 1756 1860 1804 voces
1911 1737 2117 1823 igitur
2156 1746 2222 1803 et
2275 1736 2548 1802 termini
2588 1734 2929 1820 premendi
2967 1757 3101 1802 non
3154 1744 3327 1802 sunt.
3420 1735 3598 1819 Quid
3640 1745 3823 1803 vetat
3873 1760 3992 1804 nos
4058 1760 4501 1824 praesumere,

488 1847 681 1916 illum
735 1849 1088 1916 festinante
1143 1850 1392 1917 calamo
1436 1847 1930 1916 catechismum
1986 1849 2349 1933 scripsisse,
2403 1847 2791 1932 indigitasse
2845 1868 3003 1914 vero
3045 1848 3544 1914 Institutionem
3596 1849 3779 1915 illam
3816 1850 4115 1933 primam
4169 1872 4369 1934 quam
4423 1872 4503 1919 eo

491 1982 668 2028 anno
712 1962 851 2046 ipse
896 1982 1045 2028 cum
1089 1961 1261 2028 socio
1301 1961 1572 2028 Platero
1628 1960 1952 2042 ediderat,
2005 1981 2298 2045 quaeque
2332 1960 2534 2045 vulgo
2577 1966 2646 2026 ct
2686 1959 2931 2045 passim
2987 1958 3200 2046 magis
3233 1959 3488 2043 plebeio
3527 1962 3794 2027 nomine
3852 1961 4183 2048 designari
4224 1969 4501 2046 poterat,

488 2093 693 2157 eoque
734 2095 853 2158 pro
896 2073 1054 2138 libri
1089 2074 1302 2140 forma
1344 2080 1413 2138 et
1457 2074 1708 2140 ratione
1740 2073 2014 2139 minime
2057 2071 2492 2151 incommodo,
2536 2092 2738 2155 quam
2779 2090 2908 2155 quo
2948 2080 3138 2138 autor
3188 2073 3325 2155 ipse
3367 2072 3581 2158 magis
3616 2072 4005 2140 scholastico
4039 2095 4198 2139 usus
4233 2074 4497 2160 fuerat?

491 2184 680 2250 Nihil
731 2206 889 2269 ergo
932 2191 1033 2251 est
1085 2183 1260 2269 quod
1299 2186 1372 2251 in
1414 2185 1540 2251 hac
1594 2185 1676 2252 ab
1721 2183 2013 2269 Oporino
2055 2190 2374 2269 usurpata
2430 2183 2959 2248 denominatione
3003 2191 3070 2248 te
3111 2191 3434 2263 moretur,
3492 2190 3805 2267 tanquam
3849 2185 4005 2251 huic
4042 2186 4277 2250 maiori
4317 2186 4503 2270 operi

487 2297 709 2362 minus
752 2296 1180 2363 conveniente
1191 2320 1209 2376 ;
1251 2318 1408 2362 nam
1450 2298 1665 2381 prima
1703 2295 1820 2361 illa
1852 2295 2211 2375 Institutio,
2256 2303 2331 2359 ut
2372 2296 2445 2359 in
2478 2294 2977 2379 Prolegomenis
3016 2295 3205 2360 Tomi
3247 2294 3300 2360 1.
3345 2317 3494 2381 pag.
3539 2295 3791 2361 XXXI
3833 2296 4225 2376 monuimus,
4269 2318 4506 2366 revera

488 2407 1055 2475 Oatechismorum
1105 2407 1492 2474 methodum
1534 2408 1607 2473 in
1660 2407 1955 2474 materiis
1996 2405 2418 2490 disponendis
2460 2406 2787 2489 sequitur,
2841 2412 2911 2470 et
2952 2405 3305 2472 exstabant
3349 2407 3547 2473 etiam
3587 2407 3894 2486 Lutheri,
3939 2407 4199 2489 Buceri,
4240 2409 4503 2474 Brentii

491 2518 874 2586 catechismi
925 2518 1180 2586 modico
1235 2519 1336 2584 illi
1378 2519 1746 2586 calviniano
1797 2517 2019 2586 libello
2070 2518 2176 2585 vel
2219 2516 2678 2602 magnitudine
2732 2516 3063 2600 aequales,
3119 2517 3225 2584 vel
3269 2517 3468 2584 etiam
3513 2539 3591 2584 eo
3633 2517 4009 2601 ampliores.
4093 2518 4287 2586 Adde
4326 2512 4501 2604 quod

484 2636 857 2714 temporum
914 2631 1083 2696 ratio
1127 2636 1196 2696 et
1239 2637 1499 2697 caetera
1540 2650 1707 2714 quae
1751 2630 2093 2695 attulimus
2136 2628 2510 2695 testimonia
2551 2627 2723 2692 hanc
2762 2626 2917 2691 nodi
2960 2627 3351 2693 solutionem
3385 2636 3453 2694 et
3507 2628 3819 2713 epistolae
3859 2627 4139 2713 Oporini
4176 2631 4503 2717 interpre-

483 2743 805 2809 tationem
849 2763 987 2807 non
1030 2741 1243 2808 solum
1298 2739 1645 2806 admittere
1688 2739 1806 2807 sed
1848 2741 2049 2806 etiam
2091 2739 2424 2823 requirere
2465 2736 2795 2804 videntur.
2883 2734 2999 2803 Sic
3053 2738 3231 2803 enim
3283 2739 3506 2806 omnia
3545 2739 3717 2806 bene
3757 2739 4085 2825 quadrant
4126 2742 4503 2828 optimeque

476 2853 656 2918 inter
689 2873 762 2919 se
806 2853 1227 2919 conveniunt.
1316 2850 1671 2917 Caeterum
1713 2852 1770 2916 si
1820 2852 1966 2935 quis
2009 2850 2280 2916 meliora
2320 2847 2883 2934 probabilior-aque
2924 2848 2996 2912 in
3037 2848 3328 2916 medium
3370 2851 3739 2934 protulerit,
3784 2851 4066 2919 libenter
4105 2876 4228 2921 nos
4269 2854 4502 2922 eadem

480 2962 904 3049 amplexuros
945 2964 1235 3048 ingenue
1277 2964 1678 3046 profitemur.
2858 2980 2877 3000 ⁸

789 3074 899 3139 De
955 3082 1184 3140 nostra
1226 3075 1363 3158 ⁸hac
1415 3094 1589 3142 nova
1645 3074 1931 3141 editione
1990 3094 2199 3158 pauca
2254 3078 2413 3140 sunt
2464 3092 2633 3156 quae
2690 3071 2815 3138 hoo
2871 3071 3012 3139 loco
3054 3093 3455 3140 moneamus.
3543 3074 3632 3141 In
3670 3077 3817 3161 ipso
3858 3075 4278 3145 Oatechismo
4321 3079 4501 3164 typis

476 3187 720 3252 italicis
764 3188 905 3254 sive
963 3187 1244 3255 cursivis
1298 3207 1461 3271 quos
1515 3186 1745 3253 dicunt
1798 3204 2111 3270 expressa
2151 3185 2331 3269 leges
2376 3204 2488 3249 eas
2532 3190 2755 3249 textus
2796 3189 3018 3267 partes
3058 3205 3224 3268 quas
3266 3192 3482 3268 autor,
3526 3187 3713 3254 nulla
3750 3189 3921 3255 facta
3962 3189 4357 3272 mutatione,
4414 3212 4501 3257 ex

478 3298 909 3365 Institutione
951 3320 1072 3366 sua
1115 3297 1473 3383 descriptas
1516 3298 1650 3364 huc
1690 3298 2047 3364 transtulit.
2114 3279 2197 3363 In
2239 3295 2415 3363 calce
2457 3294 2707 3360 Farelli
2750 3292 3260 3377 confessionem,
3302 3300 3529 3381 paucis
3562 3298 3837 3385 pagellis
3871 3299 4254 3381 absolutam,
4296 3323 4504 3386 quum

479 3409 556 3475 in
597 3411 794 3476 unica
850 3430 1018 3495 quae
1071 3417 1289 3477 exstat
1330 3409 1733 3477 catechismi
1787 3409 2078 3476 editione
2119 3409 2266 3494 ipsa
2309 3425 2568 3492 quoque
2609 3404 3035 3487 exhibeatur,
3100 3430 3142 3474 a
3192 3415 3421 3475 nostra
3462 3410 3689 3477 abesse
3730 3411 4079 3479 noluimus.
4167 3413 4504 3479 Gallicum

477 3529 706 3588 tamen
750 3521 1184 3607 archetypum
1226 3522 1465 3588 addere
1508 3542 1992 3606 supervacuum
2034 3519 2364 3600 duximus,
2409 3518 2584 3603 quod
2617 3518 2675 3584 si
2711 3518 3068 3600 quaesieris
3106 3518 3380 3587 habebis
3420 3522 3596 3606 apud
3616 3524 3739 3589 Ru
3753 3523 3965 3604 chat,
4011 3523 4365 3589 histoire
4402 3505 4513 3588 de·

477 3633 558 3699 la
601 3634 1149 3699 reformation
1192 3631 1287 3698 de
1329 3633 1408 3699 la
1451 3630 1757 3700 Suisse.
1847 3632 1985 3698 Ed.
2030 3612 2518 3711 Vulliemin,
2575 3629 2651 3697 ¹1¹.
2694 3628 2816 3694 IV.
2862 3650 3010 3714 pag.
3064 3634 3179 3695 111
3233 3653 3407 3717 seqq.
3454 3641 3522 3699 et
3564 3634 3948 3715 Gaberel‚
4004 3635 4361 3700 histoire
4405 3632 4502 3698 de

483 3729 846 3829 l’Eglise
892 3744 984 3811 de
1021 3745 1380 3825 Geneve,
1427 3745 1502 3811 Τ.
1542 3746 1597 3811 Ῑ.
1642 3745 1815 3829 App.
1860 3765 2007 3830 pag.
2059 3748 2182 3809 120
2217 3765 2424 3828 seqq.,
2469 3742 2632 3808 item
2673 3740 2745 3805 in
2788 3740 3168 3808 collectione
3208 3742 3326 3810 illa
3368 3746 3833 3828 opusculorum
3872 3745 4123 3812 Farelli
4161 3765 4330 3829 qnae
4372 3765 4503 3809 nu-

476 3877 598 3941 per
640 3856 873 3943 (1865)
916 3879 1076 3924 cura
1117 3863 1186 3923 et
1227 3856 1444 3923 studio
1484 3856 1611 3922 Iul.
1659 3856 1841 3923 Guil.
1887 3856 2109 3922 Fickii
2153 3855 2466 3923 Genevae
2509 3849 2755 3937 prodiit
2796 3873 2943 3937 pag.
2997 3857 3118 3918 194
3153 3876 3237 3921 ss.

2166 4356 2577 4442 CAPUT
2637 4358 2844 4445 VII.

1042 4560 1786 4660 RESPONSIO
1840 4561 2031 4659 AD
2089 4560 2852 4661 EPISTOLAM
2892 4559 3584 4660 SADOLETI.
3645 4550 3936 4652 1539.

798 4780 1028 4847 Eiecto
1073 4780 1352 4869 (jeneva
1393 4802 1547 4848 cum
1598 4781 1824 4848 amicis
1874 4779 2181 4862 Calvino,
2238 4789 2449 4848 status
2490 4782 2590 4847 rei
2632 4782 2929 4866 publicae
2968 4788 3036 4847 et
3078 4780 3552 4848 ecclesiasticae
3592 4781 3664 4846 in
3708 4802 3786 4847 ea
3830 4781 3990 4847 urbe
4033 4780 4189 4847 talis
4233 4755 4377 4861 fuit,
4418 4786 4505 4846 ut

480 4890 793 4975 pontificii
838 4913 976 4957 non
1019 4895 1161 4960 sine
1204 4892 1419 4977 specie
1460 4892 1605 4960 veri
1646 4913 1913 4977 sperare
1959 4899 2232 4977 possent
2270 4894 2410 4959 fore
2452 4900 2532 4958 ut
2573 4893 2752 4960 cives
2794 4892 3138 4959 turbarum
3178 4890 3391 4958 taedio
3431 4892 3597 4957 moti
3640 4914 3795 4959 mox
3839 4900 4131 4959 veterem
4170 4891 4326 4958 fidei
4360 4890 4502 4958 for-

480 5002 732 5070 mulam
782 5005 956 5088 apud
1005 5026 1075 5071 se
1128 5004 1598 5071 instaurarent.
1700 5005 1932 5089 Itaque
1991 5006 2341 5072 observata
2391 5006 2704 5090 temporis
2768 5005 3129 5085 occasione,
3188 5002 3574 5071 destitutum
3611 5005 3994 5090 ⁸pastoribus
4046 5002 4183 5069 suis
4224 5023 4502 5088 gregem

479 5114 669 5181 facile
712 5137 783 5181 se
833 5117 1312 5201 intercepturos
1348 5115 1670 5196 arbitrati,
1716 5126 1901 5183 coetu
1946 5116 2391 5203 praelatorum
2433 5115 2754 5201 Lugduni
2793 5113 3019 5180 habito
3061 5116 3178 5180 uni
3220 5137 3305 5180 ex
3343 5115 3497 5194 suis,
3532 5116 3768 5184 Iacobo
3814 5113 4119 5183 Sadoleto
4153 5112 4499 5181 Cardinali

477 5226 771 5294 officium
813 5229 1283 5295 commiserunt
1326 5227 1752 5295 Gronevenses
1796 5228 1880 5294 ad
1921 5228 2209 5294 reditum
2249 5227 2323 5293 in
2366 5227 2893 5293 communionem
2934 5225 3108 5293 sedis
3150 5245 3460 5296 romanae
3494 5227 3902 5296 sollicitandi.
3966 5226 4137 5293 Erat
4176 5233 4324 5292 tum
4366 5224 4498 5294 Sa·-
