4984 5975
591 308 679 373 99

590 495 724 580 rigi
766 500 1059 578 possunt.
1121 493 1326 559 Hunc
1366 493 1649 578 improbi
1693 502 1760 560 et
1793 494 2138 561 facinorosi
2171 493 2547 575 formidant,

591 581 752 648 boni
797 591 1024 645 amant
1065 588 1133 643 et
1175 587 1581 646 reverentur.

784 664 907 732 Ubi
950 666 1283 746 quiescenti
1360 663 1613 731 Sensus
1657 671 1775 744 est,
1824 673 2148 749 tyrannus
2181 686 2317 730 non
2358 664 2551 730 modo

598 750 680 827 de
730 751 812 817 iis
869 752 1073 816 sumit
1126 771 1293 834 supp
1324 751 1550 831 oium,
1609 753 1721 834 qui
1775 752 1847 815 in
1891 770 2120 815 necem
2166 772 2355 816 suam
2401 772 2554 815 con-

594 836 941 920 spirarint:
987 835 1101 901 sed
1146 837 1347 902 etiam
1388 844 1797 903 accusatores
1833 837 2179 914 submittit,
2225 835 2340 918 qui
2381 837 2552 901 fictis

592 921 975 989 criminibus
1018 922 1392 1005 opprimant
1433 923 1833 988 innocentes.
1923 921 2083 990 Sive
2127 922 2333 1006 igitur
2367 943 2552 1004 mag-

593 1029 759 1073 num
801 1006 1047 1090 aliquid
1091 1008 1335 1092 cogites
1351 1059 1365 1085 ,
1412 1009 1551 1074 sive
1596 1010 1921 1091 quiescas,
1964 1009 2252 1073 versaris
2294 1027 2554 1090 semper

590 1093 665 1158 in
723 1092 949 1158 eodem
1009 1093 1242 1176 capitis
1297 1093 1690 1160 discrimine.
1794 1091 2020 1160 Satius
2067 1102 2167 1158 est
2228 1101 2449 1158 autem
2514 1114 2554 1156 a

591 1200 751 1330 {iero
805 1188 1185 1245 accusatore
1198 1230 1215 1258 ‚
1270 1199 1466 1262 quam
1511 1201 1552 1244 a
1595 1180 2069 1245 calumniatore
2113 1178 2289 1243 trahi
2338 1179 2409 1244 in
2452 1179 2553 1243 iu-

661 1284 853 1330 cmm.

766 1349 1007 1417 Aliena
1061 1351 1282 1415 anima
1330 1348 1534 1437 abuti]
1605 1348 1989 1416 Secundum
2039 1370 2185 1416 eam
2241 1349 2552 1416 differen-

592 1435 776 1514 tiam,
821 1456 1018 1519 quam
1053 1436 1358 1501 Donatus
1384 1436 1758 1502 observavit
1788 1436 1855 1499 in
1890 1435 2308 1500 Phormione.
2367 1435 2552 1500 Abu-

593 1523 815 1601 timur,
860 1522 972 1600 ait,
1017 1543 1168 1587 cum
1209 1521 1455 1587 iniuria
1498 1530 1566 1586 et
1603 1521 2018 1588 contumelia.
2111 1519 2555 1600 Quemadmo-

594 1603 755 1672 dum
816 1607 1014 1671 etiam
1071 1607 1319 1691 accepit
1378 1606 1650 1674 Curtius
1704 1607 1813 1673 lib.
1860 1606 2087 1671 VIII:
2158 1608 2343 1691 Haec
2397 1626 2554 1689 ergo

594 1699 754 1759 sunt
806 1691 1248 1759 Macedonum
1300 1693 1620 1776 praemia,
1678 1713 1956 1775 quorum
2010 1704 2086 1758 ut
2147 1712 2552 1775 supervacuo

592 1785 662 1844 et
704 1778 1025 1845 vilissimo
1066 1778 1358 1845 abuteris
1402 1779 1742 1863 sanguine.

770 1863 1035 1929 Placido
1089 1864 1545 1946 tranquilloque
1585 1862 1748 1950 rem]
1803 1864 2143 1929 Hactenus
2198 1885 2551 1947 argumen-

590 1949 859 2014 tabatur
900 1950 970 2014 in
1016 1950 1195 2013 hunc
1238 1949 1537 2014 modum:
1585 1950 1785 2015 etiam
1830 1951 1886 2014 si
1921 1957 2250 2033 tyrannus
2287 1948 2550 2031 aliquod

640 2034 999 2100 raesidium
1042 2033 1285 2100 habeat
1327 2036 1398 2100 in
1441 2033 1831 2101 satellitibus
1875 2036 2164 2114 armatis,
2214 2055 2345 2098 non
2389 2034 2550 2099 satis

640 2141 862 2185 rmum
920 2141 1061 2186 esse
1116 2130 1184 2184 et
1225 2119 1553 2196 validum,
1612 2129 1839 2185 tamen
1882 2119 2054 2203 quod
2100 2120 2247 2185 odio
2290 2119 2550 2202 publico

591 2207 989 2272 vinceretur.
1091 2206 1155 2270 N
1157 2227 1289 2271 unc
1349 2208 1569 2291 arguit
1620 2204 1882 2271 nullum
1925 2206 2121 2271 etiam
2166 2207 2238 2270 in
2280 2207 2363 2269 iis
2407 2225 2549 2271 esse

589 2292 1015 2376 praesidium,
1059 2311 1300 2375 nempe
1342 2293 1454 2374 qui
1498 2290 1791 2358 custodia
1835 2292 1976 2356 eius
2018 2297 2396 2376 graventur.

770 2375 1301 2464 Sanquinarium]
1358 2377 1440 2441 Id
1497 2369 1600 2442 est
1652 2376 2015 2457 crudelem,
2083 2384 2151 2442 et
2212 2376 2550 2460 sanguinis

589 2469 1028 2547 appetentem.
1131 2463 1555 2546 Tranquillus
1614 2463 1702 2526 'in
1757 2461 2065 2528 Claudio:
2130 2460 2421 2528 Saevum
2485 2467 2554 2525 et

588 2549 1090 2633 sanguinarium
1135 2557 1377 2613 natura
1408 2549 1627 2629 fuisse,
1672 2567 1739 2611 m
1874 2548 1933 2613 is
1972 2548 2390 2630 minimisque
2435 2567 2549 2629 ap-

587 2636 811 2717 paruit
852 2635 1066 2700 rebus.
1157 2634 1420 2699 Plinius
1460 2634 1673 2717 Epist.
1827 2655 1874 2698 .:
1931 2634 2035 2699 De
2080 2633 2275 2698 huius
2319 2633 2548 2715 nequi-

588 2719 686 2784 tia
736 2719 1308 2804 sanguinariisque
1364 2719 1711 2785 sententiis
1775 2718 1846 2783 in
1913 2739 2257 2785 commune
2323 2739 2549 2783 omnes

591 2824 795 2886 super
837 2825 1107 2872 coenam
1160 2805 1611 2888 loquebantur.
1710 2802 1826 2888 Sic
1868 2803 2128 2869 Plinius
2180 2805 2389 2868 maior
2431 2822 2550 2867 vo-

591 2897 700 2954 cat
742 2891 1244 2974 sanguinarium
1279 2891 1621 2973 Tarquinii
1653 2909 2061 2972 responsum,
2107 2896 2174 2953 et
2213 2886 2387 2970 idem
2426 2886 2550 2953 Se-

589 2995 755 3040 neca
796 2974 962 3040 libro
996 2975 1123 3040 III.
1172 2975 1273 3040 de=
1297 2975 1427 3049 Ira,
1471 2976 1680 3041 feram
1717 2975 2227 3059 sanguinariam.
2295 2974 2550 3040 Eadem

590 3061 803 3126 forma
845 3061 1121 3127 Graecis
1159 3062 1482 3140 αἱματόεις,
1524 3067 1628 3124 καὶ
1669 3060 2030 3143 αἱματώδης,
2073 3066 2175 3123 καὶ
2210 3061 2547 3145 αἱματηρός.

588 3146 726 3211 Pro
770 3146 1008 3229 quibus
1051 3145 1427 3213 nominibus
1462 3147 1835 3212 Politianus
1876 3147 1947 3211 in
1982 3145 2360 3212 Herodiano
2394 3167 2547 3212 san-

588 3232 968 3317 guinarium
1012 3234 1233 3297 vertit.

1293 3523 1599 3590 CAPUT
1641 3524 1842 3591 XHI.

765 3660 914 3725 Non
954 3667 1162 3744 potest
1211 3657 1437 3726 babere
1489 3663 1828 3744 quisquam
1873 3661 2044 3742 fidae
2093 3682 2168 3727 ac
2219 3662 2410 3726 bonae
2449 3681 2547 3726 vo—

590 3747 856 3811 luntatis
892 3747 1237 3824 ministros,
1274 3747 1501 3828 quibus
1523 3749 1594 3811 in
1627 3749 1944 3813 tormentis
1976 3753 2032 3813 et
2058 3747 2309 3829 equuleo
2332 3752 2390 3812 et
2420 3747 2548 3829 fer-

584 3833 895 3897 ramentis
937 3833 1025 3897 ad
1067 3838 1322 3898 mortem
1366 3834 1631 3912 paratis
1669 3835 1889 3912 utitur,
1936 3833 2161 3915 quibus
2201 3852 2323 3896 non
2365 3833 2550 3898 aliter

587 3937 783 3999 quam
828 3917 1046 3983 bestiis
1077 3917 1355 3982 homines
1397 3918 1665 3998 obiectat,
1710 3919 1995 3985 omnibus
2034 3920 2165 3984 reis
2205 3920 2433 3984 noxior
2474 3938 2549 3983 ac

584 4003 950 4081 sollicitior,
1008 4008 1079 4066 ut
1130 4005 1244 4084 qui
1297 4003 1575 4069 homines
1626 4005 1887 4088 deosque
1930 4010 2108 4070 testes
2160 4024 2235 4070 ac
2271 4004 2550 4070 vindices

585 4088 949 4169 facinorum
993 4089 1222 4168 timeat,
1269 4108 1336 4152 eo
1367 4091 1728 4170 perductus,
1772 4097 1842 4155 ut
1881 4111 2004 4155 non
2043 4090 2224 4156 liceat
2265 4090 2367 4156 illi
2408 4109 2555 4155 mu-.

584 4178 723 4237 tare
769 4193 991 4237 mores.
1058 4174 1196 4238 Hoc
1238 4175 1403 4238 enim
1438 4177 1607 4246 ,inter
1649 4183 1888 4243 caetera
1918 4178 2018 4243 vel
2044 4178 2394 4258 pessimum
2436 4174 2548 4239 Ιια-

585 4259 681 4323 bet
720 4258 1078 4323 crudelitas.
1155 4259 1693 4327 Perseverandum
1727 4267 1832 4339 est,
1876 4283 1985 4328 nec
2016 4261 2104 4328 ad
2134 4262 2394 4327 meliora
2423 4282 2548 4342 pa-

583 4349 665 4409 tet
730 4364 1072 4427 reyressus.
1178 4345 1427 4411 Scelera
1489 4350 1656 4413 enim
1717 4349 2045 4414 sceleribus
2096 4348 2324 4413 tuenda
2380 4350 2543 4412 sunt.

591 4430 763 4511 Quid
807 4435 1016 4494 autem
1060 4451 1127 4496 eo
1169 4432 1503 4513 infelicius,
1546 4435 1652 4499 cui
1692 4436 1826 4500 iam
1866 4455 1997 4500 esse
2030 4432 2272 4500 malum
2312 4452 2550 4499 necesse

583 4515 723 4580 est?
825 4514 878 4581 O
928 4517 1348 4583 miserabilem
1394 4519 1606 4600 illum,
1652 4521 1777 4586 sibi
1829 4526 2009 4586 cene.-
2059 4540 2209 4584 nam
2254 4525 2398 4597 [pag.
2437 4523 2544 4595 91]

583 4602 845 4666 caeteris
903 4601 1189 4667 misereri
1244 4604 1381 4689 eius
1432 4606 1616 4688 nefas
1665 4607 1778 4686 sit,
1835 4607 1945 4688 qui
1999 4604 2290 4670 caedibus
2331 4625 2405 4669 ac
2445 4624 2551 4669 ra-

570 4687 758 4770 pinis
790 4688 1138 4768 potentiam
1183 4691 1473 4769 exercuit,
1517 4693 1629 4772 qui
1670 4696 1956 4774 suspecta
1998 4690 2122 4755 sibi
2164 4695 2381 4755 cuncta
2412 4691 2551 4755 red-

580 4772 752 4838 didit
806 4778 944 4838 tam
996 4779 1251 4838 externa
1308 4796 1503 4857 quam
1554 4777 1884 4842 domestica
1897 4801 1916 4840 .·
1969 4795 2158 4855 quum
2205 4796 2389 4841 arma
2428 4795 2552 4839 me-

580 4863 736 4937 tuat,
783 4859 875 4925 ad
914 4879 1100 4924 arma
1133 4860 1529 4944 confuyiens:
1559 4883 1685 4927 non
1718 4864 2067 4928 amicorum
2097 4860 2249 4942 fidei
2283 4863 2549 4940 credens,

578 4965 703 5008 non
747 4944 1091 5009 liberorum
1121 4947 1369 5026 pietati.
1466 4948 1591 5029 Qui
1631 4948 1742 5012 ubi
1783 4947 2220 5027 circum-spexit
2278 4967 2552 5029 quaeque

575 5030 743 5115 fecit,
772 5051 1076 5112 quaeque
1112 5033 1399 5113 tacturus
1443 5039 1561 5112 est,
1616 5038 1672 5098 et
1713 5032 2147 5098 conscientiam
2201 5054 2386 5098 suam
2417 5032 2552 5114 ple-

576 5136 730 5181 nam
771 5116 1120 5182 sceleribus
1173 5138 1246 5182 ac
1289 5119 1615 5182 tormentis
1666 5118 2027 5199 adaperuit,
2072 5137 2256 5199 saepe
2296 5122 2553 5183 mortem

574 5202 775 5283 timet,
846 5203 1108 5284 saepius
1149 5208 1343 5282 optat,
1400 5204 1671 5268 invisior
1722 5202 1849 5269 sibi
1889 5223 2080 5285 quam
2119 5202 2549 5269 servientibus.

2229 305 2358 371 DE
2403 302 2948 370 CLEMENTIA

4466 313 4579 374 100

2654 490 2725 557 Ε
2762 492 3072 557 contrario
3124 491 3185 556 is
3227 491 3331 556 cui
3370 511 3556 557 curae
3598 498 3745 558 sunt
3785 493 4081 558 universa
4098 541 4113 571 ,
4157 494 4267 574 qui
4306 514 4424 558 nou
4457 496 4583 561 alia

2653 577 2878 662 maqis,
2923 575 3060 642 alia
3101 577 3317 641 miuus
3355 581 3578 658 tuetur,
3613 578 3854 643 nullam
3884 598 4009 644 non
4041 577 4408 658 reipublicae
4435 601 4586 660 par-

2655 668 2772 727 tem
2813 668 3111 742 tanquam
3152 664 3256 727 sui
3299 663 3524 741 metrii,
3584 664 3920 729 inclinatus
3962 665 4049 728 ad
4089 665 4365 740 mitiora,
4406 667 4584 731 etiam

2655 750 2714 812 si
2757 770 2833 812 esc
2876 768 2996 811 usu
3042 754 3130 812 est
3181 749 3699 815 animadvertere.-
3756 750 4073 815 ostendens
4124 769 4314 829 quam
4365 750 4586 816 invitus

2658 853 2879 915 aspero
2921 831 3461 899 remediomianus
3501 834 3837 900 admoveat.
3898 834 3982 898 In
4024 837 4207 899 cuius
4250 836 4455 900 animo
4493 839 4585 901 ni-

2655 920 2746 984 hil
2788 919 3020 996 hostile,
3063 919 3226 982 nihil
3267 921 3522 1001 efferum
3554 926 3657 994 est.
3728 921 3850 1002 Qui
3871 923 4215 1001 potentiam
4246 941 4428 986 suam
4447 922 4588 1002 pla-

2656 1005 2788 1069 cide
2830 1025 2903 1068 ac
2944 1004 3309 1069 salutariter
3349 1011 3606 1083 exercet,
3654 1005 4000 1087 approbare
4042 1007 4313 1089 imperia
4353 1027 4470 1071 sua
4511 1009 4589 1073 ci—

2656 1089 2836 1154 vibus
2878 1092 3149 1171 cupiens.
3238 1089 3428 1156 Felix
3484 1091 3722 1157 abunde
3765 1092 3890 1156 sibi
3929 1093 4134 1172 visus,
4178 1093 4241 1157 si
4277 1092 4592 1174 fortunam

2656 1197 2838 1241 suam
2882 1176 3329 1257 publicaverit3
3380 1197 3652 1242 sermone
3702 1177 3983 1258 affabilis
4035 1197 4398 1259 accessuque
4442 1178 4592 1260 faci·

2657 1262 2756 1340 lis,
2801 1261 3009 1340 cultu,
3063 1263 3176 1343 qui
3228 1264 3502 1327 maxime
3531 1263 3799 1344 populos
3850 1263 4221 1343 demeretur,
4276 1264 4563 1330 amabilis
4572 1288 4593 1342 ,-

2657 1347 2876 1429 aequis
2929 1347 3266 1413 desideriis
3307 1367 3664 1429 propensus
3678 1398 3693 1426 ,
3748 1355 3807 1412 et
3860 1349 4100 1431 iniquis
4153 1348 4436 1414 acerbus.-
4487 1348 4593 1431 qui

2657 1454 2700 1497 a
2736 1438 2860 1496 tota
2901 1434 3145 1497 civitate
3188 1438 3459 1513 amatur,
3499 1434 3868 1515 defenditur,
3913 1435 4149 1500 colitur.
4237 1434 4481 1500 Eadem
4522 1436 4595 1501 de

2656 1519 2763 1583 illo
2826 1518 3104 1584 homines
3156 1524 3377 1583 secreto
3431 1520 3765 1601 loquuntur
3779 1569 3793 1598 ,
3838 1541 3999 1601 quae
4028 1521 4271 1602 palam.
4365 1520 4596 1586 Tollere

2653 1603 2821 1684 filios
2859 1605 3138 1686 cupiunt,
3182 1611 3238 1669 et
3268 1604 3546 1686 publicis
3575 1606 3771 1672 malis
3800 1606 4112 1670 sterilitas
4135 1606 4378 1671 indicta
4410 1606 4597 1671 reclu-

2655 1690 2844 1754 ditur.
2900 1689 3078 1755 Bene
3120 1709 3187 1754 se
3226 1692 3598 1755 meriuuum
3637 1691 3734 1782 dex
3754 1690 3968 1756 liberis
4008 1693 4147 1756 suis
4189 1693 4450 1773 quisque
4479 1712 4599 1757 non

2656 1775 2912 1853 dubitat,
2955 1775 3181 1857 quibus
3221 1776 3346 1842 tale
3383 1777 3698 1841 saeculum
3739 1777 4081 1842 ostenderit.
4139 1775 4272 1841 Hic
4300 1779 4600 1860 princeps

2655 1881 2769 1926 suo
2811 1860 3094 1940 beneficio
3136 1866 3336 1940 tutus,
3378 1861 3544 1927 nihil
3583 1862 3938 1946 praesidiis
3977 1867 4133 1946 eyet:
4187 1883 4377 1927 arma
4418 1883 4600 1928 orna-

2654 1949 2841 2011 menti
2883 1967 3079 2012 causa
3120 1946 3312 2011 habet.

2825 2074 2971 2139 Hoc
3046 2084 3243 2158 caput
3317 2083 3419 2140 est
3492 2098 3821 2141 annexum
3903 2076 4244 2158 superiori.
4361 2076 4605 2142 Reddit

2654 2160 2830 2224 enim
2883 2161 3201 2224 rationem
3258 2161 3397 2226 eius
3454 2161 3627 2244 quod
3679 2161 3960 2239 dixerat,
4016 2182 4150 2225 non
4206 2184 4401 2245 posse
4457 2164 4598 2227 fieri

2654 2245 2810 2328 quin
2886 2254 3246 2329 graventur
3316 2246 3664 2329 stipatores
3740 2247 3971 2312 acerbo
4038 2257 4104 2311 et
4179 2249 4607 2331 sanguinario

2653 2331 2963 2414 principe.
3065 2329 3304 2397 Subdit
3347 2354 3550 2410 nunc,
3610 2334 3765 2416 quia
3819 2332 4001 2397 nulla
4046 2340 4267 2415 potest
4310 2354 4454 2400 6666
4499 2354 4606 2399 eo-

2653 2438 2805 2482 rum
2847 2416 3009 2481 fides
3054 2425 3170 2483 aut
3214 2417 3693 2494 benevolentia,
3751 2439 3910 2501 quos
3954 2418 4235 2484 assiduis
4281 2419 4608 2498 caedibus,

2654 2502 3010 2567 bestiarum
3052 2524 3249 2582 more,
3295 2519 3571 2570 exercet.
3662 2502 3918 2568 Alludit
3958 2510 4177 2568 autem
4223 2503 4488 2571 Seneca
4529 2505 4611 2570 ad

2652 2608 2901 2653 morem
2945 2589 3290 2672 antiquum
3333 2590 3815 2668 Romanorum,
3867 2591 3977 2672 qui
4023 2590 4348 2672 supplicio
4391 2590 4612 2657 addic-

2654 2680 2754 2738 tos
2816 2679 2931 2737 aut
2994 2675 3149 2739 feris
3199 2673 3614 2753 obiiciebant,
3676 2682 3751 2739 ut
3815 2676 4111 2757 protinus
4170 2676 4612 2755 laniarentur,

2654 2765 2770 2824 aut
2812 2758 3131 2842 cogebant
3171 2773 3324 2827 cum
3366 2760 3523 2826 feris
3566 2760 3960 2844 depugnare.
4025 2762 4250 2844 Hique
4296 2764 4617 2846 postremi

2653 2843 2736 2909 ad
2778 2844 3020 2909 bestias
3063 2846 3477 2911 condemnati
3520 2845 3921 2912 dicebantur.
4011 2846 4121 2910 Illi
4163 2848 4461 2930 priores,
4507 2850 4615 2931 qui

2649 2930 2721 2995 in
2762 2943 3043 3081 nliortem
3085 2943 3625 3016 praesentaneam
3666 2930 4115 3012 tradebantur,
4162 2935 4381 3017 peiori
4426 2940 4619 3000 erant

2651 3038 2771 3083 con
2819 3017 3036 3083 itione.

2832 3102 3131 3170 Omnibus
3185 3107 3314 3170 reis
3358 3103 3608 3192 noxior]
3674 3102 3817 3185 Qui
3862 3126 4013 3170 reus
4076 3112 4179 3171 est
4236 3114 4309 3169 et
4352 3108 4618 3187 noxius,

2650 3209 2802 3254 eum
2853 3210 3106 3272 quoque
3160 3189 3513 3255 sollicitum
3579 3210 3721 3255 esse
3785 3198 4054 3274 oportet.
4159 3191 4347 3257 Nam
4413 3214 4622 3276 quum

2648 3295 2767 3359 per
2819 3295 2892 3340 se
2942 3275 3325 3342 meticulosa
3365 3296 3475 3341 res
3529 3277 3614 3340 sit
3666 3277 3764 3341 ire
3808 3276 3889 3341 ad
3932 3275 4254 3355 iudicem,
4309 3285 4462 3357 [pag.
4512 3284 4618 3355 92]

2650 3367 2728 3425 ut
2769 3361 2863 3424 ait
2903 3360 3182 3428 Plautus
3196 3413 3213 3441 ,
3275 3361 3835 3428 meticulosissima
3894 3369 3995 3427 est
4043 3382 4324 3428 oausam
4370 3366 4624 3447 capita—

2648 3446 2780 3512 lem
2820 3452 2887 3511 et
2928 3447 3172 3512 malam
3215 3448 3567 3527 sustinere,
3622 3450 3694 3512 in
3738 3470 3866 3531 qua
3909 3447 3989 3512 de
4033 3448 4252 3531 capite
4302 3458 4424 3515 tuo
4469 3470 4623 3516 sen-

2650 3533 2923 3598 tentiam
2968 3533 3328 3598 secundum
3374 3531 3826 3599 adversarium
3867 3532 4210 3598 ferendam
4248 3546 4623 3619 exspectes.

2650 3617 3185 3701 Comparativum
3238 3640 3479 3684 nomen
3539 3640 3666 3702 quo
3731 3641 3890 3684 usus
3960 3626 4061 3685 est
4114 3617 4417 3699 Seneca,
4489 3642 4627 3687 non

2609 3711 2866 3787 xpotest
2916 3705 3091 3787 exigi
3148 3704 3231 3769 ad
3286 3726 3699 3772 communem
3768 3705 4042 3770 aliorum
4101 3704 4433 3773 formam:
4505 3727 4629 3773 neo

2648 3798 2870 3854 tamen
2915 3797 3095 3855 caret
3136 3790 3452 3874 exemplo.
3541 3791 3819 3887 Plautus
3862 3793 3931 3855 in
3975 3790 4434 3858 Mostellaria:

2991 3890 3108 3959 Quo
3143 3909 3316 3962 neque
3351 3893 3645 3949 industrior
3678 3894 3745 3948 de
3780 3894 4056 3947 iuventute
4093 3904 4216 3947 erat

2990 3963 3123 4015 Arte
3159 3964 3504 4031 gymnastica.

2647 4046 2985 4112 Iuvenalis
3003 4064 3016 4108 ε

2854 4149 3117 4218 Ergegius
3155 4156 3365 4217 coenat,
3401 4149 3697 4216 meliusque
3733 4151 4060 4215 miserrimus
4095 4151 4322 4206 horum.

2650 4235 2878 4302 Cicero
2940 4236 3010 4299 in
3075 4237 3365 4300 oratione
3430 4257 3547 4318 pro
3601 4233 3816 4300 Domo
3872 4258 3991 4301 sua
4061 4235 4144 4301 ad
4217 4238 4632 4307 Pontifices:

2651 4319 2818 4402 Quis
2864 4320 3039 4405 apud
3074 4322 3389 4404 populum
3427 4341 3770 4385 romanum
3805 4321 3885 4386 de
3919 4320 4098 4387 illius
4134 4321 4487 4407 dignitate
4533 4330 4636 4393 in-

2652 4406 2983 4473 dustrius?
3031 4408 3174 4489 quis
3217 4406 3476 4472 senatui
3518 4407 3775 4488 saepius
3820 4406 4033 4471 dixit?

2836 4519 2914 4586 Ut
2953 4539 3075 4583 non
3116 4519 3300 4584 liceat
3342 4516 3445 4584 illi
3486 4523 3728 4583 mutare
3760 4515 3986 4604 mores]
4032 4518 4248 4585 Putat
4285 4525 4482 4588 enim
4518 4547 4641 4608 pa·

2651 4612 2864 4670 ratam
2908 4604 3032 4671 sibi
3072 4625 3215 4670 esse
3256 4603 3561 4668 ultimam
3603 4604 3959 4686 perniciem
4002 4612 4369 4687 tyrannus,
4420 4612 4483 4675 si
4530 4631 4639 4676 so-

2652 4691 2768 4755 lito
2816 4690 3170 4756 faciliorem
3223 4711 3294 4755 se
3349 4688 3671 4754 exhibeat.
3763 4687 4042 4773 Semper
4088 4691 4276 4756 enim
4339 4704 4643 4762 mortem

2653 4776 2852 4841 habet
2893 4796 3051 4858 prae
3103 4774 3337 4853 oculis,
3395 4795 3591 4856 quam
3649 4796 3779 4839 non
3832 4774 4043 4839 credit
4095 4796 4303 4859 posse
4363 4782 4641 4860 evitari,

2653 4863 2781 4926 nisi
2827 4863 2896 4928 vi
2940 4861 3267 4942 armisque
3309 4860 3744 4943 propulsetur.
3834 4860 3949 4927 Sic
3990 4861 4378 4945 animatus,
4431 4867 4646 4935 etiam

2658 4949 2714 5013 si
2759 4947 2941 5027 velit,
2997 4967 3132 5011 non
3187 4953 3411 5010 tamen
3454 4944 3651 5011 audet
3689 4946 4044 5029 quidquam
4090 4946 4172 5011 de
4223 4950 4444 5016 solita
4488 4974 4648 5018 cru-

2659 5032 2929 5097 delitate
2971 5032 3322 5096 remittere.
3411 5029 3569 5096 Ideo
3611 5032 3917 5098 Phalaris
3932 5083 3949 5111 ,
4003 5033 4077 5096 in
4129 5033 4447 5115 quadam
4504 5040 4650 5135 epi-

2660 5118 2842 5196 stola,
2895 5116 3320 5200 periculosius
3365 5117 3459 5181 ait
3499 5117 3820 5202 deponere
3875 5119 4341 5201 principatum
4358 5174 4376 5201 ,
4437 5145 4650 5207 quam

2660 5223 2992 5287 occupare.
3079 5202 3172 5268 Et
3212 5200 3572 5289 Dionysius
3624 5203 3879 5269 dicebat
3928 5223 4063 5269 non
4104 5223 4288 5285 equo
4338 5208 4653 5277 insiden-
