4984 5975
614 307 730 370 191

607 493 766 562 dum
808 505 1033 560 tamen
1074 491 1272 575 plena
1315 499 1382 557 et
1424 493 1711 575 perfecta
1752 491 1952 575 quies.
2026 488 2105 556 si
2143 489 2408 573 quidem
2451 510 2557 556 re-

651 581 939 646 uiesoere
982 577 1238 655 dicitur,
1282 578 1397 660 qui
1438 584 1539 642 est
1580 576 1692 643 ubi
1738 597 1882 642 esse
1926 577 2206 660 appetit:
2253 596 2375 642 nec
2417 597 2557 640 mo-

608 600 735 731 dus
788 664 1092 730 desiderii
1142 665 1346 728 finem
1399 662 1625 741 habet,
1679 661 1811 728 nisi
1865 682 1941 727 eo
1997 660 2376 746 pervenerit
2428 681 2558 745 quo

610 751 934 815 tendebat.
1024 746 1101 815 Si
1146 756 1369 813 autem
1422 747 1595 815 oculi
1649 747 2007 814 electorum
2051 745 2135 811 ad
2178 766 2557 829 supremam

606 836 737 901 Dei
779 834 1070 920 gloriam,
1112 833 1301 898 velut
1334 834 1418 899 ad
1453 854 1743 916 scopum,
1790 833 2144 911 collimant,
2191 853 2454 916 semper
2485 834 2560 897 in

607 942 806 987 cursu
860 928 961 986 est
1013 939 1243 983 eorum
1294 918 1721 997 desiderium,
1780 917 1987 984 donec
2039 918 2312 1002 impleta
2359 919 2560 984 fuerit

608 1007 737 1072 Dei
769 1007 1006 1092 gloria:
1039 1006 1146 1071 cui
1166 1005 1260 1069 im
1306 1004 1666 1070 lomentum
1689 1004 1885 1069 affert
1908 1005 2046 1069 dies
2068 1002 2312 1069 iudicii.
2371 1005 2559 1070 Tunc

608 1113 841 1158 verum
862 1093 991 1159 erit
1008 1090 1201 1155 illud:
1293 1090 1564 1168 atiabor,
1602 1112 1809 1174 quum
1835 1090 2252 1174 evigilavero,
2292 1097 2559 1173 aspectu

610 1178 834 1244 vultus
877 1179 975 1243 tui
1019 1175 1226 1259 (Psal.
1278 1180 1369 1256 17,
1416 1178 1542 1260 15).

779 1349 874 1416 Ut
917 1359 1139 1414 autem
1180 1348 1487 1432 reprobos
1531 1348 1928 1424 omittamus,
2016 1346 2210 1411 uibus
2249 1331 2411 1428 quid'
2451 1366 2557 1409 ac-

608 1436 789 1503 cidat
817 1455 950 1500 non
982 1453 1261 1518 magnac
1294 1453 1488 1498 curae
1519 1433 1708 1497 nobis
1740 1451 1884 1497 esse
1921 1430 2001 1495 de
2084 1438 2131 1508 t,
2156 1431 2359 1496 velim
2392 1431 2560 1496 mihi.

610 1522 781 1587 bona
804 1521 952 1586 'fide
984 1516 1441 1602 respondeant,
1487 1517 1666 1582 unde
1697 1517 1828 1582 illis
1862 1536 2013 1599 spes
2042 1516 2557 1595 resurrectionis,
2608 1533 2612 1548 ’

609 1608 741 1674 nisi
784 1607 938 1691 quia
961 1605 1270 1672 Christus
1314 1602 1722 1669 resurrexit?
1780 1602 1934 1685 Ipse
1978 1610 2080 1667 est
2106 1602 2285 1667 enim
2312 1602 2558 1686 primo-
2609 1635 2613 1648 =

2131 299 3058 368 PSYCHOPANNYCHIA
3070 352 3084 367 .

4489 304 4608 367 192

2660 490 2882 556 Deum
2897 541 2913 569 ,
2970 491 3084 573 qui
3125 489 3411 558 dedisset
3450 490 3653 556 talem
3697 495 4087 574 potestatem
4137 489 4530 556 hominibus.
4560 490 4611 575 ¹)

2660 575 2810 640 Hoc
2853 576 3144 658 profecto
3187 576 3352 641 vidit
3391 576 3712 661 cyrillus,
3758 578 3870 659 qui
3914 574 4252 641 nobiscum
4297 576 4370 640 in
4414 576 4614 642 huius

2659 660 2786 727 loci
2843 661 3273 743 explicatione
3327 663 3669 727 consentit.
3772 661 3999 742 Quum
4057 669 4275 727 autem
4332 659 4612 728 dicimus

2661 745 3036 825 Christum,
3080 757 3405 830 quatenus
3449 746 3644 812 homo
3687 755 3817 824 est,
3863 745 4104 811 habere
4143 747 4349 812 vitam
4394 749 4467 812 in
4510 769 4613 813 se-

2659 832 2957 914 metipso,
3001 854 3132 897 non
3172 834 3391 915 ipsum
3433 833 3556 897 sibi
3598 852 3862 898 causam
3905 853 4051 898 esse
4093 833 4268 898 vitae
4304 831 4610 899 dicimus:

2662 916 2777 983 sed
2816 918 2939 983 hoc
2983 927 3275 997 tantum,
3331 937 3595 982 omnem
3637 918 3815 983 vitae
3857 917 4340 1001 plenitudinem
4384 940 4424 984 a
4467 920 4613 984 Deo
4689 963 4696 974 ·

2660 1011 2849 1086 patre
2905 1003 3186 1068 effusam
3240 1024 3382 1069 esse
3437 1003 3509 1068 in
3565 1002 3908 1069 Christum
3963 1003 4313 1069 hominem.
4416 1003 4616 1086 Quod

2661 1089 2966 1153 familiari
3014 1087 3441 1155 similitudine
3482 1088 3753 1172 planum
3798 1089 3943 1153 fieri
3983 1096 4217 1172 potest.
4285 1090 4487 1169 Fons,
4527 1112 4614 1156 ex

2662 1196 2790 1257 quo
2833 1196 3060 1240 omnes
3103 1174 3448 1252 hauriunt,
3494 1195 3578 1239 ex
3621 1194 3750 1256 quo
3794 1172 3993 1239 rivuli
4038 1172 4346 1240 defluunt
4385 1184 4453 1242 et
4495 1176 4611 1242 de-

2660 1261 2980 1338 rivantur,
3020 1280 3258 1342 aquam
3295 1260 3365 1323 in
3398 1260 3748 1343 semetipso
3779 1260 4023 1325 habere
4057 1260 4323 1326 dicitur:
4348 1282 4470 1327 nec
4511 1270 4612 1327 ta-

2659 1367 2816 1410 men
2841 1367 2925 1410 ex
2967 1347 3336 1427 semetipso,
3371 1343 3482 1409 sed
3522 1366 3606 1410 ex
3650 1346 4069 1429 scaturigine,
4116 1365 4283 1428 quae
4325 1347 4422 1412 illi
4447 1349 4613 1413 assi-

2662 1431 2791 1496 due
2834 1432 3294 1496 subministrat
3334 1430 3510 1513 quod
3551 1439 3621 1496 et
3663 1432 3823 1496 rivis
3866 1431 4267 1509 labentibuS,
4323 1442 4393 1498 et
4447 1432 4611 1499 hau·

2663 1518 2983 1583 rientibus
3027 1516 3405 1581 hominibus
3449 1517 3751 1583 sufficere
3793 1517 4017 1599 possit.
4083 1518 4266 1600 Ergo
4303 1517 4612 1585 Christus

2662 1603 2863 1668 habet
2903 1604 3110 1669 vitam
3151 1603 3222 1667 in
3267 1602 3644 1683 semetipso,
3704 1601 3827 1667 hoc
3867 1611 3993 1680 est,
4043 1604 4213 1668 vitae
4256 1603 4611 1686 plenitudi-

608 1694 877 1780 genitus
915 1698 1345 1768 mortuorum,
1392 1698 1458 1755 et
1494 1688 1823 1773 primitiae
1856 1688 2341 1771 resurgentium
2384 1687 2555 1770 (Col.
2609 1713 2613 1754 ι
2662 1709 2847 1767 nem,
2905 1708 3034 1772 qua
3074 1695 3141 1752 et
3182 1688 3322 1769 ipse
3367 1687 3579 1765 vivat,
3636 1697 3705 1753 et
3743 1708 3899 1752 suos
3941 1688 4258 1754 vivificet:
4331 1711 4468 1754 non
4513 1700 4612 1755 ta-

508 1847 521 1854 ,
618 1785 671 1858 1,
714 1783 821 1858 18;
862 1778 1060 1861 Apoc.
1110 1782 1162 1853 l,
1203 1771 1295 1859 5).'
1360 1771 1930 1857 Quemadmodum
1971 1773 2083 1837 ille
2116 1783 2422 1839 mortuus
2456 1782 2560 1837 est

609 1875 679 1930 et
719 1864 1100 1941 resurrexit,
1144 1863 1239 1925 ita
1281 1881 1400 1927 nos
1444 1862 1516 1924 in
1559 1881 1636 1924 eo
1675 1860 1994 1924 morimur
2025 1880 2101 1926 ac
2132 1880 2285 1930 resn
2458 1881 2555 1923 us.

607 1949 688 2017 Si
733 1950 908 2015 enim
950 1970 1149 2024 mors,
1195 1947 1302 2014 eui
1338 1946 1606 2012 obnoxii
1637 1965 1917 2023 eramus,
1955 1880 2460 2011 vincendarffilm

609 2056 729 2120 per
749 2045 1047 2113 mortem,
1094 2031 1270 2098 haud
1303 2033 1498 2098 dubie
1528 2040 1809 2096 mortem
1845 2030 2119 2094 eandem
2142 2031 2343 2096 subiit
2363 2050 2562 2113 quam

610 2128 680 2186 et
722 2142 844 2185 nos
860 2172 874 2196 ‚
935 2127 1129 2201 atque
1180 2118 1357 2183 idem
1409 2119 1479 2182 in
1539 2123 1749 2181 morte
1801 2137 2036 2199 passus
2087 2124 2188 2181 est
2225 2115 2396 2198 quod
2440 2137 2560 2181 nos
2611 2163 2616 2172 .

2386 1945 2399 1958 “
2437 1945 2561 2009 fuit
2610 1933 2616 2040 ¹,
2665 1946 2760 2009 Et
2802 1966 3005 2027 quum
3049 1945 3119 2009 in
3164 1965 3251 2022 se,
3296 1952 3375 2008 ut
3415 1945 3618 2022 Deus,
3661 1943 3869 2009 vitam
3912 1943 4201 2023 haberet,
4249 1947 4362 2011 ubi
4406 1947 4613 2012 homi-

2663 1795 2815 1839 men
2853 1773 3053 1840 habet
3094 1794 3179 1837 ex
3233 1773 3578 1855 semetipso
3593 1824 3608 1851 ,
3666 1772 4215 1855 quemadmodum
4267 1777 4409 1858 ipse
4453 1776 4612 1841 alibi

2663 1866 2970 1938 testatur,
3014 1856 3189 1942 quod
3233 1858 3400 1922 vivit
3439 1867 3711 1943 propter
3751 1867 4012 1942 patrem
4057 1860 4313 1937 (Ioann.
4367 1867 4424 1936 6,
4477 1864 4608 1942 57).

2665 2052 2818 2096 nem
2863 2030 3248 2113 assumpsit,
3296 2027 3541 2094 donum
3581 2032 3828 2113 aceepit
3871 2028 3994 2095 hoc
4037 2052 4079 2095 a
4120 2040 4309 2113 patre
4323 2083 4338 2110 ,
4395 2039 4474 2097 ut
4517 2034 4615 2099 vi-

2665 2125 2804 2181 tam
2848 2137 2926 2181 ea
2969 2117 3167 2181 etiam
3201 2124 3389 2196 parte
3424 2115 3699 2181 haberet
3730 2116 3804 2180 in
3840 2117 4208 2199 semetipso.
4276 2117 4464 2185 Haec
4495 2140 4614 2185 no·

609 2207 917 2290 patimur.
1005 2203 1086 2269 Id
1128 2204 1404 2288 planum
1444 2204 1604 2267 facit
1644 2202 1908 2280 veritas,
1955 2222 2161 2285 quum
2197 2209 2390 2267 vocat
2423 2202 2561 2285 pri·
2612 2231 2616 2274 ι
2666 2203 2766 2268 bis
2811 2202 3243 2267 certissimam
3279 2199 3495 2265 ·fidem
3543 2202 3819 2280 faciunt,
3880 2200 4219 2266 Christum
4277 2204 4613 2288 exstingui

608 2293 1017 2376 mogenitum
1038 2297 1445 2355 mortuorum
1470 2297 1539 2353 et
1558 2289 1878 2371 primitias
1897 2288 2402 2372 resurgentium.
2437 2288 2562 2352 At-

608 2399 736 2527 aue
778 2379 873 2442 ita
915 2375 1153 2455 docuit,
1200 2382 1273 2440 ut
1313 2373 1541 2440 fideles
1584 2374 1657 2438 in
1696 2371 1912 2446 media
1944 2382 2154 2438 morte
2183 2375 2402 2456 ipsum
2435 2373 2560 2439 sibi

2612 2277 2618 2336 Ι
2666 2295 2877 2353 morte
2921 2307 3057 2352 non
3100 2286 3420 2370 potuisse,
3476 2286 3678 2350 etiam
3722 2285 4082 2352 secundum
4126 2288 4462 2354 hominem
4477 2341 4491 2365 ,
4550 2298 4617 2356 et

2612 2401 2617 2458 3
2667 2371 3044 2458 quanquam
3089 2392 3244 2438 vere
3302 2393 3378 2437 ac
3429 2372 3818 2437 naturaliter
3859 2373 3932 2437 in
3990 2383 4272 2439 mortem
4327 2374 4615 2456 traditus

653 2483 843 2530 uoem
874 2468 1267 2546 agnoscant:
1307 2471 1374 2525 et
1395 2458 1554 2525 dum
1573 2468 1856 2525 mortem
1893 2480 2084 2525 suam
2113 2460 2319 2542 ipsius
2350 2467 2562 2524 morte
2611 2477 2617 2544 Ι
2666 2466 2785 2538 est,
2829 2480 3028 2541 quam
3069 2477 3296 2524 omnes
3338 2458 3659 2537 subimuS,
3716 2457 3962 2523 donum
4014 2466 4236 2525 tamen
4290 2460 4458 2525 illud
4500 2482 4615 2545 pa-

609 2549 1083 2615 sanctificatam
1127 2547 1482 2629 aspiciunt,
1540 2545 1798 2609 nullam
1851 2545 1992 2609 eius
2031 2544 2559 2609 maledictionem
2611 2595 2616 2636 5
2667 2546 2787 2610 tris
2832 2565 3087 2625 semper
3131 2544 3495 2607 retinuisse.
3564 2542 3745 2607 Vera
3789 2565 3962 2609 mors
4006 2545 4156 2623 fuit,
4218 2548 4507 2630 corporis
4550 2553 4617 2612 et

607 2634 980 2700 formident.
1039 2631 1233 2714 Quod
1275 2633 1602 2716 significat
1635 2631 1902 2709 Paulus,
1950 2630 2108 2694 dum
2151 2631 2260 2709 ait,
2304 2630 2561 2694 confor-
2611 2661 2617 2712 2

586 2741 787 2786 ‚mem
832 2740 903 2785 se
946 2719 1091 2783 fieri
1136 2719 1332 2783 morti
1374 2719 1534 2794 eius,
1581 2716 1786 2781 donec
1828 2716 2171 2798 perveniat
2213 2715 2297 2779 ad
2341 2736 2561 2780 resur-
2610 2743 2618 2794 ῃ
2665 2735 2863 2797 quam

608 2807 968 2873 rectionem
999 2811 1407 2869 mortuorum
1443 2802 1647 2883 (Phil.
1687 2807 1744 2880 3,
1777 2802 1903 2884 11).
1969 2800 2166 2865 Hanc
2198 2801 2377 2864 enim
2407 2820 2560 2864 con-
2611 2799 2617 2820 '

610 2892 1007 2956 formitatem
1037 2889 1146 2954 hic
1176 2909 1298 2972 per
1328 2907 1590 2954 crucem
1625 2887 2000 2952 inchoatam
2031 2885 2561 2968 prosequebatur,

613 2976 817 3044 donec
840 2997 986 3042 eam
1008 2984 1221 3042 morte
1245 2972 1662 3056 adimpleret.
1709 2972 1904 3037 Nunc
1936 2971 2291 3055 paulisper,
2329 2991 2369 3034 o
2388 2990 2562 3037 som-

2667 2633 2922 2694 animae
2966 2629 3219 2693 solutio.
3289 2628 3658 2706 Caeterum,
3705 2630 3927 2694 anima
3960 2629 4166 2696 vitam
4210 2652 4398 2696 suam
4443 2655 4613 2698 nun·

2989 2712 3206 2790 rdidit‚
3251 2731 3418 2795 quae
3462 2713 3638 2795 patri
3682 2715 4136 2781 commendata
4181 2738 4312 2782 non
4356 2725 4616 2800 poterat

2665 2821 2800 2864 non
2844 2821 2876 2864 s
2943 2819 3027 2863 va
3070 2819 3231 2864 esse.
3300 2798 3380 2862 Id
3418 2797 3653 2863 volunt
3696 2798 3896 2865 verba
3940 2823 4023 2866 ex
4067 2803 4373 2869 concione
4408 2804 4612 2882 Petri,

2664 2885 2900 2968 quibus
2920 2885 3206 2952 affirmat
3226 2883 3627 2967 impossibile
3645 2885 3845 2950 fuisse
3864 2889 4073 2951 teneri
4091 2889 4307 2971 ipsum
4326 2909 4366 2953 a
4382 2901 4614 2970 morte,

2666 2979 2743 3036 ut
2785 2971 3113 3054 scriptura
3153 2970 3569 3053 impleretur:
3630 2969 3961 3053 Quoniam
4014 2996 4144 3039 non
4199 2973 4615 3059 derelinques

610 3065 915 3143 uiatores,
959 3061 1238 3127 redeatis
1272 3060 1356 3125 ad
1385 3079 1497 3123 cor
1517 3065 1585 3124 et
1604 3056 1943 3124 vobiscum
1974 3056 2291 3140 cogitetis,
2336 3076 2562 3138 quem·
2613 3050 2617 3095 ¹
2667 3058 2952 3123 animam
2995 3056 3224 3122 meam'
3256 3058 3328 3120 in
3371 3057 3645 3135 inferno,
3691 3079 3813 3124 nec
3857 3058 4042 3125 dabis
4086 3069 4388 3127 sanctum
4422 3068 4616 3128 tuum

613 3147 966 3215 admodum
1009 3146 1317 3213 Christus
1360 3154 1661 3209 mortuus
1713 3148 1829 3207 est.
1917 3142 2098 3207 Num
2154 3150 2311 3209 tuno
2365 3143 2564 3208 etiam
2611 3134 2619 3241 Ι
2667 3141 2892 3208 videre
2947 3144 3431 3225 corruptionem
3484 3142 3660 3228 (Act.
3703 3147 3760 3222 2,
3800 3145 3932 3229 27).
4021 3145 4105 3211 In
4148 3168 4279 3230 qua
4333 3147 4616 3231 prophe·

614 3233 994 3309 dormiebat,
1029 3254 1230 3316 quum
1252 3231 1561 3316 vigilaret
1592 3230 1666 3293 in
1701 3228 1987 3293 salutem
2010 3227 2340 3293 vestram?
2410 3228 2561 3294 Non

612 3320 707 3386 sic
750 3319 893 3404 ipse
935 3318 1017 3384 de
1060 3340 1131 3384 se
1175 3318 1490 3401 loquitur:
1553 3313 1771 3392 Sicut,
1830 3313 2076 3396 inquit,
2133 3321 2322 3395 pater
2363 3313 2566 3379 habet

611 3403 820 3472 vitam
860 3407 934 3471 in
977 3404 1355 3487 semetipso,
1409 3402 1501 3466 sic
1546 3398 1725 3465 dedit
1764 3399 1902 3464 filio
1952 3398 2195 3463 habere
2238 3400 2449 3464 vitam
2491 3401 2564 3465 in

613 3493 961 3575 semetipso
998 3490 1254 3573 (Ioann.
1281 3493 1340 3565 5,
1364 3491 1496 3567 26).
1569 3484 1705 3567 Qui
1745 3486 1815 3550 in
1859 3505 1930 3550 se
1964 3486 2101 3551 vim
2137 3485 2309 3550 vitae
2345 3485 2562 3565 habet,

613 3575 935 3661 quomodo
979 3596 1125 3641 eam
1167 3572 1511 3658 perderet?
1602 3571 1833 3653 Neque
1886 3570 2054 3635 mihi
2105 3569 2562 3654 respondeant,

612 3663 778 3731 haec
823 3660 909 3727 ad
949 3659 1359 3725 divinitatem
1405 3664 1717 3739 spectare.
1749 3660 1797 3741 ¹)
1886 3654 1963 3723 Si
2019 3657 2194 3721 enim
2251 3658 2312 3721 ei
2368 3655 2564 3723 datur

613 3750 724 3832 qui
767 3770 900 3814 non
942 3746 1172 3822 habet,
1219 3742 1469 3807 homini
1513 3742 1748 3826 igitur,
1796 3761 1929 3806 non
1972 3741 2148 3820 Deo,
2193 3740 2419 3807 datum
2463 3752 2566 3808 est

612 3835 682 3899 in
726 3855 797 3898 se
840 3832 1084 3897 habere
1116 3831 1340 3895 vitam.
1410 3826 1634 3908 Quum
1665 3828 1848 3892 enim
1879 3826 2068 3893 Iesus
2104 3826 2412 3894 Christus
2436 3831 2562 3897 Dei

611 3923 701 3984 sit
740 3917 948 3993 filius,
996 3923 1063 3981 et
1103 3914 1417 3981 hominis:
1467 3912 1639 3996 quod
1682 3924 1784 3979 est
1824 3921 2068 3977 natura
2111 3921 2187 3978 ut
2227 3914 2443 3992 Deus,
2495 3913 2564 3979 id

610 4010 714 4068 est
756 4003 970 4086 gratia
1011 4008 1091 4066 ut
1133 4001 1351 4066 homo.
1414 3999 1512 4065 Ut
1553 3999 1646 4065 sic
1688 3998 1771 4063 de
1802 3997 2210 4083 plenitudine
2246 4002 2388 4067 eius
2423 4023 2562 4066 om-

609 4109 728 4153 nes
771 4087 1183 4170 accipiamus,
1230 4094 1298 4151 et
1339 4086 1623 4168 gratiam
1658 4104 1777 4167 pro
1810 4086 2041 4168 gratia.
2110 4084 2309 4169 Apud
2341 4088 2563 4153 Deum

609 4175 817 4239 vitam
860 4192 1004 4238 esse
1046 4174 1103 4238 si
1147 4170 1420 4238 audiant
1461 4170 1793 4249 homines,
1849 4180 2167 4254 quantum
2224 4170 2376 4238 inde
2421 4174 2562 4257 spei

611 4259 1010 4341 concipiant:
1048 4278 1255 4342 quum
1287 4255 1486 4323 simul
1521 4257 1751 4335 sciant,
1798 4260 1917 4339 [fol.
1962 4263 2065 4339 14]
2111 4259 2390 4341 peccatis
2425 4261 2564 4326 suis

612 4343 856 4410 nubem
900 4344 1076 4410 inter
1118 4366 1189 4410 se
1232 4350 1299 4409 et
1342 4344 1557 4410 Deum
1612 4343 2018 4442 oppositam?
2108 4346 2202 4408 At
2244 4344 2407 4411 hace
2450 4343 2564 4411 de·

611 4450 1287 4581 &iffaffuffgeff
1268 4428 1715 4580 οιᾷῗῗὲἓὲἓέθ
1736 4437 1894 4598 3332.
1916 4428 2335 4582 ἒοᾙιὲιῗὲἓ
2351 4441 2566 4602 33.ῗῖ

615 4600 822 4683 (Psal.
862 4606 965 4678 45,
1003 4602 1101 4684 8):
1160 4599 1334 4686 quod
1387 4601 1530 4685 ipse
1574 4600 1879 4667 Christus
1922 4600 2117 4668 homo
2162 4604 2484 4687 acceperit
2526 4625 2567 4667 a

613 4693 806 4769 patre
848 4685 1021 4752 dona
1060 4688 1134 4752 in
1176 4687 1552 4753 hominibus
1609 4687 1814 4771 (Psal.
1856 4690 1956 4767 68,
2002 4689 2142 4774 19),
2203 4696 2283 4753 ut
2326 4689 2399 4753 in
2446 4710 2565 4755 na-

615 4778 769 4836 tura
810 4780 1040 4838 nostra
1080 4775 1285 4841 vitam
1338 4773 1627 4856 reperire
1682 4774 2022 4859 possimus.
2111 4773 2265 4855 Qua
2311 4776 2567 4840 ratione

612 4856 894 4941 legimus
938 4859 1200 4926 turbam
1240 4867 1391 4943 post
1432 4860 1821 4926 suscitatum
1851 4880 2133 4944 puerum
2168 4859 2568 4945 glorificasse

618 5030 765 5039 ——a—

2314 5150 2397 5214 09
2436 5149 2564 5216 suis,

758 5146 787 5199 1
851 5151 1177 5219 Augustinus
1221 5155 1298 5208 sie
1343 5154 1565 5222 accipit,
1615 5152 1713 5207 sed
1757 5153 1914 5206 nimis
1964 5152 2114 5207 dure.

615 5230 716 5269 om.
755 5215 784 5268 1
921 5233 1079 5289 seqq„
1111 5237 1222 5276 non
1255 5228 1437 5278 autem
1470 5220 1537 5277 G.

2667 3227 2789 3308 tia,
2845 3236 2922 3293 ut
2962 3227 3394 3294 concedamus
3449 3229 3735 3293 animam
3781 3228 3991 3295 vitam
4043 3253 4216 3312 esse,
4273 3232 4402 3298 duo
4454 3235 4620 3317 petit

2666 3323 2735 3381 et
2778 3324 3114 3398 exspectat
3154 3335 3193 3378 a
3247 3323 3434 3396 patre
3478 3313 3814 3380 Christus:
3869 3338 3955 3381 ne
4007 3324 4125 3382 aut
4165 3321 4375 3385 vitam
4427 3340 4618 3386 suam

2664 3403 2738 3465 in
2781 3399 3208 3484 perditionem
3254 3399 3540 3479 deserat,
3586 3408 3702 3466 aut
3743 3422 3816 3467 se
3857 3402 3930 3466 in
3975 3404 4463 3487 corruptionem
4505 3427 4617 3471 vc-

2669 3487 2812 3552 nire
2857 3489 3059 3553 sinat:
3118 3485 3289 3568 quod
3347 3484 3693 3569 impletum
3744 3495 3862 3553 est.
3962 3488 4135 3553 Nam
4193 3489 4415 3555 anima
4479 3492 4618 3557 eius

2668 3571 2899 3639 divina
2939 3572 3185 3637 virtute
3229 3572 3497 3638 suffulta
3540 3579 3670 3650 est,
3729 3594 3815 3638 ne
3868 3573 3941 3638 in
3983 3573 4423 3657 perditionem
4468 3598 4618 3642 rue-

2667 3667 2795 3725 ret:
2842 3666 2909 3723 et
2950 3679 3184 3740 corpus
3225 3658 3367 3724 eius
3409 3660 3479 3723 in
3524 3658 3820 3741 sepulcro
3864 3667 4200 3726 servatum
4244 3671 4344 3727 est
4386 3661 4472 3728 ad
4513 3684 4620 3729 re·

2667 3744 3155 3811 surrectionem.
3220 3744 3406 3810 Haec
3450 3746 3670 3809 omnia
3702 3766 3835 3810 uuo
3867 3747 4068 3811 verbo
4103 3747 4486 3830 complexus
4521 3756 4623 3816 est

2666 3831 2950 3909 Petrus,
2995 3851 3200 3912 quum
3259 3829 3456 3910 dixit,
3513 3850 3650 3895 non
3705 3829 3997 3913 potuisse
4052 3834 4259 3897 tenori
4313 3854 4353 3897 a
4407 3842 4622 3901 morte

2668 3916 3040 3994 Christum,
3095 3921 3486 4002 κρατεῖσθαι,
3540 3917 3666 3982 hoc
3708 3924 3835 3995 est,
3879 3918 4111 3983 mortis
4155 3918 4430 4002 imperio
4475 3941 4622 3987 suo-

2667 4003 2994 4082 cumbere,
3029 4010 3096 4067 et
3126 4003 3198 4067 in
3228 4002 3460 4069 mortis
3492 4008 3883 4086 potestatem
3905 4004 4148 4082 venire,
4186 4012 4306 4068 aut
4336 4026 4376 4070 a
4410 4015 4625 4072 morte

2667 4087 3153 4171 comprehendi.
3243 4087 3433 4170 Quod
3471 4096 3693 4154 autem
3729 4088 3968 4154 Petrus
4012 4088 4084 4153 in
4127 4089 4245 4154 illa
4288 4092 4623 4171 concione,

2667 4175 2908 4241 omissa
2941 4173 3384 4258 disputatione
3427 4172 3510 4239 de
3551 4175 3789 4252 anima,
3833 4175 4122 4257 corporis
4157 4174 4484 4242 duntaxat
4519 4178 4628 4244 in-

2669 4261 3153 4343 corruptionem
3198 4261 3638 4343 prosequitur:
3685 4257 3755 4323 id
3797 4259 3982 4335 facit,
4044 4274 4119 4325 ut
4167 4281 4287 4326 suo
4324 4263 4627 4346 ipsorum

2667 4348 3039 4413 testimonio
3082 4344 3363 4411 Iudaeos
3409 4347 3784 4423 convincat,
3829 4345 4001 4412 hanc
4036 4347 4456 4431 prophetiam
4489 4369 4627 4414 non

2667 4433 3003 4515 pertinere
3057 4431 3141 4496 ad
3182 4430 3509 4497 Davidem
3525 4482 3540 4509 ,
3600 4431 3786 4496 cuius
3842 4431 4220 4514 sepulcrum
4276 4433 4456 4516 apud
4513 4456 4626 4501 eos

2670 4518 2990 4596 exstabat,
3035 4518 3223 4584 cuius
3267 4517 3548 4583 cadaver
3577 4525 3902 4582 noverant
3929 4517 4002 4582 in
4035 4517 4456 4601 putredinem
4491 4521 4628 4587 col-

2668 4603 2948 4686 lapsum‚
2993 4624 3197 4686 quum
3231 4602 3501 4667 Domini
3534 4601 3744 4666 nostri
3779 4604 4325 4670 resurrectionem
4362 4609 4484 4685 [fol.
4516 4611 4626 4687 15]

2670 4687 2998 4773 abnegare
3039 4709 3172 4754 non
3214 4694 3500 4770 possent.
3589 4685 3904 4752 Praebuit
3945 4697 4014 4755 et
4047 4689 4242 4755 ‘nobis
4287 4690 4474 4756 aliud
4518 4714 4627 4758 ar-

2670 4782 3059 4858 gumentum
3087 4772 3598 4838 immortalitatis
3639 4773 3896 4838 animae
3929 4796 4105 4853 suae,
4150 4796 4355 4859 quum
4390 4776 4632 4844 Ionam

2670 4858 2891 4926 triduo
2932 4859 3316 4927 immersum
3358 4859 3429 4922 in
3464 4866 3693 4925 ventre
3736 4857 3864 4924 ceti
3904 4862 4134 4927 mortis
4183 4882 4342 4927 suae
4386 4870 4634 4948 typum

2671 4946 3040 5011 constituit:
3080 4943 3173 5008 sic
3208 4944 3386 5008 enim
3421 4964 3492 5010 se
3524 4944 3822 5009 futurum
3856 4945 3929 5010 in
3959 4953 4190 5013 ventre
4227 4952 4467 5029 terra‘e,
4507 4950 4632 5016 tri-

2811 5215 2871 5280 1)
2910 5215 3172 5270 Iun-vim
3204 5215 3419 5272 υἱάσιν
3459 5216 3657 5273 Mam».
3694 5218 3745 5285 9,
3781 5216 3817 5273 8
3850 5225 3900 5275 et
3933 5219 4071 5275 Luc.
4109 5218 4158 5288 7,
4196 5219 4280 5274 16.
