4984 5975
651 334 777 396 287

642 539 841 587 eurus
885 517 1141 583 audias:
1189 516 1320 579 iam
1363 535 1676 579 converso
1711 510 1796 578 ad
1840 521 1906 577 te
1929 532 2248 590 sermone,
2295 510 2600 593 experiar

648 626 811 671 num
853 603 1092 687 aliquis
1125 600 1341 666 adhuc
1382 599 1457 664 in
1498 606 1566 664 te
1609 596 1896 664 resideat
1929 596 2058 664 Dei
2100 598 2316 674 timor,
2363 617 2489 679 quo
2534 603 2600 660 te

644 690 804 757 olim
857 708 992 753 non
1048 686 1313 771 penitus
1366 705 1650 751 vacuum
1689 703 1833 749 esse
1874 684 2070 749 sensi.
2136 680 2331 748 Istud
2360 689 2598 746 ‘tamen

646 772 1129 842 dissimnlatum
1184 771 1304 839 tibi
1358 771 1535 852 nolo,
1587 770 1814 835 mirari
1858 789 1965 834 me
2008 789 2142 835 non
2186 768 2344 832 satis
2386 787 2595 851 posse,

644 859 853 945 qualis
896 861 985 925 sit
1024 858 1137 923 ille
1173 865 1326 923 tuus
1349 865 1597 941 stupor,
1641 864 1719 922 ut
1751 876 1957 939 quum
1984 861 2084 920 tot
2115 854 2392 918 Domini
2425 851 2598 918 iudi-

644 947 761 1012 ciis
783 965 860 1010 ac
885 946 1034 1011 telis
1068 943 1374 1010 letalibus
1398 944 1818 1027 configantur
1838 941 2062 1026 ignavi
2097 947 2411 1023 pastores,
2448 937 2598 1003 nul-

643 1033 784 1098 lum
817 1052 1048 1096 eorum
1082 1031 1154 1094 in
1184 1036 1253 1094 te
1280 1028 1474 1113 dirigi
1510 1028 1785 1093 sentias:
1836 1046 2041 1111 quum
2061 1025 2160 1090 illi
2189 1033 2431 1104 tamen,
2471 1024 2600 1088 nisi

730 1140 763 1183 r
796 1124 986 1182 tuum
1020 1116 1215 1194 latus,
1242 1114 1579 1181 vulnerari
1604 1134 1737 1178 non
1758 1114 2029 1198 possint.
2086 1108 2266 1192 Quid
2299 1109 2518 1176 enim?
2549 1111 2598 1194 ¹)

705 1209 1006 1287 ostquam
1049 1202 1335 1285 episcopi
1378 1208 1447 1265 et
1487 1221 1730 1265 nomen
1769 1206 1838 1264 et
1879 1197 2095 1262 locum
2139 1204 2342 1276 tenes,
2379 1196 2602 1261 omnia

642 1311 763 1375 pro
817 1289 1101 1373 episcopi
1150 1288 1292 1351 iure
1332 1307 1408 1353 ac
1449 1293 1772 1371 potestate
1814 1283 2232 1349 administras
2246 1334 2263 1362 ,
2303 1282 2600 1347 omnium

644 1376 718 1442 in
760 1383 828 1440 te
876 1374 1146 1441 coniecti
1190 1379 1346 1438 sunt
1388 1372 1589 1451 oculi,
1639 1371 1822 1437 volut
1854 1371 1926 1434 in
1968 1369 2307 1453 religionis
2344 1367 2600 1433 antisti-

645 1471 784 1526 tem
800 1512 817 1540 ,
873 1458 1073 1525 fidem
1115 1458 1425 1524 ecclesiae
1475 1465 1657 1523 tuam
1715 1456 2050 1540 obligasti:
2118 1474 2274 1537 quo,
2340 1473 2597 1536 quaeso,

645 1555 995 1633 praetextu
1050 1545 1336 1610 officium
1387 1544 1607 1627 ipsum
1650 1543 1767 1608 abs
1808 1551 1874 1606 te
1918 1539 2212 1606 reiicies‘?
2260 1541 2364 1604 Tu
2377 1590 2393 1618 ,
2437 1537 2599 1602 dum

646 1642 838 1697 tuum
881 1628 1292 1696 commodum
1308 1680 1324 1708 ,
1372 1629 1530 1693 dum
1574 1636 1881 1711 potestaS,
1924 1625 2084 1692 dum
2119 1625 2594 1709 praerogativa,

646 1718 808 1783 dum
863 1716 1148 1801 dignitas
1191 1716 1416 1800 agitur
1429 1766 1445 1794 ,
1492 1715 1836 1798 episcopus
1877 1714 2143 1797 agnosci
2186 1711 2396 1777 voles:
2438 1709 2598 1774 dum

647 1805 764 1870 abs
815 1812 880 1869 te
923 1803 1241 1886 exigitur,
1301 1809 1375 1866 ut
1429 1799 1603 1884 quod
1655 1799 1950 1865 muneris
2004 1806 2103 1863 est
2156 1799 2254 1862 tui
2308 1796 2598 1878 vicissim

645 1898 968 1973 praestes,
1014 1888 1231 1971 episco
1278 1908 1395 1951 um
1453 1907 1595 1951 esse
1648 1896 1713 1951 te
1764 1883 2079 1969 negabis?
2148 1882 2301 1948 Noli
2341 1888 2596 1965 putare,

646 1996 688 2040 o
734 1975 903 2040 bone
955 1975 1062 2038 vir
1075 2023 1091 2051 ,
1156 1993 1235 2037 ve
1303 1972 1546 2038 talibus
1600 1970 1866 2054 ineptiis
1908 1970 2127 2035 Deum
2171 1989 2450 2052 quocum
2494 1967 2602 2033 hic

646 2060 766 2127 tibi
809 2058 1151 2143 negotium
1186 2065 1304 2137 est,
1342 2057 1693 2124 ludificari:
1737 2068 1855 2122 aut
1887 2054 2127 2121 talibus
2161 2053 2418 2121 cavillis
2451 2074 2601 2118 ver-

646 2148 809 2213 bum
860 2147 1001 2211 eius
1059 2143 1237 2209 eludi
1288 2164 1510 2227 posse,
1563 2142 1824 2227 quando
1867 2162 1952 2207 ne
1994 2141 2294 2206 homines
2376 2138 2600 2205 uidem

646 2233 845 2297 istam
885 2232 960 2296 in
1001 2239 1288 2315 tyranno
1330 2229 1697 2295 barbariem
1741 2229 2006 2306 ferrent,
2053 2228 2109 2293 si
2153 2224 2357 2292 roden
2482 2245 2600 2307 po-

649 2317 806 2401 pulo
858 2316 1220 2399 principem
1275 2337 1346 2381 se
1386 2336 1528 2382 esse
1583 2314 2016 2400 praedicaret,
2071 2310 2358 2396 regendo
2396 2331 2599 2395 nega-

647 2410 767 2469 ret.
836 2403 929 2466 Et
968 2409 1193 2467 tamen
1235 2399 1427 2467 audio
1471 2400 1587 2467 abs
1631 2408 1714 2480 te,
1754 2401 1980 2484 tuique
2022 2399 2272 2465 ordinis
2315 2396 2600 2462 homini-

646 2488 798 2567 bus,
858 2508 1053 2555 voces
1107 2487 1270 2553 istas
1325 2485 1601 2553 subinde
1656 2487 1920 2553 iactari:
1982 2483 2374 2563 sacerdotia,
2430 2503 2600 2566 quae

648 2576 772 2641 sub
837 2575 1289 2658 episcoporum
1354 2574 1548 2639 titulo
1627 2573 1854 2657 geritis
1867 2623 1883 2651 ,
1948 2571 2121 2636 nihil
2172 2590 2319 2636 esse
2380 2568 2600 2633 minus

649 2680 844 2745 quam
901 2661 1346 2742 episcopatus:
1406 2659 1520 2725 sed
1572 2657 1865 2723 dominia
1915 2657 2131 2741 potius
2146 2707 2161 2734 ,
2221 2662 2336 2720 aut
2376 2653 2602 2720 civiles

648 2746 1125 2828 praefecturas,
1184 2754 1301 2810 aut
1364 2745 1752 2810 honorarias
1816 2743 2164 2825 pensiones
2177 2793 2192 2818 ,
2251 2748 2368 2805 aut
2422 2738 2603 2804 aliud

651 2830 937 2913 quidvis,
998 2830 1187 2894 modo
1231 2852 1316 2895 ne
1369 2831 1783 2912 episcopatus
1825 2835 2236 2894 censeantur.
2310 2827 2422 2891 An
2466 2844 2602 2889 non

651 2914 775 2981 hoc
819 2925 921 2981 est
963 2916 1182 2980 Deum
1227 2914 1424 2981 simul
1467 2926 1533 2979 et
1567 2915 1866 2980 homines
1903 2912 2073 2979 velle
2107 2910 2374 2978 fallere?
2422 2908 2602 2992 Quo-

653 3003 832 3068 niam
887 3002 1270 3066 institutum
1313 3000 1586 3065 Domini
1629 3009 1729 3066 est
1742 3051 1759 3078 ,
1814 3007 1892 3063 ut
1934 2999 2263 3084 eligantur
2277 3048 2293 3076 ,
2350 2997 2464 3079 qui
2506 3017 2605 3061 ec-

653 3087 870 3153 clesiis
922 3086 1244 3168 praesint,
1301 3095 1614 3167 pastores.
1690 3085 1837 3151 Hoc
1892 3084 2165 3150 obtentu
2218 3082 2491 3148 allectus
2534 3101 2606 3146 es

655 3173 727 3238 in
771 3192 936 3247 eam,
980 3191 1175 3252 quam
1210 3171 1465 3237 obtines
1501 3170 1909 3255 dignitatem,
1954 3169 2422 3252 qualiscunque
2456 3176 2606 3232 tan-

657 3257 808 3322 dem
861 3257 948 3321 sit
962 3307 977 3333 ,
1036 3263 1152 3320 aut
1203 3276 1590 3341 quocunque
1656 3264 1928 3323 vocetur
1983 3256 2278 3320 nomine:
2337 3275 2475 3319 non
2529 3259 2608 3338 ut

656 3343 1013 3425 satrapiam
1050 3341 1422 3423 invaderes,
1469 3342 1583 3408 sed
1626 3351 1702 3409 ut
1744 3342 2053 3411 ecclesiae
2094 3339 2605 3408 administratio-

657 3449 812 3495 nem
864 3428 1079 3493 obires
1092 3477 1108 3506 ,
1166 3428 1402 3511 arripis
1444 3428 1880 3495 conditionem
1894 3480 1911 3507 ,
1967 3430 2268 3495 invocato
2311 3426 2441 3492 Dei
2480 3445 2602 3492 no-

654 3515 849 3593 mine,
894 3514 1074 3579 iuras
1114 3514 1185 3578 in
1227 3513 1418 3597 probi
1460 3516 1795 3598 sanctique
1834 3514 2114 3598 pastoris
2156 3534 2415 3578 munus.
2503 3510 2608 3576 Ea

655 3621 822 3684 quae
865 3607 1020 3666 sunt
1063 3599 1405 3683 dignitatis
1446 3622 1568 3684 pro
1611 3602 1911 3685 episcopo
1955 3601 2157 3685 geris:
2210 3606 2277 3663 et
2318 3618 2445 3681 quo
2487 3617 2605 3679 po-

655 3685 887 3770 pulum
937 3684 1182 3753 habeas
1238 3686 1728 3770 obsequentem,
1785 3708 2025 3752 nomen
2076 3686 2359 3769 libenter
2414 3704 2604 3767 prae-

652 3773 813 3849 fers,
869 3779 1080 3837 totum
1129 3772 1455 3871 populum
1507 3773 1580 3837 in
1623 3781 1718 3851 te,
1774 3774 1962 3856 quasi
2007 3773 2151 3837 viae
2196 3771 2603 3847 directorem,

653 3858 972 3924 reclinare
989 3908 1005 3936 ,
1051 3866 1423 3941 reiectaque
1468 3858 1551 3923 ad
1596 3867 1779 3924 tuam
1821 3857 2306 3942 providentiam
2341 3854 2605 3939 religio-

653 3944 757 4008 nis
800 3962 985 4018 cura,
1048 3964 1354 4009 securum
1407 3965 1550 4010 esse
1602 3945 1866 4028 pateris.
1952 3943 2061 4009 Ita
2102 3945 2245 4008 Deo
2288 3950 2357 4008 et
2393 3942 2606 4007 homi-

652 4028 851 4093 nibus
890 4028 1258 4106 obstrictus,
1303 4029 1475 4094 nihil
1516 4038 1633 4096 tua
1675 4031 1918 4096 referre
1960 4029 2251 4114 nugaris,
2296 4029 2355 4095 si
2387 4029 2608 4094 omnia

653 4133 923 4197 pessum
966 4121 1136 4189 eant,
1181 4135 1462 4196 quorum
1503 4117 1576 4181 in
1619 4123 1684 4182 te
1727 4117 2249 4198 procurationem
2284 4113 2605 4196 recepisti.

653 4197 983 4282 Equidem
1038 4199 1094 4262 si
1149 4220 1254 4263 me
1305 4200 1702 4286 interroges,
1759 4222 1887 4284 quo
1932 4211 1996 4267 te
2038 4202 2180 4268 loco
2223 4207 2340 4265 aut
2381 4199 2608 4264 ordine

558 4364 569 4375 ⁹
656 4284 964 4361 habeam,
1023 4283 1281 4365 quidvis
1335 4287 1551 4368 potius
1614 4309 1757 4353 esse
1821 4298 1917 4366 te,
1979 4308 2175 4371 quam
2228 4287 2607 4370 episcopum

656 4368 1091 4453 respondebo:
1138 4372 1288 4448 [pag.
1327 4376 1433 4451 54]
1478 4374 1549 4438 in
1593 4394 1720 4457 quo
1760 4393 1848 4438 ne
1891 4372 2420 4439 obscurissimam
2463 4372 2609 4454 qui-

659 4456 809 4520 dem
850 4455 1093 4519 lineam
1133 4466 1393 4521 exstare
1434 4460 1800 4542 conspicer,
1861 4479 2028 4543 quae
2071 4461 2449 4542 episcopum
2489 4457 2610 4522 ali-

701 4563 789 4606 ua
831 4540 1063 4605 saltem
1088 4561 1172 4605 ex
1198 4550 1386 4624 parte
1416 4544 1677 4628 figuret.
1735 4545 1831 4611 At
1853 4566 1983 4610 non
2005 4552 2351 4627 propterea
2375 4543 2611 4609 debere

657 4564 870 4692 desim‘
852 4627 922 4704 ’s,
968 4624 1143 4709 quod
1167 4646 1255 4705 ee,
1292 4627 1437 4693 Deo
1474 4637 1641 4696 teste
1684 4640 1752 4696 et
1794 4630 2188 4709 hominibus,
2236 4637 2350 4695 aut
2373 4631 2613 4707 verius,

658 4711 809 4778 Deo
842 4711 1039 4778 simul
1063 4718 1131 4777 et
1163 4712 1560 4795 hominibus,
1598 4723 2010 4782 sacramento
2040 4716 2393 4799 pollicitus:
2439 4715 2611 4799 quod

660 4797 1024 4882 exspectari
1067 4799 1182 4865 abs
1226 4807 1293 4864 te
1336 4798 1676 4866 hominum
1721 4802 2026 4885 opinione
2070 4800 2283 4868 vides:
2331 4800 2611 4884 denique

661 4883 833 4967 quod
885 4892 999 4949 tuo
1051 4885 1313 4951 nomine
1367 4888 1710 4968 profiteris.
1801 4887 1996 4969 Quod
2050 4890 2339 4971 profecto
2392 4888 2613 4971 ipsum

798 5036 861 5104 1)
915 5038 989 5093 In
1033 5039 1133 5094 hoe
1177 5045 1437 5094 commate
1480 5041 1698 5109 z‘nterpu
1772 5042 1913 5097 endo
1964 5042 2253 5097 editionem
2301 5042 2610 5110 principun

660 5113 711 5162 et
744 5111 1042 5162 versionem
1072 5108 1331 5178 qallicam
1367 5110 1657 5189 sequamur.
1697 5057 1822 5165 'Za
1862 5108 1999 5165 1550
2033 5113 2251 5167 scribit:
2288 5109 2426 5175 Quid
2451 5111 2609 5177 enim,

662 5182 950 5258 postquam
985 5218 997 5230 .
1035 5216 1048 5231 .
1083 5217 1095 5230 .
1132 5218 1145 5259 :
1180 5178 1375 5257 tenes?
1426 5193 1605 5231 omma
1638 5184 1731 5233 etc.
1805 5178 2151 5235 Recentiores
2198 5194 2381 5261 omnes
2425 5179 2612 5232 minue

663 5261 788 5301 vere
817 5251 1011 5300 mam.-
1044 5244 1183 5313 Quid
1220 5260 1376 5313 emm,
1413 5252 1701 5315 postquam
1738 5288 1752 5302 .
1786 5287 1798 5300 .
1838 5289 1850 5303 .
1887 5289 1901 5302 .
1935 5251 2129 5304 tenes?
2186 5247 2376 5302 Omma
2409 5254 2504 5302 ete.

2357 319 2824 390 EPISTOLA
2865 322 2957 388 Π.

4528 321 4648 385 288

2702 511 3025 611 sacrilegii
3077 522 3140 575 te
3192 531 3380 610 reum
3423 511 3590 596 agit:
3646 509 4174 594 quandoquidem
4213 530 4333 611 pre
4375 506 4645 574 Domini

2701 596 4646 765 3:213onffisssgeaopffipasmopgeoqmmgbffmpestrxgffi

2700 768 2832 834 illis
2863 765 3512 853 tergiversationibus
3547 767 3769 833 valere
3809 769 4023 846 iussis,
4068 789 4248 834 nunc
4291 775 4357 831 te
4393 765 4645 850 appello

2702 864 2771 920 et
2822 856 3108 920 obtestor
3164 851 3529 937 praesidem
3586 853 3950 938 religionis,
4009 874 4208 937 quam
4259 850 4542 918 fideliter
4585 863 4648 920 et

2702 941 2975 1007 sollicite
3041 940 3115 1005 in
3178 939 3625 1022 componenda
3686 937 4273 1023 constituendaque
4337 938 4647 1023 religione

2701 1027 2987 1092 labores:
3042 1026 3276 1090 ducem
3316 1045 3392 1090 ac
3433 1024 3911 1091 moderatorem
3965 1024 4216 1109 populi,
4261 1033 4511 1109 quanta
4550 1047 4647 1092 se-

2703 1113 2981 1178 dulitate
3037 1110 3345 1178 curandis
3400 1111 3620 1194 populi
3675 1112 3870 1177 rebus
3924 1111 4250 1196 invigiles.
4319 1108 4395 1177 Si
4438 1119 4504 1176 te
4549 1113 4647 1176 vi-

2702 1197 2898 1264 dente
2943 1206 3011 1263 et
3054 1197 3449 1264 connivente
3492 1195 3847 1280 proscindi,
3893 1198 4292 1276 conculcari,
4338 1200 4647 1262 contami-

2700 1284 2880 1363 nari,
2941 1284 3151 1349 everti
3194 1281 3474 1367 denique
3523 1290 3733 1348 totam
3774 1283 3904 1349 Dei
3951 1283 4369 1367 religionem:
4426 1285 4481 1348 si
4535 1305 4649 1367 po-

2701 1369 2935 1454 pulum
2967 1370 3205 1436 misere
3240 1369 3700 1444 circumscribi,
3736 1369 4073 1435 fraudibus
4112 1369 4375 1448 irretiri,
4410 1370 4483 1434 in
4517 1372 4648 1435 rui-

2702 1479 2859 1521 nam
2914 1455 3332 1538 praecipitari
3385 1452 3686 1520 ostendo:
3743 1454 4005 1538 qualem
4058 1456 4191 1519 iam
4233 1462 4647 1539 praetextum

2703 1544 2939 1607 afferre
2993 1541 3232 1625 possis,
3293 1542 3406 1625 qui
3467 1541 3577 1605 vel
3627 1539 3713 1605 ad
3765 1541 4111 1605 minimam
4163 1543 4647 1607 excusationem

2701 1626 2964 1694 valeat?
3033 1625 3212 1708 Quid
3247 1626 3420 1710 quod
3465 1648 3600 1691 non
3642 1628 3953 1693 connives
3994 1625 4205 1706 modo,
4252 1627 4368 1693 sed
4413 1626 4646 1692 talibus

2703 1734 2957 1798 quoque
3000 1713 3267 1797 flagitiis
3312 1720 3378 1777 te
3410 1713 3633 1795 ipsum
3673 1712 4017 1779 inscribis?
4065 1735 4186 1779 nec
4228 1711 4506 1778 tacendo
4549 1735 4648 1778 so-

2702 1801 2841 1864 lum
2884 1807 2952 1864 et
3010 1797 3485 1865 dissimulando
3553 1797 3832 1864 verbum
3886 1798 4334 1882 populumque
4379 1797 4647 1863 Domini

2703 1885 2926 1970 prodis
2939 1936 2955 1964 ,
3013 1884 3127 1950 sed
3169 1906 3373 1949 manu
3426 1884 3568 1967 ipse
3612 1891 3731 1949 tua
3773 1893 3841 1949 et
3891 1884 4241 1950 labefactas
4286 1886 4647 1964 veritatem,

2703 1979 2771 2036 et
2821 1971 3135 2055 populum
3188 1968 3495 2036 trucidas.
3571 1970 3718 2036 Hoc
3761 1971 3937 2036 enim
3993 1992 4127 2035 non
4165 1980 4267 2036 est
4309 1968 4483 2053 quod
4533 1992 4648 2036 ne·

2832 2079 2845 2122 :
2908 2067 3173 2122 eentum
3210 2056 3537 2120 furtorum
3578 2076 3852 2140 genera,
3909 2056 4143 2139 quibus
4188 2055 4469 2140 simplex
4512 2055 4648 2140 ple-

2820 2143 2932 2208 ula
2972 2141 3329 2225 expilatur:
3373 2140 3554 2206 mille
3597 2142 4085 2226 sacrilegiorum
4118 2142 4385 2221 formas,
4421 2142 4647 2225 quibus

2705 2239 2773 2294 et
2814 2249 3056 2293 nomen
3099 2228 3225 2293 Dei
3279 2228 3668 2310 profanatur
3721 2235 3787 2293 et
3844 2228 4199 2311 dissipatur
4252 2229 4527 2294 veritas:
4581 2229 4647 2293 in

2704 2336 2982 2393 summa,
3027 2311 3347 2399 quidquid
3387 2334 3595 2396 paene
3638 2313 3994 2397 impietatis
4037 2322 4106 2380 et
4149 2314 4646 2380 abominationis

2703 2400 2904 2468 habet
2957 2408 3076 2466 tua
3133 2398 3476 2478 dioecesis,
3533 2408 3599 2464 et
3662 2420 3898 2465 manus
3961 2410 4113 2465 tuae
4177 2398 4645 2484 subscriptione

2703 2487 3064 2640 {gpiperobata
3106 2505 3267 2564 esse,
3313 2491 3378 2550 et
3420 2484 3664 2586 annulo
3707 2487 4110 2586 consignata:
4176 2483 4372 2568 Quod
4415 2496 4518 2551 est
4551 2507 4648 2550 sa-

2705 2593 3073 2725 220033332
3087 2570 3438 2722 ⁸¹:¹3&
3491 2591 3692 2721 'iffi'
3732 2571 4390 2740 ξὲιῗξῗξξίἓῖρὲ
4410 2579 4647 2736 ἓξὲξ

2707 2754 2822 2809 aut
2875 2742 3070 2807 alteri
3120 2741 3201 2807 de
3257 2762 3462 2805 manu
3503 2743 3576 2805 in
3631 2764 3899 2808 manum
3954 2744 4156 2828 (quod
4200 2744 4469 2828 dicitur)
4527 2745 4647 2809 ini·

2704 2826 2961 2894 tiandos
3006 2825 3229 2894 tradis.
3299 2825 3447 2908 Quo
3487 2835 3710 2910 postea
3753 2848 3824 2892 se
3864 2829 4117 2895 Christi
4151 2829 4490 2897 carnifices
4525 2830 4650 2895 iac-

2704 2924 2865 2993 tent,
2913 2934 2990 2979 ac
3021 2915 3240 2997 ipsum
3282 2913 3540 2997 populo,
3586 2914 3693 2978 vel
3701 2915 3793 2978 uti
3829 2915 4320 2999 promercalem,
4368 2915 4649 3001 quotidie

2704 3002 3132 3087 prostituant:
3168 3020 3304 3064 non
3344 3000 3485 3065 sine
3520 3022 3780 3066 summa
3814 3003 4027 3067 crucis
4063 3003 4202 3069 eius
4236 3002 4646 3081 contumelia,

2705 3088 2893 3155 euius
2915 3087 3231 3153 virtutem
3265 3087 3726 3152 commentitiis
3760 3086 3894 3153 illis
3929 3088 4067 3154 suis
4102 3088 4436 3155 sacrificiis
4472 3110 4650 3171 pror·
4739 3140 4756 3171 ,

2706 3195 2820 3239 sus
2864 3179 3201 3239 enervant.
3269 3172 3493 3237 Missis
3535 3193 3691 3256 ergo
3735 3174 3900 3253 suis,
3947 3174 4184 3259 quibus
4215 3174 4401 3241 nulla
4443 3184 4547 3241 est
4584 3176 4650 3239 in

2706 3260 2900 3326 terris
2942 3258 3275 3324 nocentior
3315 3257 3476 3337 lues,
3522 3259 3772 3341 quoties
3814 3261 4128 3343 populum
4161 3261 4504 3338 fascinant,
4549 3282 4649 3327 ao·

2706 3352 2966 3429 ceptum
3025 3345 3140 3411 abs
3214 3352 3282 3427 te
3347 3364 3676 3409 venenum
3909 3347 3922 3360 “
4068 3354 4112 3410 t.
4214 3345 4649 3412 Circulatores

2706 3434 2868 3499 istos
2924 3432 3124 3514 probe
3179 3430 3380 3508 nosti,
3436 3431 3550 3513 qui
3589 3451 3717 3514 pop
3790 3453 3907 3496 um
3957 3447 4035 3497 ut
4087 3432 4371 3516 pecunia
4424 3452 4649 3498 emun-

2707 3527 2895 3603 gant,
2952 3524 3360 3582 mortuorum
3412 3536 3561 3580 ossa
3615 3517 4098 3586 circumferunt.
4177 3515 4359 3599 Quid
4400 3518 4507 3585 vel
4549 3539 4649 3583 eo-

2707 3626 2859 3670 rum
2899 3602 3376 3669 nundinatione
3410 3600 3679 3681 foedius,
3716 3603 3822 3668 vel
3865 3604 4236 3688 praestigiis
4269 3601 4646 3670 nocentius?

2707 3690 3079 3773 Utrumque
3112 3696 3332 3753 tamen
3367 3709 3498 3752 non
3543 3689 3685 3752 sine
3720 3696 3835 3753 tuo
3868 3690 4211 3773 permissu,
4256 3688 4425 3755 addo
4459 3692 4651 3756 etism

2709 3774 3295 3851 commendatione,
3355 3782 3715 3839 exercetur.
3795 3773 4042 3856 Quales
4098 3797 4253 3842 vero
4319 3784 4476 3841 sunt
4543 3797 4650 3841 ex·

2709 3859 3371 3928 communicationes?
3399 3880 3596 3942 «quae
3649 3882 3789 3925 nun
3832 3883 4017 3936 uam,
4077 3862 4207 3926 nisi
4251 3870 4371 3927 tua
4414 3862 4651 3928 autori-

2707 3955 2846 4014 tate
2889 3954 3288 4031 praetextae,
3326 3944 3734 4011 efferuntur?
3869 3947 4046 4012 ualia
4081 3954 4240 4013 sunt
4272 3947 4488 4013 edicta
4520 3969 4651 4014 om·

2711 4035 2848 4113 nia,
2908 4054 3077 4117 quae
3132 4031 3397 4096 nomine
3451 4040 3564 4097 tuo
3619 4032 4084 4114 publicantur?
4153 4034 4295 4101 sive
4355 4041 4501 4113 [pag.
4551 4038 4648 4111 55]

2710 4119 2960 4203 aliquid
3011 4117 3439 4197 interdicunt,
3498 4117 3638 4183 sive
3692 4118 4067 4202 indulgent,
4127 4139 4351 4184 annon
4405 4140 4653 4204 semper

2711 4225 2962 4271 meram
3016 4205 3270 4287 spirant
3315 4201 3780 4289 tyrannidem?
3849 4205 4104 4271 Verum
4154 4206 4308 4289 quia
4350 4205 4651 4271 evolven-

2712 4292 2832 4357 dae
2854 4292 2903 4376 ¹)
2949 4291 3146 4356 huius
3196 4291 3491 4355 sentinae
3549 4289 3812 4367 nullum.
3865 4292 4163 4356 futurum
4203 4292 4408 4357 finem
4451 4290 4650 4370 video,

2713 4377 2959 4444 diutius
2997 4376 3068 4441 in
3111 4375 3601 4442 enumeratione
3645 4397 3779 4441 non
3822 4377 4283 4444 commorabor.
4350 4379 4649 4453 Tantum,

2713 4465 2770 4528 si
2815 4472 3002 4529 tuum
3056 4469 3187 4541 est,
3233 4459 3552 4546 quidquid
3594 4482 3634 4525 a
3676 4464 4119 4547 suffraganeo,
4178 4486 4219 4529 a
4261 4464 4532 4542 vicario,
4575 4463 4648 4528 ab

2713 4544 2973 4616 officiali
3030 4558 3141 4614 tuo
3198 4570 3283 4613 ex
3333 4548 3542 4613 officio
3596 4542 3881 4631 geritur,
3940 4549 4098 4633 quid
4139 4569 4225 4614 ex
4269 4550 4486 4616 tribus
4530 4548 4650 4614 illis

2713 4636 2989 4702 officinis
3030 4633 3305 4718 prodeat
3346 4652 3688 4717 cognosce:
3744 4644 3809 4698 et
3850 4656 3970 4718 per
4012 4655 4118 4701 me
4160 4636 4359 4719 plane
4404 4635 4649 4702 absolu·

2716 4730 2823 4788 tus
2867 4730 3034 4802 este,
3096 4720 3226 4786 nisi
3268 4719 3432 4803 plus.
3461 4719 3594 4785 illic
3632 4720 4066 4801 pessimorum
4109 4721 4433 4789 scelerum
4475 4741 4649 4805 repe-

2714 4809 2877 4888 rias,
2929 4828 3208 4891 quorum
3247 4804 3646 4872 conscientia
3687 4804 4038 4874 obstrictus
4094 4808 4407 4888 tenearis,
4463 4825 4652 4893 quam

2717 4914 3018 4961 sermone
3074 4891 3421 4975 designare
3473 4891 3733 4973 possim.
3816 4892 4093 4959 Nullum
4146 4893 4327 4959 enim
4377 4893 4487 4961 vel
4536 4894 4650 4958 im-

2853 5115 2911 5179 1)
2952 5113 3046 5169 Sic
3079 5114 3197 5168 sola
3223 5116 3499 5181 princeps.
3563 5114 3847 5171 Caeterae:
3897 5115 4174 5184 eluendae,
4211 5115 4361 5186 quod
4391 5116 4648 5171 meliore-

2786 5184 2936 5238 aebet
2978 5197 3208 5237 sensum.
3288 5179 3483 5237 Gallus
3529 5185 3715 5240 vertit.-
3771 5188 3815 5241 si
3860 5184 3910 5239 ie
3957 5185 4186 5255 vouloye
4241 5200 4458 5241 remuer
4508 5194 4646 5241 toute

2736 5251 3005 5306 ’infection
3042 5252 3132 5321 qui
3167 5258 3252 5307 est
3285 5250 3420 5307 dans
3456 5269 3517 5309 ce
3554 5254 3821 5311 bourbier.
