<?xml version="1.0" encoding="UTF-8"?>
<!DOCTYPE html PUBLIC "-//W3C//DTD XHTML 1.0 Transitional//EN"
    "http://www.w3.org/TR/xhtml1/DTD/xhtml1-transitional.dtd">
<html xmlns="http://www.w3.org/1999/xhtml" xml:lang="en" lang="en">
 <head>
  <title>
</title>
<meta http-equiv="Content-Type" content="text/html;charset=utf-8" />
  <meta name='ocr-system' content='tesseract 3.04.00' />
  <meta name='ocr-capabilities' content='ocr_page ocr_carea ocr_par ocr_line ocrx_word'/>
</head>
<body>
  <div class='ocr_page' id='page_1' title='image "./ioanniscalvinio14unkngoog_0054.png"; bbox 0 0 4984 5975; ppageno 0'>
   <div class='ocr_carea' id='block_1_1' title="bbox 451 319 3292 397">
    <p class='ocr_par' dir='ltr' id='par_1_1' title="bbox 451 319 3292 397">
     <span class='ocr_line' id='line_1_1' title="bbox 451 319 3292 397; baseline -0.004 0"><span class='ocrx_word' id='word_1_1' title='bbox 451 332 518 397; x_wconf 79' lang='lat' dir='ltr'>L</span> <span class='ocrx_word' id='word_1_2' title='bbox 1631 322 2176 392; x_wconf 70' lang='lat' dir='ltr'><strong>TRACOEATUS</strong></span> <span class='ocrx_word' id='word_1_3' title='bbox 2221 319 2808 389; x_wconf 74' lang='lat' dir='ltr'>THEOLOGIOI</span> <span class='ocrx_word' id='word_1_4' title='bbox 2850 320 3292 388; x_wconf 77' lang='lat' dir='ltr'><strong>MINORES.</strong></span> 
     </span>
    </p>
   </div>
   <div class='ocr_carea' id='block_1_2' title="bbox 452 508 4463 1825">
    <p class='ocr_par' dir='ltr' id='par_1_2' title="bbox 453 508 4463 1270">
     <span class='ocr_line' id='line_1_2' title="bbox 455 508 4460 602; baseline -0.001 -17"><span class='ocrx_word' id='word_1_5' title='bbox 455 508 790 598; x_wconf 74' lang='lat' dir='ltr'><strong>cedenteS,</strong></span> <span class='ocrx_word' id='word_1_6' title='bbox 824 519 967 602; x_wconf 84' lang='lat' dir='ltr'><strong>ipsa</strong></span> <span class='ocrx_word' id='word_1_7' title='bbox 1011 519 1336 600; x_wconf 84' lang='lat' dir='ltr'><strong>scriptura</strong></span> <span class='ocrx_word' id='word_1_8' title='bbox 1378 538 1565 582; x_wconf 87' lang='lat' dir='ltr'><strong>sacra</strong></span> <span class='ocrx_word' id='word_1_9' title='bbox 1608 516 1771 581; x_wconf 90' lang='lat' dir='ltr'><strong>duce</strong></span> <span class='ocrx_word' id='word_1_10' title='bbox 1815 514 1943 577; x_wconf 77' lang='lat' dir='ltr'><strong>tuti</strong></span> <span class='ocrx_word' id='word_1_11' title='bbox 1989 511 2241 578; x_wconf 80' lang='lat' dir='ltr'><strong>Christi</strong></span> <span class='ocrx_word' id='word_1_12' title='bbox 2285 508 2567 596; x_wconf 81' lang='lat' dir='ltr'><strong>vestigia</strong></span> <span class='ocrx_word' id='word_1_13' title='bbox 2608 511 2840 578; x_wconf 90' lang='lat' dir='ltr'><strong>lecturi</strong></span> <span class='ocrx_word' id='word_1_14' title='bbox 2886 520 3092 576; x_wconf 89' lang='lat' dir='ltr'><strong>erant.</strong></span> <span class='ocrx_word' id='word_1_15' title='bbox 3181 512 3413 595; x_wconf 87' lang='lat' dir='ltr'><strong>Itaque</strong></span> <span class='ocrx_word' id='word_1_16' title='bbox 3457 535 3630 579; x_wconf 89' lang='lat' dir='ltr'><strong>anno</strong></span> <span class='ocrx_word' id='word_1_17' title='bbox 3681 518 3874 592; x_wconf 83' lang='lat'><strong>1540,</strong></span> <span class='ocrx_word' id='word_1_18' title='bbox 3932 514 4085 579; x_wconf 90' lang='lat' dir='ltr'><strong>dum</strong></span> <span class='ocrx_word' id='word_1_19' title='bbox 4132 515 4460 598; x_wconf 84' lang='lat' dir='ltr'><strong>Argento-</strong></span> 
     </span>
     <span class='ocr_line' id='line_1_3' title="bbox 455 624 4463 714; baseline -0.001 -19"><span class='ocrx_word' id='word_1_20' title='bbox 455 632 586 694; x_wconf 87' lang='lat' dir='ltr'><strong>rati</strong></span> <span class='ocrx_word' id='word_1_21' title='bbox 629 629 932 714; x_wconf 83' lang='lat' dir='ltr'><strong>degebat,</strong></span> <span class='ocrx_word' id='word_1_22' title='bbox 978 630 1266 711; x_wconf 88' lang='lat' dir='ltr'><strong>primum</strong></span> <span class='ocrx_word' id='word_1_23' title='bbox 1309 627 1486 692; x_wconf 92' lang='lat' dir='ltr'><strong>hunc</strong></span> <span class='ocrx_word' id='word_1_24' title='bbox 1531 633 1886 692; x_wconf 88' lang='lat' dir='ltr'><strong>tractatum</strong></span> <span class='ocrx_word' id='word_1_25' title='bbox 1930 624 2162 709; x_wconf 85' lang='lat' dir='ltr'><strong>gallice</strong></span> <span class='ocrx_word' id='word_1_26' title='bbox 2207 625 2651 707; x_wconf 89' lang='lat' dir='ltr'><strong>conscriptum</strong></span> <span class='ocrx_word' id='word_1_27' title='bbox 2693 624 3141 706; x_wconf 84' lang='lat' dir='ltr'><strong>praeparavit,</strong></span> <span class='ocrx_word' id='word_1_28' title='bbox 3186 625 3328 707; x_wconf 90' lang='lat' dir='ltr'><strong>qui,</strong></span> <span class='ocrx_word' id='word_1_29' title='bbox 3375 625 3545 706; x_wconf 89' lang='lat' dir='ltr'><strong>quod</strong></span> <span class='ocrx_word' id='word_1_30' title='bbox 3585 625 3773 692; x_wconf 80' lang='lat' dir='ltr'><strong>facile</strong></span> <span class='ocrx_word' id='word_1_31' title='bbox 3817 627 4195 704; x_wconf 91' lang='lat' dir='ltr'><strong>conieceris,</strong></span> <span class='ocrx_word' id='word_1_32' title='bbox 4256 625 4463 708; x_wconf 90' lang='lat' dir='ltr'><strong>pluri-</strong></span> 
     </span>
     <span class='ocr_line' id='line_1_4' title="bbox 455 724 4460 824; baseline -0.001 -18"><span class='ocrx_word' id='word_1_33' title='bbox 455 742 690 807; x_wconf 80' lang='lat' dir='ltr'><strong>fariam</strong></span> <span class='ocrx_word' id='word_1_34' title='bbox 733 762 882 805; x_wconf 90' lang='lat' dir='ltr'><strong>cum</strong></span> <span class='ocrx_word' id='word_1_35' title='bbox 927 740 1219 804; x_wconf 88' lang='lat' dir='ltr'><strong>eiusdem</strong></span> <span class='ocrx_word' id='word_1_36' title='bbox 1272 724 1641 824; x_wconf 78' lang='lat' dir='ltr'><strong>argumenti</strong></span> <span class='ocrx_word' id='word_1_37' title='bbox 1691 738 1904 821; x_wconf 85' lang='lat' dir='ltr'><strong>eapite</strong></span> <span class='ocrx_word' id='word_1_38' title='bbox 1959 738 2030 800; x_wconf 94' lang='lat' dir='ltr'><strong>in</strong></span> <span class='ocrx_word' id='word_1_39' title='bbox 2069 735 2491 801; x_wconf 80' lang='lat' dir='ltr'><strong>Institutione</strong></span> <span class='ocrx_word' id='word_1_40' title='bbox 2545 737 2905 817; x_wconf 76' lang='lat' dir='ltr'><strong>conspirat,</strong></span> <span class='ocrx_word' id='word_1_41' title='bbox 2964 756 3289 819; x_wconf 81' lang='lat' dir='ltr'><strong>nusquam</strong></span> <span class='ocrx_word' id='word_1_42' title='bbox 3344 743 3590 817; x_wconf 89' lang='lat' dir='ltr'><strong>tamen,</strong></span> <span class='ocrx_word' id='word_1_43' title='bbox 3646 746 3967 821; x_wconf 88' lang='lat' dir='ltr'><strong>quantum</strong></span> <span class='ocrx_word' id='word_1_44' title='bbox 4020 759 4138 813; x_wconf 79' lang='lat' dir='ltr'><strong>nos</strong></span> <span class='ocrx_word' id='word_1_45' title='bbox 4195 736 4460 821; x_wconf 86' lang='lat' dir='ltr'><strong>quidem</strong></span> 
     </span>
     <span class='ocr_line' id='line_1_5' title="bbox 455 845 4459 933; baseline -0.001 -15"><span class='ocrx_word' id='word_1_46' title='bbox 455 852 761 931; x_wconf 84' lang='lat' dir='ltr'><strong>vidimus,</strong></span> <span class='ocrx_word' id='word_1_47' title='bbox 817 851 1202 933; x_wconf 87' lang='lat' dir='ltr'><strong>simpliciter</strong></span> <span class='ocrx_word' id='word_1_48' title='bbox 1244 848 1397 915; x_wconf 90' lang='lat' dir='ltr'><strong>inde</strong></span> <span class='ocrx_word' id='word_1_49' title='bbox 1442 849 1809 932; x_wconf 85' lang='lat' dir='ltr'><strong>descriptus</strong></span> <span class='ocrx_word' id='word_1_50' title='bbox 1852 854 1970 927; x_wconf 86' lang='lat' dir='ltr'><strong>est,</strong></span> <span class='ocrx_word' id='word_1_51' title='bbox 2015 846 2131 912; x_wconf 87' lang='lat' dir='ltr'><strong>sed</strong></span> <span class='ocrx_word' id='word_1_52' title='bbox 2172 847 2393 929; x_wconf 87' lang='lat' dir='ltr'><strong>potius</strong></span> <span class='ocrx_word' id='word_1_53' title='bbox 2437 845 2522 911; x_wconf 89' lang='lat' dir='ltr'><strong>ad</strong></span> <span class='ocrx_word' id='word_1_54' title='bbox 2565 857 2832 928; x_wconf 88' lang='lat' dir='ltr'><strong>captum</strong></span> <span class='ocrx_word' id='word_1_55' title='bbox 2872 846 3191 912; x_wconf 89' lang='lat' dir='ltr'><strong>lectorum</strong></span> <span class='ocrx_word' id='word_1_56' title='bbox 3234 847 3455 914; x_wconf 88' lang='lat' dir='ltr'><strong>minus</strong></span> <span class='ocrx_word' id='word_1_57' title='bbox 3499 848 3836 916; x_wconf 91' lang='lat' dir='ltr'><strong>doctorum</strong></span> <span class='ocrx_word' id='word_1_58' title='bbox 3877 850 4316 916; x_wconf 86' lang='lat' dir='ltr'><strong>conformatus</strong></span> <span class='ocrx_word' id='word_1_59' title='bbox 4360 849 4459 914; x_wconf 83' lang='lat' dir='ltr'><strong>vi-</strong></span> 
     </span>
     <span class='ocr_line' id='line_1_6' title="bbox 456 948 4459 1046; baseline -0 -17"><span class='ocrx_word' id='word_1_60' title='bbox 456 963 665 1029; x_wconf 90' lang='lat' dir='ltr'><strong>detur.</strong></span> <span class='ocrx_word' id='word_1_61' title='bbox 753 960 1015 1027; x_wconf 84' lang='lat' dir='ltr'><strong>Novum</strong></span> <span class='ocrx_word' id='word_1_62' title='bbox 1062 963 1263 1046; x_wconf 90' lang='lat' dir='ltr'><strong>igitur</strong></span> <span class='ocrx_word' id='word_1_63' title='bbox 1306 982 1469 1044; x_wconf 90' lang='lat' dir='ltr'><strong>opus</strong></span> <span class='ocrx_word' id='word_1_64' title='bbox 1511 960 1748 1025; x_wconf 89' lang='lat' dir='ltr'><strong>merito</strong></span> <span class='ocrx_word' id='word_1_65' title='bbox 1791 958 2073 1025; x_wconf 86' lang='lat' dir='ltr'><strong>habetur</strong></span> <span class='ocrx_word' id='word_1_66' title='bbox 2117 978 2504 1041; x_wconf 78' lang='lat' dir='ltr'><strong>semperque</strong></span> <span class='ocrx_word' id='word_1_67' title='bbox 2546 957 2843 1025; x_wconf 88' lang='lat' dir='ltr'><strong>habitum</strong></span> <span class='ocrx_word' id='word_1_68' title='bbox 2888 967 3005 1038; x_wconf 90' lang='lat' dir='ltr'><strong>est,</strong></span> <span class='ocrx_word' id='word_1_69' title='bbox 3058 960 3153 1026; x_wconf 88' lang='lat' dir='ltr'><strong>ita</strong></span> <span class='ocrx_word' id='word_1_70' title='bbox 3193 965 3273 1024; x_wconf 88' lang='lat' dir='ltr'><strong>ut</strong></span> <span class='ocrx_word' id='word_1_71' title='bbox 3314 981 3469 1025; x_wconf 84' lang='lat' dir='ltr'><strong>mox</strong></span> <span class='ocrx_word' id='word_1_72' title='bbox 3513 963 3711 1027; x_wconf 89' lang='lat' dir='ltr'><strong>etiam</strong></span> <span class='ocrx_word' id='word_1_73' title='bbox 3753 981 3794 1026; x_wconf 82' lang='lat' dir='ltr'><strong>a</strong></span> <span class='ocrx_word' id='word_1_74' title='bbox 3837 948 4128 1027; x_wconf 74' lang='lat' dir='ltr'><strong>Gallasio</strong></span> <span class='ocrx_word' id='word_1_75' title='bbox 4185 962 4258 1027; x_wconf 89' lang='lat' dir='ltr'><strong>in</strong></span> <span class='ocrx_word' id='word_1_76' title='bbox 4309 961 4459 1028; x_wconf 85' lang='lat' dir='ltr'><strong>lati-</strong></span> 
     </span>
     <span class='ocr_line' id='line_1_7' title="bbox 456 1069 4458 1164; baseline 0 -26"><span class='ocrx_word' id='word_1_77' title='bbox 456 1095 611 1139; x_wconf 86' lang='lat' dir='ltr'><strong>nam</strong></span> <span class='ocrx_word' id='word_1_78' title='bbox 653 1074 947 1157; x_wconf 83' lang='lat' dir='ltr'><strong>linguam</strong></span> <span class='ocrx_word' id='word_1_79' title='bbox 992 1095 1381 1140; x_wconf 85' lang='lat' dir='ltr'><strong>conversum</strong></span> <span class='ocrx_word' id='word_1_80' title='bbox 1427 1072 1545 1152; x_wconf 91' lang='lat' dir='ltr'><strong>sit,</strong></span> <span class='ocrx_word' id='word_1_81' title='bbox 1602 1069 1776 1154; x_wconf 90' lang='lat' dir='ltr'><strong>quod</strong></span> <span class='ocrx_word' id='word_1_82' title='bbox 1823 1090 1979 1135; x_wconf 89' lang='lat' dir='ltr'><strong>sane</strong></span> <span class='ocrx_word' id='word_1_83' title='bbox 2023 1090 2160 1134; x_wconf 92' lang='lat' dir='ltr'><strong>non</strong></span> <span class='ocrx_word' id='word_1_84' title='bbox 2202 1070 2449 1134; x_wconf 85' lang='lat' dir='ltr'><strong>factum</strong></span> <span class='ocrx_word' id='word_1_85' title='bbox 2508 1082 2680 1136; x_wconf 88' lang='lat' dir='ltr'><strong>esset</strong></span> <span class='ocrx_word' id='word_1_86' title='bbox 2708 1072 2775 1164; x_wconf 66' lang='lat' dir='ltr'><strong>⁸si</strong></span> <span class='ocrx_word' id='word_1_87' title='bbox 2818 1071 3036 1154; x_wconf 89' lang='lat' dir='ltr'><strong>ipsum</strong></span> <span class='ocrx_word' id='word_1_88' title='bbox 3075 1094 3161 1137; x_wconf 83' lang='lat' dir='ltr'><strong>ex</strong></span> <span class='ocrx_word' id='word_1_89' title='bbox 3201 1071 3406 1137; x_wconf 86' lang='lat' dir='ltr'><strong>latino</strong></span> <span class='ocrx_word' id='word_1_90' title='bbox 3448 1073 3891 1139; x_wconf 85' lang='lat' dir='ltr'><strong>Institutionis</strong></span> <span class='ocrx_word' id='word_1_91' title='bbox 3943 1072 4300 1159; x_wconf 80' lang='lat' dir='ltr'><strong>archetypo</strong></span> <span class='ocrx_word' id='word_1_92' title='bbox 4344 1095 4458 1139; x_wconf 82' lang='lat' dir='ltr'><strong>ex-</strong></span> 
     </span>
     <span class='ocr_line' id='line_1_8' title="bbox 453 1180 3884 1270; baseline -0.001 -17"><span class='ocrx_word' id='word_1_93' title='bbox 453 1194 756 1270; x_wconf 82' lang='lat' dir='ltr'><strong>cerptum</strong></span> <span class='ocrx_word' id='word_1_94' title='bbox 795 1191 1055 1250; x_wconf 86' lang='lat' dir='ltr'><strong>tantum</strong></span> <span class='ocrx_word' id='word_1_95' title='bbox 1097 1185 1346 1251; x_wconf 80' lang='lat' dir='ltr'><strong>fuisset.</strong></span> <span class='ocrx_word' id='word_1_96' title='bbox 1435 1182 1643 1248; x_wconf 87' lang='lat' dir='ltr'><strong>Plura</strong></span> <span class='ocrx_word' id='word_1_97' title='bbox 1688 1181 1940 1247; x_wconf 84' lang='lat' dir='ltr'><strong>dabunt</strong></span> <span class='ocrx_word' id='word_1_98' title='bbox 1979 1181 2219 1265; x_wconf 79' lang='lat' dir='ltr'><strong>Henry</strong></span> <span class='ocrx_word' id='word_1_99' title='bbox 2259 1181 2300 1246; x_wconf 94' lang='grc'><strong>1.</strong></span> <span class='ocrx_word' id='word_1_100' title='bbox 2345 1202 2397 1246; x_wconf 88' lang='grc'><strong>6.</strong></span> <span class='ocrx_word' id='word_1_101' title='bbox 2442 1180 2498 1246; x_wconf 93' lang='grc' dir='ltr'><strong>Ι.</strong></span> <span class='ocrx_word' id='word_1_102' title='bbox 2548 1185 2665 1247; x_wconf 88' lang='grc'>261</span> <span class='ocrx_word' id='word_1_103' title='bbox 2718 1203 2892 1266; x_wconf 90' lang='lat' dir='ltr'><strong>seqq.</strong></span> <span class='ocrx_word' id='word_1_104' title='bbox 2908 1207 2924 1263; x_wconf 90' lang='lat'>;</span> <span class='ocrx_word' id='word_1_105' title='bbox 2969 1181 3312 1249; x_wconf 82' lang='lat' dir='ltr'><strong>Staehelin</strong></span> <span class='ocrx_word' id='word_1_106' title='bbox 3353 1183 3397 1249; x_wconf 94' lang='lat' dir='ltr'><strong>l.</strong></span> <span class='ocrx_word' id='word_1_107' title='bbox 3443 1205 3495 1250; x_wconf 90' lang='lat' dir='ltr'><strong>c.</strong></span> <span class='ocrx_word' id='word_1_108' title='bbox 3542 1187 3665 1249; x_wconf 88' lang='grc'><strong>209</strong></span> <span class='ocrx_word' id='word_1_109' title='bbox 3712 1206 3884 1267; x_wconf 91' lang='lat' dir='ltr'><strong>seqq.</strong></span> 
     </span>
    </p>

    <p class='ocr_par' dir='ltr' id='par_1_3' title="bbox 452 1290 4459 1825">
     <span class='ocr_line' id='line_1_9' title="bbox 768 1290 4458 1377; baseline 0 -16"><span class='ocrx_word' id='word_1_110' title='bbox 768 1295 1060 1361; x_wconf 80' lang='lat' dir='ltr'><strong>Primam</strong></span> <span class='ocrx_word' id='word_1_111' title='bbox 1103 1295 1453 1360; x_wconf 89' lang='lat' dir='ltr'><strong>editionem</strong></span> <span class='ocrx_word' id='word_1_112' title='bbox 1498 1292 1920 1359; x_wconf 82' lang='lat' dir='ltr'><strong>Senebierius</strong></span> <span class='ocrx_word' id='word_1_113' title='bbox 1960 1290 2223 1374; x_wconf 86' lang='lat' dir='ltr'><strong>quidem</strong></span> <span class='ocrx_word' id='word_1_114' title='bbox 2264 1292 2421 1357; x_wconf 88' lang='lat' dir='ltr'><strong>dicit</strong></span> <span class='ocrx_word' id='word_1_115' title='bbox 2461 1300 2687 1358; x_wconf 89' lang='lat' dir='ltr'><strong>notam</strong></span> <span class='ocrx_word' id='word_1_116' title='bbox 2729 1294 2889 1358; x_wconf 87' lang='lat' dir='ltr'><strong>anni</strong></span> <span class='ocrx_word' id='word_1_117' title='bbox 2937 1299 3099 1358; x_wconf 85' lang='grc'>1540</span> <span class='ocrx_word' id='word_1_118' title='bbox 3141 1314 3298 1377; x_wconf 88' lang='lat' dir='ltr'><strong>prae</strong></span> <span class='ocrx_word' id='word_1_119' title='bbox 3340 1315 3411 1360; x_wconf 88' lang='lat' dir='ltr'><strong>se</strong></span> <span class='ocrx_word' id='word_1_120' title='bbox 3452 1295 3640 1361; x_wconf 88' lang='lat' dir='ltr'><strong>ferre.</strong></span> <span class='ocrx_word' id='word_1_121' title='bbox 3732 1294 3945 1376; x_wconf 78' lang='lat' dir='ltr'><strong>Quod,</strong></span> <span class='ocrx_word' id='word_1_122' title='bbox 3989 1295 4144 1362; x_wconf 90' lang='lat' dir='ltr'><strong>dum</strong></span> <span class='ocrx_word' id='word_1_123' title='bbox 4188 1296 4458 1361; x_wconf 88' lang='lat' dir='ltr'><strong>meliora</strong></span> 
     </span>
     <span class='ocr_line' id='line_1_10' title="bbox 452 1403 4454 1503; baseline -0 -29"><span class='ocrx_word' id='word_1_124' title='bbox 452 1408 859 1486; x_wconf 87' lang='lat' dir='ltr'><strong>edoceamur,</strong></span> <span class='ocrx_word' id='word_1_125' title='bbox 906 1406 1177 1473; x_wconf 90' lang='lat' dir='ltr'><strong>dubium</strong></span> <span class='ocrx_word' id='word_1_126' title='bbox 1220 1405 1539 1475; x_wconf 89' lang='lat' dir='ltr'><strong>habemus</strong></span> <span class='ocrx_word' id='word_1_127' title='bbox 1582 1404 1823 1486; x_wconf 85' lang='lat' dir='ltr'><strong>quippe</strong></span> <span class='ocrx_word' id='word_1_128' title='bbox 1866 1403 1979 1486; x_wconf 91' lang='lat' dir='ltr'><strong>qui</strong></span> <span class='ocrx_word' id='word_1_129' title='bbox 2023 1423 2349 1503; x_wconf 75' lang='lat' dir='ltr'><strong>nusquam</strong></span> <span class='ocrx_word' id='word_1_130' title='bbox 2392 1411 2723 1469; x_wconf 84' lang='lat' dir='ltr'><strong>terrarum</strong></span> <span class='ocrx_word' id='word_1_131' title='bbox 2766 1405 2968 1470; x_wconf 84' lang='lat' dir='ltr'><strong>talem</strong></span> <span class='ocrx_word' id='word_1_132' title='bbox 3010 1403 3387 1471; x_wconf 83' lang='lat' dir='ltr'><strong>viderimus.</strong></span> <span class='ocrx_word' id='word_1_133' title='bbox 3476 1405 3682 1473; x_wconf 88' lang='lat' dir='ltr'><strong>Nobis</strong></span> <span class='ocrx_word' id='word_1_134' title='bbox 3738 1408 4042 1491; x_wconf 83' lang='lat' dir='ltr'><strong>princeps</strong></span> <span class='ocrx_word' id='word_1_135' title='bbox 4092 1406 4193 1474; x_wconf 80' lang='lat' dir='ltr'><strong>est</strong></span> <span class='ocrx_word' id='word_1_136' title='bbox 4234 1408 4454 1474; x_wconf 82' lang='lat' dir='ltr'><strong>Gene-</strong></span> 
     </span>
     <span class='ocr_line' id='line_1_11' title="bbox 452 1513 4454 1605; baseline -0 -19"><span class='ocrx_word' id='word_1_137' title='bbox 452 1521 674 1587; x_wconf 81' lang='lat' dir='ltr'><strong>vensis</strong></span> <span class='ocrx_word' id='word_1_138' title='bbox 718 1519 874 1582; x_wconf 88' lang='lat' dir='ltr'><strong>anni</strong></span> <span class='ocrx_word' id='word_1_139' title='bbox 925 1522 1082 1581; x_wconf 85' lang='lat'>1541</span> <span class='ocrx_word' id='word_1_140' title='bbox 1129 1518 1318 1583; x_wconf 91' lang='lat' dir='ltr'><strong>cuius</strong></span> <span class='ocrx_word' id='word_1_141' title='bbox 1363 1516 1663 1594; x_wconf 90' lang='lat' dir='ltr'><strong>unicum,</strong></span> <span class='ocrx_word' id='word_1_142' title='bbox 1721 1513 1895 1597; x_wconf 91' lang='lat' dir='ltr'><strong>quod</strong></span> <span class='ocrx_word' id='word_1_143' title='bbox 1953 1513 2169 1579; x_wconf 86' lang='lat' dir='ltr'><strong>adhuc</strong></span> <span class='ocrx_word' id='word_1_144' title='bbox 2222 1522 2483 1581; x_wconf 81' lang='lat' dir='ltr'><strong>exstare</strong></span> <span class='ocrx_word' id='word_1_145' title='bbox 2525 1514 2812 1594; x_wconf 82' lang='lat' dir='ltr'><strong>videtur,</strong></span> <span class='ocrx_word' id='word_1_146' title='bbox 2867 1514 3206 1599; x_wconf 80' lang='lat' dir='ltr'><strong>exemplar</strong></span> <span class='ocrx_word' id='word_1_147' title='bbox 3246 1513 3535 1598; x_wconf 89' lang='lat' dir='ltr'><strong>possidet</strong></span> <span class='ocrx_word' id='word_1_148' title='bbox 3574 1517 3987 1585; x_wconf 79' lang='lat' dir='ltr'><strong>Bibliotheca</strong></span> <span class='ocrx_word' id='word_1_149' title='bbox 4027 1520 4454 1605; x_wconf 87' lang='lat' dir='ltr'><strong>Zofingensis.</strong></span> 
     </span>
     <span class='ocr_line' id='line_1_12' title="bbox 455 1626 4454 1711; baseline 0.001 -17"><span class='ocrx_word' id='word_1_150' title='bbox 455 1629 650 1711; x_wconf 78' lang='lat' dir='ltr'><strong>Quod</strong></span> <span class='ocrx_word' id='word_1_151' title='bbox 693 1630 749 1695; x_wconf 91' lang='lat' dir='ltr'><strong>si</strong></span> <span class='ocrx_word' id='word_1_152' title='bbox 793 1629 1051 1693; x_wconf 89' lang='lat' dir='ltr'><strong>mireris</strong></span> <span class='ocrx_word' id='word_1_153' title='bbox 1094 1627 1387 1694; x_wconf 90' lang='lat' dir='ltr'><strong>libellum</strong></span> <span class='ocrx_word' id='word_1_154' title='bbox 1432 1626 1746 1693; x_wconf 80' lang='lat' dir='ltr'><strong>Genevae</strong></span> <span class='ocrx_word' id='word_1_155' title='bbox 1788 1626 2004 1708; x_wconf 88' lang='lat' dir='ltr'><strong>potius</strong></span> <span class='ocrx_word' id='word_1_156' title='bbox 2048 1646 2246 1707; x_wconf 87' lang='lat' dir='ltr'><strong>quam</strong></span> <span class='ocrx_word' id='word_1_157' title='bbox 2290 1626 2719 1709; x_wconf 87' lang='lat' dir='ltr'><strong>Argentorati</strong></span> <span class='ocrx_word' id='word_1_158' title='bbox 2763 1628 3049 1709; x_wconf 89' lang='lat' dir='ltr'><strong>primum</strong></span> <span class='ocrx_word' id='word_1_159' title='bbox 3091 1626 3270 1711; x_wconf 80' lang='lat' dir='ltr'><strong>typis</strong></span> <span class='ocrx_word' id='word_1_160' title='bbox 3324 1627 3713 1692; x_wconf 88' lang='lat' dir='ltr'><strong>mandatum</strong></span> <span class='ocrx_word' id='word_1_161' title='bbox 3742 1629 3997 1709; x_wconf 75' lang='lat' dir='ltr'><strong>fuisse,</strong></span> <span class='ocrx_word' id='word_1_162' title='bbox 4052 1630 4215 1697; x_wconf 87' lang='lat' dir='ltr'><strong>haec</strong></span> <span class='ocrx_word' id='word_1_163' title='bbox 4269 1630 4454 1697; x_wconf 92' lang='lat' dir='ltr'><strong>nullo</strong></span> 
     </span>
     <span class='ocr_line' id='line_1_13' title="bbox 452 1721 4459 1825; baseline 0 -19"><span class='ocrx_word' id='word_1_164' title='bbox 452 1742 715 1825; x_wconf 80' lang='lat' dir='ltr'><strong>negotio</strong></span> <span class='ocrx_word' id='word_1_165' title='bbox 761 1740 1051 1806; x_wconf 82' lang='lat' dir='ltr'><strong>solvetur</strong></span> <span class='ocrx_word' id='word_1_166' title='bbox 1093 1740 1385 1805; x_wconf 91' lang='lat' dir='ltr'><strong>obiectio.</strong></span> <span class='ocrx_word' id='word_1_167' title='bbox 1473 1737 1557 1801; x_wconf 91' lang='lat' dir='ltr'><strong>In</strong></span> <span class='ocrx_word' id='word_1_168' title='bbox 1601 1737 1725 1801; x_wconf 90' lang='lat' dir='ltr'><strong>hac</strong></span> <span class='ocrx_word' id='word_1_169' title='bbox 1767 1736 1945 1800; x_wconf 89' lang='lat' dir='ltr'><strong>enim</strong></span> <span class='ocrx_word' id='word_1_170' title='bbox 1999 1744 2227 1801; x_wconf 85' lang='lat' dir='ltr'><strong>nostra</strong></span> <span class='ocrx_word' id='word_1_171' title='bbox 2268 1737 2429 1802; x_wconf 88' lang='lat' dir='ltr'><strong>urbe</strong></span> <span class='ocrx_word' id='word_1_172' title='bbox 2472 1742 2619 1800; x_wconf 87' lang='lat' dir='ltr'><strong>tum</strong></span> <span class='ocrx_word' id='word_1_173' title='bbox 2664 1737 2977 1820; x_wconf 89' lang='lat' dir='ltr'><strong>temporis</strong></span> <span class='ocrx_word' id='word_1_174' title='bbox 3018 1736 3137 1803; x_wconf 79' lang='lat' dir='ltr'><strong>vix</strong></span> <span class='ocrx_word' id='word_1_175' title='bbox 3180 1726 3668 1822; x_wconf 73' lang='lat' dir='ltr'><strong>typographum</strong></span> <span class='ocrx_word' id='word_1_176' title='bbox 3711 1721 3993 1823; x_wconf 84' lang='lat' dir='ltr'><strong>aliquem</strong></span> <span class='ocrx_word' id='word_1_177' title='bbox 4037 1748 4228 1806; x_wconf 86' lang='lat' dir='ltr'><strong>autor</strong></span> <span class='ocrx_word' id='word_1_178' title='bbox 4269 1762 4459 1825; x_wconf 87' lang='lat' dir='ltr'><strong>repe-</strong></span> 
     </span>
    </p>
   </div>
   <div class='ocr_carea' id='block_1_3' title="bbox 445 1846 4465 2047">
    <p class='ocr_par' dir='ltr' id='par_1_4' title="bbox 445 1846 4465 2047">
     <span class='ocr_line' id='line_1_14' title="bbox 445 1846 4465 1936; baseline 0.001 -19"><span class='ocrx_word' id='word_1_179' title='bbox 445 1852 581 1917; x_wconf 87' lang='lat' dir='ltr'><strong>rire</strong></span> <span class='ocrx_word' id='word_1_180' title='bbox 623 1858 884 1936; x_wconf 86' lang='lat' dir='ltr'><strong>poterat</strong></span> <span class='ocrx_word' id='word_1_181' title='bbox 926 1852 1112 1915; x_wconf 86' lang='lat' dir='ltr'><strong>cuius</strong></span> <span class='ocrx_word' id='word_1_182' title='bbox 1156 1851 1415 1915; x_wconf 87' lang='lat' dir='ltr'><strong>officina</strong></span> <span class='ocrx_word' id='word_1_183' title='bbox 1458 1846 1946 1913; x_wconf 76' lang='lat' dir='ltr'><strong>characteribus</strong></span> <span class='ocrx_word' id='word_1_184' title='bbox 1993 1848 2226 1931; x_wconf 86' lang='lat' dir='ltr'><strong>gallico</strong></span> <span class='ocrx_word' id='word_1_185' title='bbox 2270 1847 2597 1913; x_wconf 89' lang='lat' dir='ltr'><strong>scribendi</strong></span> <span class='ocrx_word' id='word_1_186' title='bbox 2652 1849 2817 1913; x_wconf 88' lang='lat' dir='ltr'><strong>mori</strong></span> <span class='ocrx_word' id='word_1_187' title='bbox 2873 1848 3371 1915; x_wconf 77' lang='lat' dir='ltr'><strong>accommodatis</strong></span> <span class='ocrx_word' id='word_1_188' title='bbox 3428 1849 3753 1915; x_wconf 87' lang='lat' dir='ltr'><strong>instructa</strong></span> <span class='ocrx_word' id='word_1_189' title='bbox 3807 1851 4032 1930; x_wconf 89' lang='lat' dir='ltr'><strong>fuerit,</strong></span> <span class='ocrx_word' id='word_1_190' title='bbox 4091 1850 4198 1918; x_wconf 84' lang='lat' dir='ltr'><strong>vel</strong></span> <span class='ocrx_word' id='word_1_191' title='bbox 4252 1853 4465 1920; x_wconf 30' lang='lat' dir='ltr'><strong>etiam.</strong></span> 
     </span>
     <span class='ocr_line' id='line_1_15' title="bbox 447 1958 4465 2047; baseline 0.001 -20"><span class='ocrx_word' id='word_1_192' title='bbox 447 1964 562 2047; x_wconf 91' lang='lat' dir='ltr'><strong>qui</strong></span> <span class='ocrx_word' id='word_1_193' title='bbox 606 1969 911 2047; x_wconf 89' lang='lat' dir='ltr'><strong>sumptus</strong></span> <span class='ocrx_word' id='word_1_194' title='bbox 953 1962 1167 2047; x_wconf 84' lang='lat' dir='ltr'><strong>facere</strong></span> <span class='ocrx_word' id='word_1_195' title='bbox 1208 1960 1491 2027; x_wconf 81' lang='lat' dir='ltr'><strong>voluerit</strong></span> <span class='ocrx_word' id='word_1_196' title='bbox 1532 1980 1651 2042; x_wconf 92' lang='lat' dir='ltr'><strong>pro</strong></span> <span class='ocrx_word' id='word_1_197' title='bbox 1694 1958 1914 2026; x_wconf 89' lang='lat' dir='ltr'><strong>libello</strong></span> <span class='ocrx_word' id='word_1_198' title='bbox 1959 1959 2327 2043; x_wconf 87' lang='lat' dir='ltr'><strong>peregrinis</strong></span> <span class='ocrx_word' id='word_1_199' title='bbox 2369 1960 2657 2024; x_wconf 77' lang='lat' dir='ltr'><strong>maxime</strong></span> <span class='ocrx_word' id='word_1_200' title='bbox 2697 1958 3047 2026; x_wconf 84' lang='lat' dir='ltr'><strong>lectoribus</strong></span> <span class='ocrx_word' id='word_1_201' title='bbox 3091 1960 3433 2039; x_wconf 84' lang='lat' dir='ltr'><strong>destinato,</strong></span> <span class='ocrx_word' id='word_1_202' title='bbox 3479 1960 3900 2044; x_wconf 83' lang='lat' dir='ltr'><strong>popularibus</strong></span> <span class='ocrx_word' id='word_1_203' title='bbox 3930 1983 4091 2027; x_wconf 81' lang='lat' dir='ltr'><strong>vero</strong></span> <span class='ocrx_word' id='word_1_204' title='bbox 4134 1963 4271 2029; x_wconf 91' lang='lat' dir='ltr'><strong>suis</strong></span> <span class='ocrx_word' id='word_1_205' title='bbox 4315 1963 4465 2030; x_wconf 85' lang='lat' dir='ltr'><strong>fere-</strong></span> 
     </span>
    </p>
   </div>
   <div class='ocr_carea' id='block_1_4' title="bbox 445 2070 4463 3157">
    <p class='ocr_par' dir='ltr' id='par_1_5' title="bbox 445 2070 4461 2391">
     <span class='ocr_line' id='line_1_16' title="bbox 447 2070 4461 2156; baseline 0.001 -19"><span class='ocrx_word' id='word_1_206' title='bbox 447 2074 687 2138; x_wconf 81' lang='lat' dir='ltr'><strong>inutili.</strong></span> <span class='ocrx_word' id='word_1_207' title='bbox 775 2071 1137 2155; x_wconf 81' lang='lat' dir='ltr'><strong>Exemplar</strong></span> <span class='ocrx_word' id='word_1_208' title='bbox 1181 2072 1570 2156; x_wconf 87' lang='lat' dir='ltr'><strong>Zofingense</strong></span> <span class='ocrx_word' id='word_1_209' title='bbox 1610 2070 2088 2137; x_wconf 87' lang='lat' dir='ltr'><strong>humanissime</strong></span> <span class='ocrx_word' id='word_1_210' title='bbox 2130 2070 2318 2136; x_wconf 89' lang='lat' dir='ltr'><strong>nobis</strong></span> <span class='ocrx_word' id='word_1_211' title='bbox 2362 2070 2444 2136; x_wconf 88' lang='lat' dir='ltr'><strong>ad</strong></span> <span class='ocrx_word' id='word_1_212' title='bbox 2487 2077 2751 2156; x_wconf 86' lang='lat' dir='ltr'><strong>tempus</strong></span> <span class='ocrx_word' id='word_1_213' title='bbox 2789 2092 3171 2155; x_wconf 88' lang='lat' dir='ltr'><strong>concessum</strong></span> <span class='ocrx_word' id='word_1_214' title='bbox 3216 2078 3332 2150; x_wconf 91' lang='lat' dir='ltr'><strong>est,</strong></span> <span class='ocrx_word' id='word_1_215' title='bbox 3378 2074 3472 2137; x_wconf 91' lang='lat' dir='ltr'><strong>ita</strong></span> <span class='ocrx_word' id='word_1_216' title='bbox 3512 2080 3591 2137; x_wconf 90' lang='lat' dir='ltr'><strong>ut</strong></span> <span class='ocrx_word' id='word_1_217' title='bbox 3645 2070 3729 2137; x_wconf 86' lang='lat' dir='ltr'><strong>ad</strong></span> <span class='ocrx_word' id='word_1_218' title='bbox 3780 2072 3946 2138; x_wconf 92' lang='lat' dir='ltr'><strong>illud</strong></span> <span class='ocrx_word' id='word_1_219' title='bbox 3997 2080 4255 2139; x_wconf 82' lang='lat' dir='ltr'><strong>textum</strong></span> <span class='ocrx_word' id='word_1_220' title='bbox 4301 2096 4461 2140; x_wconf 73' lang='lat' dir='ltr'><strong>nos--</strong></span> 
     </span>
     <span class='ocr_line' id='line_1_17' title="bbox 447 2181 4452 2267; baseline 0.001 -18"><span class='ocrx_word' id='word_1_221' title='bbox 447 2191 628 2249; x_wconf 91' lang='lat' dir='ltr'><strong>trum</strong></span> <span class='ocrx_word' id='word_1_222' title='bbox 683 2183 1173 2250; x_wconf 86' lang='lat' dir='ltr'><strong>accuratissime</strong></span> <span class='ocrx_word' id='word_1_223' title='bbox 1230 2184 1637 2250; x_wconf 87' lang='lat' dir='ltr'><strong>conformare</strong></span> <span class='ocrx_word' id='word_1_224' title='bbox 1691 2183 2124 2265; x_wconf 88' lang='lat' dir='ltr'><strong>potuerimus,</strong></span> <span class='ocrx_word' id='word_1_225' title='bbox 2184 2181 2313 2266; x_wconf 83' lang='lat' dir='ltr'><strong>qua</strong></span> <span class='ocrx_word' id='word_1_226' title='bbox 2365 2181 2446 2247; x_wconf 92' lang='lat' dir='ltr'><strong>de</strong></span> <span class='ocrx_word' id='word_1_227' title='bbox 2499 2204 2573 2248; x_wconf 91' lang='lat' dir='ltr'><strong>re</strong></span> <span class='ocrx_word' id='word_1_228' title='bbox 2625 2183 2948 2248; x_wconf 79' lang='lat' dir='ltr'><strong>maximas</strong></span> <span class='ocrx_word' id='word_1_229' title='bbox 2991 2191 3210 2267; x_wconf 87' lang='lat' dir='ltr'><strong>grates</strong></span> <span class='ocrx_word' id='word_1_230' title='bbox 3266 2182 3428 2247; x_wconf 85' lang='lat' dir='ltr'><strong>Viro</strong></span> <span class='ocrx_word' id='word_1_231' title='bbox 3473 2182 3845 2249; x_wconf 87' lang='lat' dir='ltr'><strong>doctissimo</strong></span> <span class='ocrx_word' id='word_1_232' title='bbox 3891 2192 3958 2249; x_wconf 88' lang='lat' dir='ltr'><strong>et</strong></span> <span class='ocrx_word' id='word_1_233' title='bbox 4012 2186 4452 2267; x_wconf 87' lang='lat' dir='ltr'><strong>meritissim0‚</strong></span> 
     </span>
     <span class='ocr_line' id='line_1_18' title="bbox 445 2292 4221 2391; baseline 0 -31"><span class='ocrx_word' id='word_1_234' title='bbox 445 2295 629 2360; x_wconf 89' lang='lat' dir='ltr'><strong>illius</strong></span> <span class='ocrx_word' id='word_1_235' title='bbox 673 2294 1100 2360; x_wconf 85' lang='lat' dir='ltr'><strong>bibliothecae</strong></span> <span class='ocrx_word' id='word_1_236' title='bbox 1142 2295 1488 2378; x_wconf 84' lang='lat' dir='ltr'><strong>praefecte,</strong></span> <span class='ocrx_word' id='word_1_237' title='bbox 1533 2292 1608 2360; x_wconf 84' lang='lat' dir='ltr'><strong>C.</strong></span> <span class='ocrx_word' id='word_1_238' title='bbox 1652 2294 1965 2360; x_wconf 86' lang='lat' dir='ltr'><strong>Frickart</strong></span> <span class='ocrx_word' id='word_1_239' title='bbox 2007 2301 2074 2359; x_wconf 90' lang='lat' dir='ltr'><strong>et</strong></span> <span class='ocrx_word' id='word_1_240' title='bbox 2117 2292 2435 2360; x_wconf 86' lang='lat' dir='ltr'><strong>habemus</strong></span> <span class='ocrx_word' id='word_1_241' title='bbox 2479 2299 2549 2359; x_wconf 89' lang='lat' dir='ltr'><strong>et</strong></span> <span class='ocrx_word' id='word_1_242' title='bbox 2589 2294 2845 2377; x_wconf 88' lang='lat' dir='ltr'><strong>publice</strong></span> <span class='ocrx_word' id='word_1_243' title='bbox 2887 2295 3262 2391; x_wconf 73' lang='lat' dir='ltr'><strong>persolvere</strong></span> <span class='ocrx_word' id='word_1_244' title='bbox 3305 2294 3621 2378; x_wconf 90' lang='lat' dir='ltr'><strong>cupimus.</strong></span> <span class='ocrx_word' id='word_1_245' title='bbox 3709 2295 3882 2361; x_wconf 83' lang='lat' dir='ltr'><strong>Ecce</strong></span> <span class='ocrx_word' id='word_1_246' title='bbox 3924 2296 4221 2361; x_wconf 83' lang='lat' dir='ltr'><strong>titulum:</strong></span> 
     </span>
    </p>

    <p class='ocr_par' dir='ltr' id='par_1_6' title="bbox 445 2391 4454 2838">
     <span class='ocr_line' id='line_1_19' title="bbox 755 2391 4449 2509; baseline 0.001 -33"><span class='ocrx_word' id='word_1_247' title='bbox 755 2394 1125 2476; x_wconf 81' lang='lat' dir='ltr'><strong>PETIT</strong></span> <span class='ocrx_word' id='word_1_248' title='bbox 1180 2391 1192 2496; x_wconf 92' lang='grc' dir='ltr'>Ι</span> <span class='ocrx_word' id='word_1_249' title='bbox 1248 2403 1650 2471; x_wconf 74' lang='grc' dir='ltr'><strong>ΤΒΑΙΟΤΕ</strong></span> <span class='ocrx_word' id='word_1_250' title='bbox 1697 2406 1824 2471; x_wconf 81' lang='lat' dir='ltr'><strong>DE</strong></span> <span class='ocrx_word' id='word_1_251' title='bbox 1869 2406 1999 2471; x_wconf 87' lang='lat' dir='ltr'><strong>LA</strong></span> <span class='ocrx_word' id='word_1_252' title='bbox 2041 2405 2048 2490; x_wconf 83' lang='grc' dir='ltr'>Ι</span> <span class='ocrx_word' id='word_1_253' title='bbox 2088 2415 2400 2477; x_wconf 77' lang='lat' dir='ltr'><strong>sAmc&#39;rE</strong></span> <span class='ocrx_word' id='word_1_254' title='bbox 2445 2414 2639 2470; x_wconf 81' lang='lat' dir='ltr'>OENE</span> <span class='ocrx_word' id='word_1_255' title='bbox 2682 2416 2784 2470; x_wconf 81' lang='lat' dir='ltr'><strong>DE</strong></span> <span class='ocrx_word' id='word_1_256' title='bbox 2819 2414 2941 2470; x_wconf 77' lang='lat' dir='ltr'><strong>No·</strong></span> <span class='ocrx_word' id='word_1_257' title='bbox 2967 2408 2976 2489; x_wconf 87' lang='grc' dir='ltr'>Ι</span> <span class='ocrx_word' id='word_1_258' title='bbox 3005 2406 3179 2478; x_wconf 85' lang='lat' dir='ltr'><strong>stre</strong></span> <span class='ocrx_word' id='word_1_259' title='bbox 3263 2392 3688 2505; x_wconf 82' lang='lat' dir='ltr'><strong>Seigneur</strong></span> <span class='ocrx_word' id='word_1_260' title='bbox 3748 2395 3993 2478; x_wconf 87' lang='lat' dir='ltr'><strong>Iesus</strong></span> <span class='ocrx_word' id='word_1_261' title='bbox 4054 2394 4370 2487; x_wconf 78' lang='lat' dir='ltr'><strong>Christ.</strong></span> <span class='ocrx_word' id='word_1_262' title='bbox 4440 2391 4449 2509; x_wconf 89' lang='grc' dir='ltr'>Ι</span> 
     </span>
     <span class='ocr_line' id='line_1_20' title="bbox 447 2515 4454 2609; baseline 0 -25"><span class='ocrx_word' id='word_1_263' title='bbox 447 2516 710 2601; x_wconf 82' lang='lat' dir='ltr'><strong>Auquel</strong></span> <span class='ocrx_word' id='word_1_264' title='bbox 766 2526 868 2583; x_wconf 88' lang='lat' dir='ltr'><strong>est</strong></span> <span class='ocrx_word' id='word_1_265' title='bbox 925 2517 1300 2583; x_wconf 80' lang='lat' dir='ltr'><strong>demonstre</strong></span> <span class='ocrx_word' id='word_1_266' title='bbox 1352 2517 1419 2581; x_wconf 90' lang='lat' dir='ltr'><strong>la</strong></span> <span class='ocrx_word' id='word_1_267' title='bbox 1462 2537 1665 2601; x_wconf 82' lang='lat' dir='ltr'><strong>vraye</strong></span> <span class='ocrx_word' id='word_1_268' title='bbox 1720 2516 1986 2582; x_wconf 87' lang='lat' dir='ltr'><strong>institu-</strong></span> <span class='ocrx_word' id='word_1_269' title='bbox 2012 2515 2023 2599; x_wconf 93' lang='grc' dir='ltr'>Ι</span> <span class='ocrx_word' id='word_1_270' title='bbox 2050 2518 2191 2582; x_wconf 90' lang='lat' dir='ltr'><strong>tion</strong></span> <span class='ocrx_word' id='word_1_271' title='bbox 2206 2567 2222 2595; x_wconf 95' lang='lat'><strong>,</strong></span> <span class='ocrx_word' id='word_1_272' title='bbox 2277 2517 2503 2600; x_wconf 86' lang='lat' dir='ltr'><strong>proffit</strong></span> <span class='ocrx_word' id='word_1_273' title='bbox 2552 2524 2620 2582; x_wconf 90' lang='lat' dir='ltr'><strong>et</strong></span> <span class='ocrx_word' id='word_1_274' title='bbox 2659 2516 2873 2582; x_wconf 80' lang='lat' dir='ltr'><strong>vtilite</strong></span> <span class='ocrx_word' id='word_1_275' title='bbox 2929 2516 3206 2583; x_wconf 88' lang='lat' dir='ltr'><strong>d’icelle:</strong></span> <span class='ocrx_word' id='word_1_276' title='bbox 3263 2518 3545 2583; x_wconf 84' lang='lat' dir='ltr'><strong>Ensem-</strong></span> <span class='ocrx_word' id='word_1_277' title='bbox 3571 2520 3582 2609; x_wconf 89' lang='grc' dir='ltr'>Ι</span> <span class='ocrx_word' id='word_1_278' title='bbox 3608 2517 3712 2582; x_wconf 89' lang='lat' dir='ltr'><strong>hle</strong></span> <span class='ocrx_word' id='word_1_279' title='bbox 3767 2519 3835 2582; x_wconf 86' lang='lat' dir='ltr'><strong>la</strong></span> <span class='ocrx_word' id='word_1_280' title='bbox 3878 2538 4071 2586; x_wconf 88' lang='lat' dir='ltr'><strong>cause</strong></span> <span class='ocrx_word' id='word_1_281' title='bbox 4110 2541 4454 2604; x_wconf 77' lang='lat' dir='ltr'><strong>pourquoy</strong></span> 
     </span>
     <span class='ocr_line' id='line_1_21' title="bbox 445 2614 4447 2732; baseline 0.002 -39"><span class='ocrx_word' id='word_1_282' title='bbox 445 2629 780 2713; x_wconf 86' lang='lat' dir='ltr'><strong>plusieurs</strong></span> <span class='ocrx_word' id='word_1_283' title='bbox 828 2630 837 2712; x_wconf 90' lang='grc' dir='ltr'>Ι</span> <span class='ocrx_word' id='word_1_284' title='bbox 890 2627 1005 2694; x_wconf 88' lang='lat' dir='ltr'><strong>des</strong></span> <span class='ocrx_word' id='word_1_285' title='bbox 1039 2628 1394 2693; x_wconf 88' lang='lat' dir='ltr'><strong>Modernes</strong></span> <span class='ocrx_word' id='word_1_286' title='bbox 1436 2626 1762 2693; x_wconf 89' lang='lat' dir='ltr'><strong>semblent</strong></span> <span class='ocrx_word' id='word_1_287' title='bbox 1803 2649 1890 2692; x_wconf 92' lang='lat' dir='ltr'><strong>en</strong></span> <span class='ocrx_word' id='word_1_288' title='bbox 1937 2629 2123 2693; x_wconf 88' lang='lat' dir='ltr'><strong>auoir</strong></span> <span class='ocrx_word' id='word_1_289' title='bbox 2174 2626 2183 2712; x_wconf 91' lang='grc' dir='ltr'>Ι</span> <span class='ocrx_word' id='word_1_290' title='bbox 2235 2628 2433 2693; x_wconf 89' lang='lat' dir='ltr'><strong>escrit</strong></span> <span class='ocrx_word' id='word_1_291' title='bbox 2475 2627 2933 2694; x_wconf 85' lang='lat' dir='ltr'><strong>diversement.</strong></span> <span class='ocrx_word' id='word_1_292' title='bbox 2978 2628 2986 2713; x_wconf 92' lang='grc' dir='ltr'>Ι</span> <span class='ocrx_word' id='word_1_293' title='bbox 3330 2615 3410 2697; x_wconf 87' lang='lat' dir='ltr'>P</span> <span class='ocrx_word' id='word_1_294' title='bbox 3414 2647 3508 2699; x_wconf 85' lang='lat' dir='ltr'><strong>al·</strong></span> <span class='ocrx_word' id='word_1_295' title='bbox 3577 2617 3697 2699; x_wconf 88' lang='grc' dir='ltr'><strong>Μ.</strong></span> <span class='ocrx_word' id='word_1_296' title='bbox 3765 2617 3974 2701; x_wconf 83' lang='lat' dir='ltr'><strong>Iean</strong></span> <span class='ocrx_word' id='word_1_297' title='bbox 4046 2618 4372 2702; x_wconf 75' lang='lat' dir='ltr'><strong>Caluin.</strong></span> <span class='ocrx_word' id='word_1_298' title='bbox 4438 2614 4447 2732; x_wconf 78' lang='grc' dir='ltr'>Ι</span> 
     </span>
     <span class='ocr_line' id='line_1_22' title="bbox 449 2726 2951 2838; baseline -0 -33"><span class='ocrx_word' id='word_1_299' title='bbox 449 2750 773 2806; x_wconf 69' lang='grc' dir='ltr'><strong>ΙΜΡΒΜΕ</strong></span> <span class='ocrx_word' id='word_1_300' title='bbox 810 2746 819 2816; x_wconf 87' lang='grc' dir='ltr'>Ι</span> <span class='ocrx_word' id='word_1_301' title='bbox 860 2759 911 2810; x_wconf 89' lang='lat' dir='ltr'><strong>a</strong></span> <span class='ocrx_word' id='word_1_302' title='bbox 967 2727 1348 2833; x_wconf 80' lang='lat' dir='ltr'><strong>Geneue,</strong></span> <span class='ocrx_word' id='word_1_303' title='bbox 1405 2756 1561 2838; x_wconf 86' lang='lat' dir='ltr'><strong>par</strong></span> <span class='ocrx_word' id='word_1_304' title='bbox 1608 2726 1932 2809; x_wconf 76' lang='lat' dir='ltr'><strong>Michel</strong></span> <span class='ocrx_word' id='word_1_305' title='bbox 1975 2728 2120 2810; x_wconf 92' lang='lat' dir='ltr'><strong>Du</strong></span> <span class='ocrx_word' id='word_1_306' title='bbox 2177 2727 2383 2810; x_wconf 87' lang='lat' dir='ltr'><strong>bois.</strong></span> <span class='ocrx_word' id='word_1_307' title='bbox 2441 2733 2452 2838; x_wconf 92' lang='grc' dir='ltr'>Ι</span> <span class='ocrx_word' id='word_1_308' title='bbox 2509 2740 2602 2804; x_wconf 83' lang='grc' dir='ltr'><strong>Μ.</strong></span> <span class='ocrx_word' id='word_1_309' title='bbox 2639 2739 2723 2804; x_wconf 93' lang='lat' dir='ltr'><strong>D.</strong></span> <span class='ocrx_word' id='word_1_310' title='bbox 2761 2739 2951 2804; x_wconf 88' lang='lat' dir='ltr'><strong>XLI.</strong></span> 
     </span>
    </p>

    <p class='ocr_par' dir='ltr' id='par_1_7' title="bbox 446 2849 4463 3157">
     <span class='ocr_line' id='line_1_23' title="bbox 759 2849 4454 2938; baseline 0.001 -23"><span class='ocrx_word' id='word_1_311' title='bbox 759 2852 1008 2915; x_wconf 85' lang='lat' dir='ltr'><strong>Forma</strong></span> <span class='ocrx_word' id='word_1_312' title='bbox 1048 2850 1258 2916; x_wconf 85' lang='lat' dir='ltr'><strong>libelli</strong></span> <span class='ocrx_word' id='word_1_313' title='bbox 1300 2851 1636 2915; x_wconf 88' lang='lat' dir='ltr'><strong>octonaria</strong></span> <span class='ocrx_word' id='word_1_314' title='bbox 1678 2857 1780 2915; x_wconf 88' lang='lat' dir='ltr'><strong>est</strong></span> <span class='ocrx_word' id='word_1_315' title='bbox 1816 2849 2108 2929; x_wconf 87' lang='lat' dir='ltr'><strong>minima,</strong></span> <span class='ocrx_word' id='word_1_316' title='bbox 2154 2851 2617 2933; x_wconf 89' lang='lat' dir='ltr'><strong>quaterniones</strong></span> <span class='ocrx_word' id='word_1_317' title='bbox 2660 2856 2819 2917; x_wconf 89' lang='lat' dir='ltr'><strong>sunt</strong></span> <span class='ocrx_word' id='word_1_318' title='bbox 2860 2856 3143 2935; x_wconf 89' lang='lat' dir='ltr'><strong>quatuor</strong></span> <span class='ocrx_word' id='word_1_319' title='bbox 3183 2872 3334 2918; x_wconf 91' lang='lat' dir='ltr'><strong>cum</strong></span> <span class='ocrx_word' id='word_1_320' title='bbox 3374 2858 3561 2935; x_wconf 85' lang='lat' dir='ltr'><strong>parte</strong></span> <span class='ocrx_word' id='word_1_321' title='bbox 3603 2851 3817 2935; x_wconf 90' lang='lat' dir='ltr'><strong>quinti</strong></span> <span class='ocrx_word' id='word_1_322' title='bbox 3871 2851 4113 2937; x_wconf 85' lang='lat' dir='ltr'><strong>(a—e),</strong></span> <span class='ocrx_word' id='word_1_323' title='bbox 4171 2854 4454 2938; x_wconf 85' lang='lat' dir='ltr'><strong>paginae</strong></span> 
     </span>
     <span class='ocr_line' id='line_1_24' title="bbox 446 2959 4463 3045; baseline 0.001 -17"><span class='ocrx_word' id='word_1_324' title='bbox 446 2967 832 3028; x_wconf 88' lang='lat' dir='ltr'><strong>numeratae</strong></span> <span class='ocrx_word' id='word_1_325' title='bbox 890 2966 990 3028; x_wconf 88' lang='lat'><strong>73.</strong></span> <span class='ocrx_word' id='word_1_326' title='bbox 1078 2960 1162 3025; x_wconf 92' lang='lat' dir='ltr'><strong>In</strong></span> <span class='ocrx_word' id='word_1_327' title='bbox 1215 2961 1346 3027; x_wconf 87' lang='lat' dir='ltr'><strong>fine</strong></span> <span class='ocrx_word' id='word_1_328' title='bbox 1403 2959 1674 3045; x_wconf 88' lang='lat' dir='ltr'><strong>legitur:</strong></span> <span class='ocrx_word' id='word_1_329' title='bbox 1744 2960 2159 3028; x_wconf 72' lang='lat' dir='ltr'>[MPRHOE</span> <span class='ocrx_word' id='word_1_330' title='bbox 2214 2963 2280 3029; x_wconf 89' lang='lat' dir='ltr'>A</span> <span class='ocrx_word' id='word_1_331' title='bbox 2335 2962 2719 3030; x_wconf 76' lang='lat' dir='ltr'><strong>GENEVE</strong></span> <span class='ocrx_word' id='word_1_332' title='bbox 2783 2963 2975 3031; x_wconf 90' lang='lat' dir='ltr'><strong>PAR</strong></span> <span class='ocrx_word' id='word_1_333' title='bbox 3029 2961 3396 3030; x_wconf 85' lang='lat' dir='ltr'><strong>MIGHEL</strong></span> <span class='ocrx_word' id='word_1_334' title='bbox 3458 2962 3593 3030; x_wconf 85' lang='lat' dir='ltr'><strong>DV</strong></span> <span class='ocrx_word' id='word_1_335' title='bbox 3648 2961 3884 3031; x_wconf 74' lang='lat' dir='ltr'><strong>BOIS.</strong></span> <span class='ocrx_word' id='word_1_336' title='bbox 3974 2964 4069 3030; x_wconf 81' lang='lat' dir='ltr'><strong>M.</strong></span> <span class='ocrx_word' id='word_1_337' title='bbox 4122 2965 4208 3031; x_wconf 95' lang='lat' dir='ltr'><strong>D.</strong></span> <span class='ocrx_word' id='word_1_338' title='bbox 4260 2964 4463 3033; x_wconf 85' lang='lat' dir='ltr'><strong>XLI..</strong></span> 
     </span>
     <span class='ocr_line' id='line_1_25' title="bbox 446 3073 2655 3157; baseline 0.001 -18"><span class='ocrx_word' id='word_1_339' title='bbox 446 3073 637 3139; x_wconf 81' lang='lat' dir='ltr'><strong>Folio</strong></span> <span class='ocrx_word' id='word_1_340' title='bbox 679 3075 892 3157; x_wconf 91' lang='lat' dir='ltr'><strong>primo</strong></span> <span class='ocrx_word' id='word_1_341' title='bbox 938 3094 1128 3140; x_wconf 89' lang='lat' dir='ltr'><strong>verso</strong></span> <span class='ocrx_word' id='word_1_342' title='bbox 1167 3073 1557 3155; x_wconf 91' lang='lat' dir='ltr'><strong>inscriptum</strong></span> <span class='ocrx_word' id='word_1_343' title='bbox 1601 3079 1703 3139; x_wconf 90' lang='lat' dir='ltr'><strong>est</strong></span> <span class='ocrx_word' id='word_1_344' title='bbox 1744 3093 2008 3138; x_wconf 90' lang='lat' dir='ltr'><strong>carmen</strong></span> <span class='ocrx_word' id='word_1_345' title='bbox 2053 3074 2461 3140; x_wconf 88' lang='lat' dir='ltr'><strong>acrostichon</strong></span> <span class='ocrx_word' id='word_1_346' title='bbox 2505 3075 2655 3141; x_wconf 90' lang='lat' dir='ltr'><strong>hoc:</strong></span> 
     </span>
    </p>
   </div>
   <div class='ocr_carea' id='block_1_5' title="bbox 1575 3235 3236 4561">
    <p class='ocr_par' dir='ltr' id='par_1_8' title="bbox 1977 3235 2919 3411">
     <span class='ocr_line' id='line_1_26' title="bbox 1977 3235 2919 3318; baseline 0.003 -18"><span class='ocrx_word' id='word_1_347' title='bbox 1977 3235 2430 3318; x_wconf 74' lang='lat' dir='ltr'><strong>L’impm&#39;meur</strong></span> <span class='ocrx_word' id='word_1_348' title='bbox 2470 3257 2604 3303; x_wconf 71' lang='lat' dir='ltr'><strong>aux</strong></span> <span class='ocrx_word' id='word_1_349' title='bbox 2645 3237 2919 3303; x_wconf 76' lang='lat' dir='ltr'><strong>lecteurs.</strong></span> 
     </span>
     <span class='ocr_line' id='line_1_27' title="bbox 2337 3355 2566 3411; baseline 0.009 -2"><span class='ocrx_word' id='word_1_350' title='bbox 2337 3355 2566 3411; x_wconf 68' lang='lat' dir='ltr'><strong>Dizaia.</strong></span> 
     </span>
    </p>

    <p class='ocr_par' dir='ltr' id='par_1_9' title="bbox 1575 3476 3236 4561">
     <span class='ocr_line' id='line_1_28' title="bbox 1598 3476 3123 3560; baseline -0.001 -16"><span class='ocrx_word' id='word_1_351' title='bbox 1598 3476 1857 3544; x_wconf 68' lang='lat' dir='ltr'><strong>leuues</strong></span> <span class='ocrx_word' id='word_1_352' title='bbox 1899 3481 1955 3540; x_wconf 81' lang='lat' dir='ltr'><strong>et</strong></span> <span class='ocrx_word' id='word_1_353' title='bbox 1992 3477 2179 3541; x_wconf 74' lang='lat' dir='ltr'><strong>vieux</strong></span> <span class='ocrx_word' id='word_1_354' title='bbox 2219 3477 2279 3542; x_wconf 75' lang='lat' dir='ltr'><strong>si</strong></span> <span class='ocrx_word' id='word_1_355' title='bbox 2320 3498 2474 3542; x_wconf 75' lang='lat' dir='ltr'><strong>vous·</strong></span> <span class='ocrx_word' id='word_1_356' title='bbox 2516 3477 2730 3542; x_wconf 72' lang='lat' dir='ltr'><strong>voulez</strong></span> <span class='ocrx_word' id='word_1_357' title='bbox 2771 3479 3123 3560; x_wconf 74' lang='lat' dir='ltr'><strong>apprendre</strong></span> 
     </span>
     <span class='ocr_line' id='line_1_29' title="bbox 1576 3587 2773 3670; baseline -0.003 -14"><span class='ocrx_word' id='word_1_358' title='bbox 1576 3587 2028 3656; x_wconf 75' lang='lat' dir='ltr'><strong>Entierement</strong></span> <span class='ocrx_word' id='word_1_359' title='bbox 2066 3587 2146 3653; x_wconf 72' lang='lat' dir='ltr'><strong>ou</strong></span> <span class='ocrx_word' id='word_1_360' title='bbox 2179 3589 2305 3670; x_wconf 73' lang='lat' dir='ltr'><strong>yist</strong></span> <span class='ocrx_word' id='word_1_361' title='bbox 2346 3593 2553 3654; x_wconf 61' lang='lat' dir='ltr'><strong>nostre</strong></span> <span class='ocrx_word' id='word_1_362' title='bbox 2590 3590 2773 3668; x_wconf 81' lang='lat' dir='ltr'><strong>salut,</strong></span> 
     </span>
     <span class='ocr_line' id='line_1_30' title="bbox 1580 3697 3050 3783; baseline 0 -17"><span class='ocrx_word' id='word_1_363' title='bbox 1580 3697 1774 3766; x_wconf 74' lang='lat' dir='ltr'><strong>Avec</strong></span> <span class='ocrx_word' id='word_1_364' title='bbox 1815 3699 2086 3763; x_wconf 83' lang='lat' dir='ltr'><strong>douceur</strong></span> <span class='ocrx_word' id='word_1_365' title='bbox 2126 3699 2187 3764; x_wconf 81' lang='lat' dir='ltr'><strong>ie</strong></span> <span class='ocrx_word' id='word_1_366' title='bbox 2229 3719 2382 3764; x_wconf 76' lang='lat' dir='ltr'><strong>vous</strong></span> <span class='ocrx_word' id='word_1_367' title='bbox 2422 3700 2653 3783; x_wconf 78' lang='lat' dir='ltr'><strong>supply</strong></span> <span class='ocrx_word' id='word_1_368' title='bbox 2694 3701 3050 3781; x_wconf 76' lang='lat' dir='ltr'><strong>d&#39;entendre,</strong></span> 
     </span>
     <span class='ocr_line' id='line_1_31' title="bbox 1577 3810 3005 3893; baseline -0.001 -15"><span class='ocrx_word' id='word_1_369' title='bbox 1577 3810 1668 3878; x_wconf 75' lang='lat' dir='ltr'><strong><em>N</em></strong></span> <span class='ocrx_word' id='word_1_370' title='bbox 1676 3830 1708 3874; x_wconf 83' lang='lat' dir='ltr'><strong>e</strong></span> <span class='ocrx_word' id='word_1_371' title='bbox 1748 3830 1902 3875; x_wconf 84' lang='lat' dir='ltr'><strong>vous</strong></span> <span class='ocrx_word' id='word_1_372' title='bbox 1944 3810 2254 3876; x_wconf 61' lang='lat' dir='ltr'><strong>broublant</strong></span> <span class='ocrx_word' id='word_1_373' title='bbox 2282 3832 2414 3893; x_wconf 76' lang='lat' dir='ltr'><strong>par</strong></span> <span class='ocrx_word' id='word_1_374' title='bbox 2458 3832 2677 3876; x_wconf 83' lang='lat' dir='ltr'><strong>erreur</strong></span> <span class='ocrx_word' id='word_1_375' title='bbox 2717 3812 3005 3880; x_wconf 62' lang='lat' dir='ltr'><strong>dissolvat.-</strong></span> 
     </span>
     <span class='ocr_line' id='line_1_32' title="bbox 1587 3921 3005 4005; baseline -0.001 -15"><span class='ocrx_word' id='word_1_376' title='bbox 1587 3921 1774 3990; x_wconf 73' lang='lat' dir='ltr'><strong>v‘est</strong></span> <span class='ocrx_word' id='word_1_377' title='bbox 1817 3942 1889 3985; x_wconf 84' lang='lat' dir='ltr'><strong>en</strong></span> <span class='ocrx_word' id='word_1_378' title='bbox 1937 3921 2123 3986; x_wconf 78' lang='lat' dir='ltr'><strong>Iesus</strong></span> <span class='ocrx_word' id='word_1_379' title='bbox 2165 3923 2277 4005; x_wconf 81' lang='lat' dir='ltr'><strong>qui</strong></span> <span class='ocrx_word' id='word_1_380' title='bbox 2318 3943 2383 3986; x_wconf 83' lang='lat' dir='ltr'><strong>ce</strong></span> <span class='ocrx_word' id='word_1_381' title='bbox 2423 3923 2734 3988; x_wconf 83' lang='lat' dir='ltr'><strong>ordonner</strong></span> <span class='ocrx_word' id='word_1_382' title='bbox 2775 3923 3005 4002; x_wconf 79' lang='lat' dir='ltr'><strong>voulut,</strong></span> 
     </span>
     <span class='ocr_line' id='line_1_33' title="bbox 1579 4031 2870 4116; baseline 0 -16"><span class='ocrx_word' id='word_1_383' title='bbox 1579 4031 1658 4100; x_wconf 75' lang='lat' dir='ltr'><strong><em>A</em></strong></span> <span class='ocrx_word' id='word_1_384' title='bbox 1660 4052 1816 4112; x_wconf 79' lang='lat' dir='ltr'><strong>pres</strong></span> <span class='ocrx_word' id='word_1_385' title='bbox 1862 4034 2041 4099; x_wconf 80' lang='lat' dir='ltr'><strong>avoir</strong></span> <span class='ocrx_word' id='word_1_386' title='bbox 2083 4054 2226 4100; x_wconf 78' lang='lat' dir='ltr'><strong>avec</strong></span> <span class='ocrx_word' id='word_1_387' title='bbox 2268 4034 2360 4098; x_wconf 81' lang='lat' dir='ltr'><strong>les</strong></span> <span class='ocrx_word' id='word_1_388' title='bbox 2400 4036 2570 4100; x_wconf 80' lang='lat' dir='ltr'><strong>siens</strong></span> <span class='ocrx_word' id='word_1_389' title='bbox 2611 4035 2870 4116; x_wconf 67' lang='lat' dir='ltr'><strong>souppe,</strong></span> 
     </span>
     <span class='ocr_line' id='line_1_34' title="bbox 1577 4145 2945 4229; baseline -0.001 -18"><span class='ocrx_word' id='word_1_390' title='bbox 1577 4145 1785 4211; x_wconf 69' lang='lat' dir='ltr'><strong>Lem·</strong></span> <span class='ocrx_word' id='word_1_391' title='bbox 1825 4149 2238 4209; x_wconf 77' lang='lat' dir='ltr'><strong>remonstrant</strong></span> <span class='ocrx_word' id='word_1_392' title='bbox 2283 4166 2400 4227; x_wconf 81' lang='lat' dir='ltr'><strong>que</strong></span> <span class='ocrx_word' id='word_1_393' title='bbox 2441 4147 2681 4229; x_wconf 71' lang='lat' dir='ltr'><strong>l’espm&#39;t</strong></span> <span class='ocrx_word' id='word_1_394' title='bbox 2722 4147 2945 4226; x_wconf 62' lang='lat' dir='ltr'><strong>occup&amp;</strong></span> 
     </span>
     <span class='ocr_line' id='line_1_35' title="bbox 1590 4255 3236 4339; baseline -0.001 -14"><span class='ocrx_word' id='word_1_395' title='bbox 1590 4255 1818 4334; x_wconf 65' lang='lat' dir='ltr'><strong>Vetat,</strong></span> <span class='ocrx_word' id='word_1_396' title='bbox 1866 4261 1922 4319; x_wconf 77' lang='lat' dir='ltr'><strong>et</strong></span> <span class='ocrx_word' id='word_1_397' title='bbox 1965 4277 2042 4320; x_wconf 82' lang='lat' dir='ltr'><strong>ne</strong></span> <span class='ocrx_word' id='word_1_398' title='bbox 2074 4261 2230 4337; x_wconf 72' lang='lat' dir='ltr'><strong>peut</strong></span> <span class='ocrx_word' id='word_1_399' title='bbox 2273 4257 2363 4321; x_wconf 75' lang='lat' dir='ltr'><strong>les</strong></span> <span class='ocrx_word' id='word_1_400' title='bbox 2398 4257 2596 4339; x_wconf 69' lang='lat' dir='ltr'><strong>faictz</strong></span> <span class='ocrx_word' id='word_1_401' title='bbox 2627 4260 2705 4324; x_wconf 84' lang='lat' dir='ltr'><strong>de</strong></span> <span class='ocrx_word' id='word_1_402' title='bbox 2737 4256 2911 4322; x_wconf 80' lang='lat' dir='ltr'><strong>Dieu</strong></span> <span class='ocrx_word' id='word_1_403' title='bbox 2953 4258 3236 4338; x_wconf 66' lang='lat' dir='ltr'><strong>spavoir:</strong></span> 
     </span>
     <span class='ocr_line' id='line_1_36' title="bbox 1593 4366 3056 4452; baseline -0.001 -17"><span class='ocrx_word' id='word_1_404' title='bbox 1593 4366 1687 4435; x_wconf 84' lang='lat' dir='ltr'><strong>Il</strong></span> <span class='ocrx_word' id='word_1_405' title='bbox 1727 4387 1885 4431; x_wconf 78' lang='lat' dir='ltr'><strong>nous</strong></span> <span class='ocrx_word' id='word_1_406' title='bbox 1924 4367 2092 4449; x_wconf 77' lang='lat' dir='ltr'><strong>fault</strong></span> <span class='ocrx_word' id='word_1_407' title='bbox 2132 4368 2327 4452; x_wconf 66' lang='grc' dir='ltr'><strong>ἅσπερ</strong></span> <span class='ocrx_word' id='word_1_408' title='bbox 2370 4367 2530 4450; x_wconf 79' lang='lat' dir='ltr'><strong>(tout</strong></span> <span class='ocrx_word' id='word_1_409' title='bbox 2568 4369 2744 4435; x_wconf 79' lang='lat' dir='ltr'><strong>desir</strong></span> <span class='ocrx_word' id='word_1_410' title='bbox 2787 4369 3056 4452; x_wconf 64' lang='lat' dir='ltr'><strong>extio-pe)</strong></span> 
     </span>
     <span class='ocr_line' id='line_1_37' title="bbox 1575 4479 3147 4561; baseline -0.001 -14"><span class='ocrx_word' id='word_1_411' title='bbox 1575 4479 1782 4547; x_wconf 76' lang='lat' dir='ltr'><strong>Nous</strong></span> <span class='ocrx_word' id='word_1_412' title='bbox 1823 4480 2046 4544; x_wconf 79' lang='lat' dir='ltr'><strong>rendre</strong></span> <span class='ocrx_word' id='word_1_413' title='bbox 2088 4479 2130 4542; x_wconf 81' lang='grc' dir='ltr'><strong>ἰι</strong></span> <span class='ocrx_word' id='word_1_414' title='bbox 2173 4479 2286 4561; x_wconf 78' lang='lat' dir='ltr'><strong>luy</strong></span> <span class='ocrx_word' id='word_1_415' title='bbox 2312 4500 2489 4560; x_wconf 76' lang='lat' dir='ltr'><strong>pour</strong></span> <span class='ocrx_word' id='word_1_416' title='bbox 2531 4500 2595 4544; x_wconf 81' lang='lat' dir='ltr'><strong>ce</strong></span> <span class='ocrx_word' id='word_1_417' title='bbox 2637 4480 2776 4546; x_wconf 79' lang='lat' dir='ltr'><strong>bien</strong></span> <span class='ocrx_word' id='word_1_418' title='bbox 2805 4483 3147 4561; x_wconf 78' lang='lat' dir='ltr'><strong>percevoir.</strong></span> 
     </span>
    </p>
   </div>
   <div class='ocr_carea' id='block_1_6' title="bbox 446 4629 4453 5056">
    <p class='ocr_par' dir='ltr' id='par_1_10' title="bbox 446 4629 4453 4936">
     <span class='ocr_line' id='line_1_38' title="bbox 755 4629 4451 4720; baseline 0.002 -25"><span class='ocrx_word' id='word_1_419' title='bbox 755 4629 982 4695; x_wconf 86' lang='lat' dir='ltr'><strong>Editio</strong></span> <span class='ocrx_word' id='word_1_420' title='bbox 1025 4631 1226 4695; x_wconf 73' lang='lat' dir='ltr'><strong>altera</strong></span> <span class='ocrx_word' id='word_1_421' title='bbox 1269 4652 1440 4695; x_wconf 88' lang='lat' dir='ltr'><strong>anno</strong></span> <span class='ocrx_word' id='word_1_422' title='bbox 1482 4632 1781 4714; x_wconf 81' lang='lat' dir='ltr'><strong>proximo</strong></span> <span class='ocrx_word' id='word_1_423' title='bbox 1827 4630 2068 4715; x_wconf 88' lang='lat' dir='ltr'><strong>prodiit</strong></span> <span class='ocrx_word' id='word_1_424' title='bbox 2110 4654 2240 4698; x_wconf 91' lang='lat' dir='ltr'><strong>non</strong></span> <span class='ocrx_word' id='word_1_425' title='bbox 2283 4633 2569 4700; x_wconf 88' lang='lat' dir='ltr'><strong>indicato</strong></span> <span class='ocrx_word' id='word_1_426' title='bbox 2613 4635 2752 4700; x_wconf 89' lang='lat' dir='ltr'><strong>loco</strong></span> <span class='ocrx_word' id='word_1_427' title='bbox 2792 4657 3003 4718; x_wconf 89' lang='lat' dir='ltr'><strong>neque</strong></span> <span class='ocrx_word' id='word_1_428' title='bbox 3049 4634 3447 4720; x_wconf 85' lang='lat' dir='ltr'><strong>typographi</strong></span> <span class='ocrx_word' id='word_1_429' title='bbox 3489 4636 3772 4713; x_wconf 91' lang='lat' dir='ltr'><strong>nomine,</strong></span> <span class='ocrx_word' id='word_1_430' title='bbox 3817 4634 3933 4700; x_wconf 90' lang='lat' dir='ltr'><strong>sed</strong></span> <span class='ocrx_word' id='word_1_431' title='bbox 3973 4636 4137 4700; x_wconf 86' lang='lat' dir='ltr'><strong>citra</strong></span> <span class='ocrx_word' id='word_1_432' title='bbox 4176 4637 4451 4703; x_wconf 82' lang='lat' dir='ltr'><strong>dubium</strong></span> 
     </span>
     <span class='ocr_line' id='line_1_39' title="bbox 449 4737 4453 4830; baseline 0.001 -21"><span class='ocrx_word' id='word_1_433' title='bbox 449 4742 778 4820; x_wconf 81' lang='lat' dir='ltr'><strong>Genevae,</strong></span> <span class='ocrx_word' id='word_1_434' title='bbox 825 4740 997 4824; x_wconf 92' lang='lat' dir='ltr'><strong>quod</strong></span> <span class='ocrx_word' id='word_1_435' title='bbox 1040 4764 1122 4807; x_wconf 83' lang='lat' dir='ltr'><strong>ex</strong></span> <span class='ocrx_word' id='word_1_436' title='bbox 1168 4751 1477 4826; x_wconf 77' lang='lat' dir='ltr'><strong>typorum</strong></span> <span class='ocrx_word' id='word_1_437' title='bbox 1516 4744 1743 4820; x_wconf 81' lang='lat' dir='ltr'><strong>forma,</strong></span> <span class='ocrx_word' id='word_1_438' title='bbox 1792 4745 1901 4826; x_wconf 81' lang='lat' dir='ltr'><strong>qui</strong></span> <span class='ocrx_word' id='word_1_439' title='bbox 1948 4745 2082 4809; x_wconf 87' lang='lat' dir='ltr'><strong>iam</strong></span> <span class='ocrx_word' id='word_1_440' title='bbox 2123 4745 2409 4811; x_wconf 87' lang='lat' dir='ltr'><strong>minores</strong></span> <span class='ocrx_word' id='word_1_441' title='bbox 2453 4757 2521 4810; x_wconf 83' lang='lat' dir='ltr'><strong>et</strong></span> <span class='ocrx_word' id='word_1_442' title='bbox 2561 4746 2898 4811; x_wconf 87' lang='lat' dir='ltr'><strong>nitidiores</strong></span> <span class='ocrx_word' id='word_1_443' title='bbox 2942 4754 3101 4813; x_wconf 92' lang='lat' dir='ltr'><strong>sunt</strong></span> <span class='ocrx_word' id='word_1_444' title='bbox 3142 4767 3339 4830; x_wconf 90' lang='lat' dir='ltr'><strong>quam</strong></span> <span class='ocrx_word' id='word_1_445' title='bbox 3383 4749 3452 4811; x_wconf 91' lang='lat' dir='ltr'><strong>in</strong></span> <span class='ocrx_word' id='word_1_446' title='bbox 3497 4746 3831 4830; x_wconf 88' lang='lat' dir='ltr'><strong>superiore</strong></span> <span class='ocrx_word' id='word_1_447' title='bbox 3874 4737 4186 4827; x_wconf 86' lang='lat' dir='ltr'><strong>editione,</strong></span> <span class='ocrx_word' id='word_1_448' title='bbox 4241 4750 4453 4816; x_wconf 86' lang='lat' dir='ltr'><strong>cuivis</strong></span> 
     </span>
     <span class='ocr_line' id='line_1_40' title="bbox 446 4852 1838 4936; baseline 0 -18"><span class='ocrx_word' id='word_1_449' title='bbox 446 4853 636 4919; x_wconf 84' lang='lat' dir='ltr'><strong>facile</strong></span> <span class='ocrx_word' id='word_1_450' title='bbox 679 4853 944 4936; x_wconf 88' lang='lat' dir='ltr'><strong>patebit.</strong></span> <span class='ocrx_word' id='word_1_451' title='bbox 1036 4852 1330 4917; x_wconf 79' lang='lat' dir='ltr'><strong>Titulum</strong></span> <span class='ocrx_word' id='word_1_452' title='bbox 1377 4853 1575 4918; x_wconf 85' lang='lat' dir='ltr'><strong>habet</strong></span> <span class='ocrx_word' id='word_1_453' title='bbox 1613 4855 1838 4920; x_wconf 89' lang='lat' dir='ltr'><strong>talem:</strong></span> 
     </span>
    </p>

    <p class='ocr_par' dir='ltr' id='par_1_11' title="bbox 756 4949 4448 5056">
     <span class='ocr_line' id='line_1_41' title="bbox 756 4949 4448 5056; baseline 0.002 -24"><span class='ocrx_word' id='word_1_454' title='bbox 756 4951 1125 5033; x_wconf 79' lang='lat' dir='ltr'>PETIT</span> <span class='ocrx_word' id='word_1_455' title='bbox 1183 4949 1194 5054; x_wconf 84' lang='grc' dir='ltr'>Ι</span> <span class='ocrx_word' id='word_1_456' title='bbox 1250 4974 1565 5028; x_wconf 77' lang='lat' dir='ltr'>TRAICTE</span> <span class='ocrx_word' id='word_1_457' title='bbox 1604 4976 1704 5029; x_wconf 85' lang='lat' dir='ltr'><strong>DE</strong></span> <span class='ocrx_word' id='word_1_458' title='bbox 1741 4978 1839 5031; x_wconf 88' lang='lat' dir='ltr'><strong>LA</strong></span> <span class='ocrx_word' id='word_1_459' title='bbox 1877 4975 1886 5043; x_wconf 89' lang='grc' dir='ltr'>Ι</span> <span class='ocrx_word' id='word_1_460' title='bbox 1931 4978 2242 5032; x_wconf 84' lang='lat' dir='ltr'>SAINCTE</span> <span class='ocrx_word' id='word_1_461' title='bbox 2293 4978 2486 5033; x_wconf 84' lang='lat' dir='ltr'>CENE</span> <span class='ocrx_word' id='word_1_462' title='bbox 2529 4979 2631 5033; x_wconf 88' lang='lat' dir='ltr'><strong>DE</strong></span> <span class='ocrx_word' id='word_1_463' title='bbox 2672 4976 2681 5043; x_wconf 84' lang='grc' dir='ltr'>Ι</span> <span class='ocrx_word' id='word_1_464' title='bbox 2717 4976 2942 5035; x_wconf 88' lang='lat' dir='ltr'><strong>nostre</strong></span> <span class='ocrx_word' id='word_1_465' title='bbox 2987 4967 3313 5052; x_wconf 82' lang='lat' dir='ltr'><strong>Seigneur</strong></span> <span class='ocrx_word' id='word_1_466' title='bbox 3354 4969 3544 5034; x_wconf 91' lang='lat' dir='ltr'><strong>Iesus</strong></span> <span class='ocrx_word' id='word_1_467' title='bbox 3584 4967 3831 5036; x_wconf 84' lang='lat' dir='ltr'><strong>Christ.</strong></span> <span class='ocrx_word' id='word_1_468' title='bbox 3876 4970 3884 5056; x_wconf 84' lang='grc' dir='ltr'>Ι</span> <span class='ocrx_word' id='word_1_469' title='bbox 4184 4972 4448 5055; x_wconf 88' lang='lat' dir='ltr'><strong>Auquel</strong></span> 
     </span>
    </p>
   </div>
   <div class='ocr_carea' id='block_1_7' title="bbox 447 5073 4465 5172">
    <p class='ocr_par' dir='ltr' id='par_1_12' title="bbox 447 5073 4465 5172">
     <span class='ocr_line' id='line_1_42' title="bbox 447 5073 4465 5172; baseline 0.002 -31"><span class='ocrx_word' id='word_1_470' title='bbox 447 5083 548 5142; x_wconf 90' lang='lat' dir='ltr'><strong>cst</strong></span> <span class='ocrx_word' id='word_1_471' title='bbox 591 5076 966 5141; x_wconf 65' lang='lat' dir='ltr'><strong>demonstra</strong></span> <span class='ocrx_word' id='word_1_472' title='bbox 1008 5073 1074 5139; x_wconf 86' lang='lat' dir='ltr'><strong>la</strong></span> <span class='ocrx_word' id='word_1_473' title='bbox 1112 5096 1313 5160; x_wconf 77' lang='lat' dir='ltr'><strong>vraye</strong></span> <span class='ocrx_word' id='word_1_474' title='bbox 1359 5077 1626 5139; x_wconf 88' lang='lat' dir='ltr'><strong>institu-</strong></span> <span class='ocrx_word' id='word_1_475' title='bbox 1653 5077 1662 5158; x_wconf 94' lang='grc' dir='ltr'>Ι</span> <span class='ocrx_word' id='word_1_476' title='bbox 1689 5078 1846 5157; x_wconf 89' lang='lat' dir='ltr'><strong>tion,</strong></span> <span class='ocrx_word' id='word_1_477' title='bbox 1892 5082 2095 5163; x_wconf 88' lang='lat' dir='ltr'><strong>profit</strong></span> <span class='ocrx_word' id='word_1_478' title='bbox 2138 5089 2205 5145; x_wconf 91' lang='lat' dir='ltr'><strong>et</strong></span> <span class='ocrx_word' id='word_1_479' title='bbox 2245 5080 2458 5146; x_wconf 81' lang='lat' dir='ltr'><strong>vtilite</strong></span> <span class='ocrx_word' id='word_1_480' title='bbox 2504 5078 2787 5146; x_wconf 86' lang='lat' dir='ltr'><strong>d’icelle:</strong></span> <span class='ocrx_word' id='word_1_481' title='bbox 2831 5081 3082 5146; x_wconf 84' lang='lat' dir='ltr'><strong>Ensem</strong></span> <span class='ocrx_word' id='word_1_482' title='bbox 3108 5079 3118 5163; x_wconf 90' lang='grc' dir='ltr'>Ι</span> <span class='ocrx_word' id='word_1_483' title='bbox 3143 5079 3276 5158; x_wconf 90' lang='lat' dir='ltr'><strong>ble,</strong></span> <span class='ocrx_word' id='word_1_484' title='bbox 3333 5079 3399 5144; x_wconf 85' lang='lat' dir='ltr'><strong>la</strong></span> <span class='ocrx_word' id='word_1_485' title='bbox 3441 5102 3636 5148; x_wconf 88' lang='lat' dir='ltr'><strong>cause</strong></span> <span class='ocrx_word' id='word_1_486' title='bbox 3680 5101 4021 5169; x_wconf 80' lang='lat' dir='ltr'><strong>pourquoy</strong></span> <span class='ocrx_word' id='word_1_487' title='bbox 4061 5081 4386 5165; x_wconf 87' lang='lat' dir='ltr'><strong>plusieurs</strong></span> <span class='ocrx_word' id='word_1_488' title='bbox 4434 5082 4465 5172; x_wconf 89' lang='grc' dir='ltr'>Ι</span> 
     </span>
    </p>
   </div>
   <div class='ocr_carea' id='block_1_8' title="bbox 447 5173 3231 5272">
    <p class='ocr_par' dir='ltr' id='par_1_13' title="bbox 447 5173 3231 5272">
     <span class='ocr_line' id='line_1_43' title="bbox 447 5173 3231 5272; baseline 0.001 -20"><span class='ocrx_word' id='word_1_489' title='bbox 447 5188 563 5254; x_wconf 89' lang='lat' dir='ltr'><strong>des</strong></span> <span class='ocrx_word' id='word_1_490' title='bbox 605 5187 959 5253; x_wconf 84' lang='lat' dir='ltr'><strong>Modernes</strong></span> <span class='ocrx_word' id='word_1_491' title='bbox 1004 5186 1328 5252; x_wconf 88' lang='lat' dir='ltr'><strong>semblent</strong></span> <span class='ocrx_word' id='word_1_492' title='bbox 1371 5208 1455 5251; x_wconf 90' lang='lat' dir='ltr'><strong>en</strong></span> <span class='ocrx_word' id='word_1_493' title='bbox 1499 5188 1683 5252; x_wconf 86' lang='lat' dir='ltr'><strong>auoir</strong></span> <span class='ocrx_word' id='word_1_494' title='bbox 1725 5210 1795 5254; x_wconf 90' lang='lat' dir='ltr'><strong>es</strong></span> <span class='ocrx_word' id='word_1_495' title='bbox 1823 5189 1832 5270; x_wconf 94' lang='grc' dir='ltr'>Ι</span> <span class='ocrx_word' id='word_1_496' title='bbox 1862 5191 1988 5255; x_wconf 89' lang='lat' dir='ltr'><strong>crit</strong></span> <span class='ocrx_word' id='word_1_497' title='bbox 2032 5173 2491 5256; x_wconf 82' lang='lat' dir='ltr'><strong>diuersement.</strong></span> <span class='ocrx_word' id='word_1_498' title='bbox 2535 5197 2545 5272; x_wconf 86' lang='grc' dir='ltr'>Ι</span> <span class='ocrx_word' id='word_1_499' title='bbox 2848 5201 2923 5255; x_wconf 86' lang='grc' dir='ltr'><strong>Μ.</strong></span> <span class='ocrx_word' id='word_1_500' title='bbox 2958 5200 3024 5254; x_wconf 91' lang='lat' dir='ltr'><strong>D.</strong></span> <span class='ocrx_word' id='word_1_501' title='bbox 3060 5201 3231 5255; x_wconf 87' lang='lat' dir='ltr'><strong>XLII.</strong></span> 
     </span>
    </p>
   </div>
   <div class='ocr_carea' id='block_1_9' title="bbox 4972 5 4974 3564">
    <p class='ocr_par' dir='ltr' id='par_1_14' title="bbox 4972 5 4974 3564">
     <span class='ocr_line' id='line_1_44' title="bbox 4972 5 4974 3564; baseline 0 0"><span class='ocrx_word' id='word_1_502' title='bbox 4972 5 4974 3564; x_wconf 95' lang='lat' dir='ltr'><strong> </strong></span> 
     </span>
    </p>
   </div>
   <div class='ocr_carea' id='block_1_10' title="bbox 4972 3851 4974 4916">
    <p class='ocr_par' dir='ltr' id='par_1_15' title="bbox 4972 3851 4974 4916">
     <span class='ocr_line' id='line_1_45' title="bbox 4972 3851 4974 4916; baseline 0 0"><span class='ocrx_word' id='word_1_503' title='bbox 4972 3851 4974 4916; x_wconf 95' lang='lat' dir='ltr'><strong> </strong></span> 
     </span>
    </p>
   </div>
  </div>
 </body>
</html>
