4984 5975
608 294 732 358 103

789 481 1147 548 Fortunam
1206 502 1391 547 suam
1426 479 1870 568 publicaverit]
1928 480 2075 545 Hoc
2141 479 2320 545 enim
2384 479 2561 544 inter

612 590 896 653 regnum
938 574 1004 633 et
1046 566 1463 652 tyrannidem
1507 567 1810 646 interest,
1857 565 2032 647 quod
2076 565 2241 630 illud
2299 563 2384 629 ad
2437 564 2560 649 pu'-

608 653 851 722 blicam
892 653 1249 718 utilitatem
1299 653 1587 735 pertinet
1602 703 1618 731 ,
1671 652 1835 717 haec
1889 653 2164 734 privatis
2206 648 2563 717 commodis

602 740 996 804 continetur.
1063 738 1197 803 Pro
1241 760 1317 803 eo
1361 738 1531 822 quod
1574 738 1682 803 hic
1720 735 1972 803 Seneca
2018 735 2347 820 publicare
2383 735 2560 813 dicit,

601 823 879 891 Curtius
921 823 1211 908 vulgare.
1276 824 1500 890 Verba
1540 832 1699 888 sunt
1737 823 1906 887 libro
1936 823 2089 888 DL:
2133 821 2243 887 Ad
2266 823 2408 893 hoc,
2453 822 2560 885 iti-

607 911 788 975 neris
836 908 1025 975 labor
1080 921 1146 975 et
1198 909 1542 994 aegritudo
1585 909 1790 974 animi
1845 909 2233 993 vulgaverat
2280 907 2556 972 morbos.

605 995 809 1061 Item:
833 995 927 1060 Et
947 996 1327 1080 contagium
1349 994 1563 1059 morbi
1585 995 1786 1059 etiam
1804 995 1875 1058 in
1894 994 2054 1059 alios
2072 993 2419 1077 vulgatum
2439 1003 2556 1057 est.

788 1081 1079 1147 Sermone
1113 1080 1409 1163 affabilis,
1448 1100 1814 1160 accessuque
1843 1077 2090 1165 facilis]
2129 1078 2307 1143 Vere
2339 1079 2561 1160 regiae

610 1167 894 1233 virtutes
911 1217 927 1246 ,
984 1188 1143 1249 prae
1188 1189 1257 1232 se
1300 1167 1471 1231 ferre
1514 1166 1845 1248 quandam
1900 1164 2218 1234 sermonis
2275 1165 2560 1229 suavita-

608 1261 772 1331 tem,
819 1273 986 1336 quae
1030 1251 1276 1319 alliciat
1314 1253 1535 1335 potius
1581 1271 1779 1334 quam
1832 1251 2188 1329 deterreat,
2257 1247 2562 1314 omnibus

604 1349 687 1404 'se
729 1339 987 1404 facilem
1031 1347 1098 1402 et
1131 1339 1501 1420 expositum
1544 1335 1871 1414 exhibere,
1917 1344 2037 1402 etc.

787 1424 1036 1507 Aequis
1080 1424 1414 1489 desideriis
1448 1420 1828 1508 propmasas]
1876 1423 2245 1504 Utrumque
2281 1420 2563 1503 principi

611 1508 1126 1587 observandum,
1180 1520 1260 1590 ut
1314 1508 1487 1591 quod
1530 1528 1815 1591 aequum
1858 1517 1976 1585 est,
2022 1527 2156 1571 non
2198 1526 2395 1589 aegre
2435 1507 2561 1570 im-

606 1596 857 1680 petrari
902 1617 943 1660 a
986 1615 1057 1660 se
1099 1597 1466 1677 permittat,
1513 1601 1583 1659 et
1623 1615 1709 1658 ne
1753 1600 2008 1657 tantam
2051 1593 2185 1657 suis
2230 1591 2561 1657 licentiam

606 1679 970 1776 indulgeat,
1027 1686 1104 1744 ut
1152 1680 1409 1763 possint
1462 1680 1535 1744 in
1589 1678 1752 1744 alios
1805 1679 1955 1762 plus
2017 1698 2215 1760 quam
2282 1697 2562 1760 aequum

608 1774 711 1832 est
753 1786 1088 1849 usurpare.

785 1851 1034 1917 Eadem
1080 1852 1155 1917 de
1198 1850 1307 1915 illo
1350 1850 1628 1916 homines
1667 1848 1917 1935 secreto]
1966 1851 2028 1913 A
2072 1848 2263 1912 malis
2316 1847 2560 1930 princi-

606 1938 801 2022 pibus
843 1935 1071 2002 laudes
1114 1937 1181 2002 vi
1239 1944 1306 2001 et
1356 1945 1540 2001 metu
1595 1935 2089 2018 exprimuntur,
2140 1944 2560 1998 senatuscon-

616 2024 794 2090 sulta
833 2024 1211 2098 honorifica,
1304 2043 1428 2087 ane
1522 2021 1641 2087 rici
1684 2021 2005 2097 solennes,
2053 2019 2411 2084 theatricae
2456 2039 2564 2083 ac·

611 2110 1053 2176 clamationes.
1144 2043 1301 2174 Sedp
1323 2129 1412 2192 qu
1539 2128 1673 2172 non
1718 2106 1962 2172 audent
2003 2105 2301 2170 homines
2343 2103 2565 2186 palam

608 2194 1008 2278 praedicare,
1046 2193 1215 2259 alter
1249 2193 1321 2258 in
1358 2192 1633 2258 alterius
1669 2213 1859 2258 aures
1892 2198 2209 2257 mussant.
2280 2191 2566 2280 ,Bonum

605 2282 973 2366 principem
1016 2300 1211 2362 quem
1253 2278 1548 2356 laudant,
1594 2285 1837 2343 amant.
1906 2276 2217 2344 Laudant
2258 2276 2435 2340 enim
2480 2295 2564 2339 ex

609 2367 878 2443 affectu,
917 2387 1035 2431 nec
1072 2373 1321 2431 secreto
1357 2372 1805 2441 exsecrantur,
1843 2374 1919 2428 ut
1958 2369 2341 2448 tyrannum.
2429 2361 2564 2425 Ea-

609 2451 763 2518 dem
815 2452 952 2517 fere
1009 2458 1113 2516 est
1180 2450 1513 2516 sententia
1566 2451 1638 2514 in
1690 2450 2101 2534 Panegyrico
2143 2447 2378 2512 Plinii:
2424 2446 2581 2511 Nec'

609 2536 841 2604 eadem
880 2535 962 2601 de
995 2536 1292 2620 principe
1327 2535 1798 2620 praedicemuS,
1837 2555 2001 2618 quae
2043 2536 2243 2618 prius.
2333 2533 2564 2615 Neque

606 2624 787 2690 euim
822 2621 1052 2688 eadem
1095 2630 1345 2688 secreto
1390 2622 1694 2703 loquitur,
1741 2642 1906 2704 quae
1946 2620 2148 2704 prius.

788 2708 1030 2774 Tollere
1069 2708 1239 2788 filios
1281 2709 1566 2789 cupiunt]
1612 2706 1723 2772 Ad
1768 2704 2239 2789 rempublicam
2280 2703 2566 2785 pertinet

608 2793 833 2860 liberis
888 2792 1044 2857 dare
1098 2813 1397 2875 operam:
1457 2794 1696 2876 quippe
1751 2811 1918 2874 quae
1971 2789 2259 2855 hominis
2304 2794 2565 2853 tantum

607 2887 891 2945 aetatem
945 2877 1260 2942 duratura
1314 2879 1402 2942 sit
1417 2927 1433 2952 ,
1490 2878 1619 2943 nisi
1672 2899 1913 2943 novam
1965 2874 2214 2958 prolem
2259 2880 2566 2957 parentes

613 2965 890 3031 subinde
943 2963 1293 3029 sufficiant.
1385 2962 1580 3028 Unde
1634 2961 1745 3029 lex
1788 2961 2063 3040 Metelli,
2108 2960 2296 3026 cuius
2329 2956 2564 3023 memi-

613 3052 714 3116 nit
749 3049 1028 3128 Gellius,
1066 3070 1265 3131 quam
1302 3047 1576 3113 eandem
1612 3051 1959 3132 Augustus
1994 3046 2216 3112 suasit.
2284 3045 2378 3109 Et
2419 3045 2567 3108 iura

604 3137 969 3202 liberorum
1013 3133 1185 3216 apud
1232 3135 1587 3200 Romanos.
1672 3134 1766 3198 Et
1809 3131 1983 3216 apud
2024 3132 2371 3197 Platonem
2417 3136 2564 3208 [pag.

609 3229 714 3307 95]
755 3220 921 3286 libro
957 3230 1142 3286 sexto
1179 3219 1259 3284 de
1294 3220 1658 3302 Republica
1690 3221 1963 3305 punitur
1997 3217 2368 3283 caelibatus.
2427 3215 2565 3299 Igi-

608 3315 721 3373 tur
764 3307 908 3372 laus
953 3305 1372 3388 imperatoris
1416 3315 1514 3371 est
1530 3359 1546 3385 ,
1592 3305 1767 3389 quod
1808 3306 1931 3372 sub
1974 3305 2114 3370 eius
2157 3301 2430 3385 imperio
2472 3301 2564 3365 ci-

605 3415 725 3460 ves
792 3391 1022 3458 tollere
1092 3391 1262 3457 filios
1316 3392 1608 3475 cupiunt.
1709 3392 1790 3457 Id
1846 3392 2058 3474 ipsum
2113 3390 2285 3453 inter
2335 3386 2564 3452 laudes

602 3479 876 3545 Traiani
914 3478 1102 3563 ponit
1143 3476 1423 3543 Plinius.
1511 3478 1893 3556 Boeminas,
1929 3476 2169 3559 inquit,
2218 3480 2378 3539 tunc
2428 3472 2563 3538 foe-

602 3564 964 3633 cunditatis
1009 3584 1166 3629 suae
1208 3563 1502 3628 maxima
1541 3563 1846 3646 voluptas
1885 3561 2112 3638 subiit,
2168 3581 2369 3644 quum
2422 3580 2563 3624 cer-

602 3659 845 3718 nerent
881 3650 986 3718 cui
1032 3649 1312 3733 principi
1357 3651 1551 3727 cives,
1597 3648 1704 3715 cui
1747 3647 2122 3732 imperatori
2166 3645 2408 3711 milites
2447 3665 2562 3728 pe-

602 3740 949 3823 perissent.
1043 3732 1235 3815 Quod
1282 3734 1389 3800 hic
1432 3735 1660 3800 tollere
1696 3734 1866 3800 filios
1910 3734 2070 3799 dicit
2111 3730 2395 3810 Seneca,
2440 3752 2562 3795 nos

578 3838 592 3899 5
604 3825 803 3890 etiam
847 3821 1205 3888 vernacula
1243 3820 1474 3903 lingua
1517 3820 1781 3885 elevare
1825 3819 2122 3885 dicimus.
2214 3816 2562 3882 Terentius

603 3910 676 3974 in
712 3906 1496 3973 Heautontimorumeno:

879 4007 1225 4063 Meministin’
1262 4024 1344 4062 me
1382 4023 1502 4063 esse
1536 4006 1827 4076 gravidam,
1864 4016 1920 4061 et
1954 4006 2082 4059 mihi
2119 4013 2174 4059 te
2197 4007 2557 4073 maximopere

1873 4074 2284 4142 interminatum,
2307 4075 2346 4140 ¹)

879 4145 937 4198 Si
969 4145 1203 4212 puellam
1238 4160 1501 4211 parerem,
1536 4144 1681 4198 nolle
1716 4144 1871 4197 tolli?

602 4232 882 4300 Curtius
924 4231 1092 4295 libro
1137 4251 1340 4294 nono:
1395 4230 1672 4295 Genitos
1725 4230 1967 4296 liberos
2020 4249 2151 4293 non
2209 4235 2557 4311 parentum

602 4318 876 4384 arbitrio
921 4316 1192 4394 tollunt,
1250 4315 1594 4399 aiuntque:
1650 4315 1765 4381 sed
1822 4335 2047 4380 eorum
2089 4314 2327 4397 quibus
2372 4333 2557 4395 spec-

600 4403 791 4470 tandi
829 4403 1160 4468 infantum
1202 4400 1504 4466 habitum
1547 4423 1705 4468 cura
1742 4400 2057 4466 mandata
2091 4409 2206 4465 est.
2295 4397 2557 4464 Plinius

599 4490 851 4556 iunior:
876 4486 1269 4569 Locupletes
1292 4485 1377 4551 ad
1411 4485 1732 4554 tollendos
1766 4487 2003 4553 liberos
2035 4486 2334 4569 ingentia
2366 4506 2557 4568 prae·-

600 4575 765 4652 mia,
815 4582 883 4638 et
932 4594 1124 4656 pares
1172 4592 1419 4655 poenae
1471 4572 1921 4639 cohortantur:
1961 4569 2356 4655 pauperibus
2400 4568 2558 4635 edu-

604 4660 832 4727 candis
866 4678 1002 4724 una
1044 4657 1208 4721 ratio
1252 4665 1369 4737 est,
1413 4659 1625 4724 bonus
1666 4661 1988 4743 princeps.
2078 4656 2249 4721 'Polli
2293 4665 2360 4721 et
2399 4655 2558 4721 edu·

604 4745 742 4811 cari
785 4766 906 4829 pro
951 4742 1180 4809 eodem
1219 4747 1451 4826 posuit.

779 4830 968 4896 Nihil
994 4830 1317 4911 praesidii
1359 4828 1510 4917 eyet]
1556 4831 1748 4911 Nam,
1794 4843 1868 4896 ut
1884 4831 2003 4894 >ait
2045 4828 2383 4907 Horatius,

743 5138 802 5202 1)
838 5138 1024 5194 Hodie
1055 5139 1137 5193 sic
1169 5140 1395 5207 ἱερῆας-ε
1446 5123 1790 5194 Meministin’
1822 5155 1906 5192 me
1940 5137 2215 5205 gravidam
2250 5142 2308 5190 et
2342 5136 2468 5188 mihi
2502 5141 2557 5188 te

598 5223 851 5263 maxumo
888 5223 1053 5278 opere
1089 5207 1286 5263 dicere.

2251 292 2379 358 DE
2425 289 2972 356 CLEMENTIA

4478 296 4586 356 104

3074 476 3293 548 Integer
3327 478 3488 546 vitae,
3526 478 3852 546 scelerisque
3887 465 4072 545 purus,

3074 544 3198 599 Non
3235 553 3360 613 eget
3393 544 3570 601 Mauri
3603 546 3808 614 iaculis,
3844 561 3944 599 nec
3977 547 4127 614 ¹arch,

3076 613 3190 668 Nec
3224 616 3504 669 venenatis
3539 614 3758 684 gravida
3797 614 4023 682 sagittis,

3073 682 3268 751 Fusce,
3301 683 3578 752 phares-a.
3735 739 3740 742 .

2835 768 3044 833 Arma
3100 768 3447 833 ornamenti
3502 788 3696 834 causa
3749 765 3951 854 habet]
4011 767 4279 849 Imperii
4323 767 4596 851 insignia

2664 857 2899 954 quibus
2927 857 2987 953 ¹).
3033 873 3104 918 se
3158 855 3352 919 faciat
3401 853 3642 936 populo
3696 852 4162 930 venerabilem,
4210 861 4277 918 et
4342 852 4595 936 plenum

2667 949 3043 1005 maiestatis.
4503 991 4514 1000 .

3369 1261 3664 1328 CAPUT
3707 1261 3899 1326 XIV.

2842 1400 3017 1481 Quod
3071 1420 3213 1483 erqo
3254 1400 3525 1482 officium
3565 1399 3701 1464 eius
3742 1399 3877 1463 est?
3926 1399 4101 1480 Quod
4159 1400 4451 1464 bonorum
4490 1421 4605 1481 pa-

2663 1491 2923 1565 rentum,
2959 1487 3070 1568 qui
3102 1485 3430 1567 obiuryare
3463 1484 3683 1549 liberos
3713 1505 4159 1566 nonnunquam
4193 1483 4430 1564 blande,
4464 1505 4603 1550 non·

2664 1591 2988 1653 nunquam
3028 1572 3356 1636 minaciter
3387 1570 3604 1648 solent,
3662 1570 4001 1651 aliquando
4044 1571 4373 1636 adnwnere
4423 1573 4602 1636 etiam

2665 1656 3036 1723 verberibus.
3128 1655 3461 1738 Numquid
3516 1656 3752 1737 aliquis
3800 1676 3999 1721 sanus
4046 1655 4256 1736 filium
4311 1677 4353 1720 a
4392 1657 4604 1738 prima

2666 1745 2903 1825 offensa
2944 1741 3364 1808 exhaeredat?
3454 1742 3609 1806 Nisi
3628 1794 3632 1800 .
3648 1762 3912 1826 maqnae
3953 1746 4008 1807 et
4059 1741 4291 1806 multae
4333 1742 4604 1806 iniuriae

2657 1828 3032 1910 patientiam
3074 1828 3391 1906 evicerint,
3435 1827 3566 1891 nisi
3608 1828 3765 1907 plus
3818 1831 3908 1890 est
3960 1828 4122 1908 quod
4163 1828 4364 1906 timet,
4422 1848 4605 1908 quam

2666 1915 2827 1994 quod
2849 1914 3121 1990 damnaf,
3143 1933 3266 1977 non
3288 1914 3517 1979 accedit
3534 1913 3619 1978 ad
3651 1913 4053 1977 decretorium
4085 1913 4333 1996 stylum.
4401 1911 4607 1978 Multa

2666 2005 2808 2065 ante
2847 2001 3062 2077 tentat,
3098 1998 3321 2078 quibus
3362 1998 3618 2063 dubiam
3662 1997 3928 2063 indolem
3968 2000 4263 2079 etpeiore
4305 1999 4428 2063 loco
4481 2000 4608 2063 iam

2658 2087 2949 2167 positam,
2991 2089 3241 2148 revocet:
3289 2085 3481 2148 sim¹d
3513 2084 3833 2164 deplorata
3866 2089 3969 2162 est,
4014 2085 4239 2149 »ultima
4273 2086 4607 2165 experitur.

2674 2171 2869 2235 Nemo
2891 2171 2977 2234 ad
2997 2169 3313 2250 sumlicia
3340 2170 3639 2252 emiqenda
3676 2171 3977 2250 pervenit,
4019 2171 4151 2234 nisi
4194 2171 4308 2250 qui
4339 2170 4610 2236 remedia

2668 2256 3062 2335 comumpsit.
3150 2253 3286 2320 Hoc
3327 2256 3493 2336 quod
3523 2255 3794 2335 parenti,
3805 2255 4022 2330 setiam
4051 2256 4348 2336 principi
4385 2256 4612 2338 facien-

2668 2343 2821 2407 dum
2854 2346 2960 2419 est,
2996 2361 3177 2422 quem
3210 2340 3665 2422 appellavimus
3693 2345 3947 2422 patrem
3971 2342 4247 2422 patriae,
4292 2361 4420 2405 non
4462 2341 4612 2406 adu

2669 2428 2898 2492 latione
2931 2446 3098 2491 vana
3132 2426 3401 2492 adducti.
3495 2427 3752 2492 Caetera
3786 2428 3952 2490 enim
3994 2427 4361 2509 coynomina
4403 2426 4614 2491 honori

2668 2514 2818 2577 data
2860 2518 3023 2578 sunt.
3113 2510 3383 2594 Maqnos
3423 2518 3479 2575 et
3515 2512 3725 2593 felices
3767 2517 3824 2574 et
3864 2517 4161 2594 auqustos
4202 2513 4519 2591 diximus,
4562 2516 4616 2575 et

2669 2598 3033 2663 ambitiosae
3073 2597 3390 2662 maiestati
3421 2597 3728 2678 quidquid
3762 2600 4086 2677 potuimus
4110 2598 4441 2662 titulorum
4481 2616 4614 2664 con-

2664 2684 2987 2766 yessimus,
3025 2682 3161 2746 illis
3194 2681 3301 2746 hoe
3334 2681 3686 2747 tribuentes.
3777 2681 4032 2747 Patrem
4076 2683 4331 2763 quidem
4362 2685 4617 2764 patriae

2669 2768 3158 2854 appellavimuS,
3177 2772 3249 2831 ut
3281 2769 3463 2833 sciret
3503 2769 3717 2833 datam
3762 2768 3886 2832 sibi
3918 2773 4279 2849 potestatem
4309 2771 4613 2849 patriam,

2672 2860 2817 2932 [pag.
2843 2859 2948 2930 96]
2986 2858 3244 2933 quaeest
3279 2854 3823 2933 temperatissima,
3856 2853 4073 2919 liberis
4091 2855 4437 2934 consulens,
4475 2875 4619 2920 suae

2667 2960 2786 3022 que
2810 2945 2954 3021 post
2987 2939 3130 3004 illos
3161 2959 3510 3020 reponens:
3567 2938 3774 3005 Tarde
3807 2938 3932 3005 sibi
3955 2945 4147 3022 pater
4178 2939 4461 3007 membra
4503 2961 4618 3006 sua

2668 3025 3015 3091 abscindat:
3063 3025 3251 3090 etiam
3291 3046 3483 3107 quum
3526 3024 3856 3091 absciderit
3871 3076 3885 3105 ,
3940 3046 4232 3108 reponere
4277 3020 4523 3109 cupiat,
4567 3031 4623 3091 et

2679 3113 2748 3175 in
2771 3110 3181 3179 abscindendo
3198 3116 3417 3194 yemat,
3453 3114 3766 3177 cunctatus
3796 3113 4061 3177 multum
4093 3113 4346 3194 diuque.
4417 3112 4621 3193 Prope

2668 3199 2834 3263 enim
2875 3203 2963 3262 est
3003 3201 3070 3260 ut
3111 3197 3370 3263 libenter
3412 3198 3674 3276 damnet,
3721 3198 3832 3279 qui
3887 3200 4019 3263 cito,
4113 3197 4325 3281 Prope
4381 3204 4453 3263 ut
4505 3198 4624 3262 ini-

2667 3304 2783 3365 que
2812 3284 3066 3366 puniat,
3108 3283 3216 3364 qui
3259 3283 3468 3348 nivnis.
3557 3281 3902 3347 Erimonem
3954 3284 4215 3364 equitem
4270 3304 4621 3362 romanum,

2666 3370 2969 3435 memoria
3009 3372 3240 3447 nostra,
3285 3369 3439 3450 quia
3488 3369 3701 3449 silium
3748 3388 3934 3433 suum
3979 3369 4252 3452 flagellis
4306 3371 4624 3447 ceciderat,

2656 3455 2938 3539 populus
2970 3455 3043 3519 in
3073 3454 3213 3536 foro
3241 3454 3537 3537 yraphiis
3570 3454 3850 3536 confodit.
3939 3456 4080 3533 ,Vix
4113 3454 4298 3519 illum
4342 3456 4626 3539 Auyusti

2671 3540 2966 3606 Caesaris
2999 3541 3302 3604 autoritas
3343 3541 3595 3622 infestis
3630 3545 3758 3605 tam
3783 3546 4052 3622 patrum
4095 3561 4293 3621 quam
4342 3542 4627 3623 filiorum

2664 3626 2958 3692 manibus
2999 3626 3243 3708 eripuit.

2836 3747 3000 3811 Post
3031 3745 3294 3830 longam
3329 3745 3513 3811 illam
3546 3747 4047 3823 contentionem,
4092 3767 4221 3828 qua
4258 3754 4629 3832 tyrannum

2666 3839 2733 3899 et
2773 3851 2998 3915 regem
3040 3833 3215 3896 inter
3270 3853 3340 3897 se
3398 3832 3855 3915 componebat,
3900 3852 3990 3895 nu
3998 3852 4082 3896 nc
4134 3832 4472 3914 optimum
4514 3831 4627 3896 do-

2664 3924 3044 3986 cumentum
3091 3915 3204 3981 dat
3258 3918 3564 4000 principi,
3625 3938 3750 4000 quo
3808 3925 3875 3982 et
3911 3916 4183 3981 modum
4227 3917 4628 3983 clementiae

2663 4005 2902 4079 discat‚·
2955 4014 3021 4067 et
3088 4016 3451 4085 poenarum
3514 4003 4012 4086 irrogandarum
4077 4010 4628 4085 temperaturam.

2662 4089 2922 4157 Pendet
2965 4094 3188 4153 autem
3231 4088 3392 4154 haec
3436 4090 3861 4173 interrogatio
3904 4088 3985 4153 ab
4010 4109 4105 4166 ea,
4150 4109 4330 4170 quae
4354 4097 4629 4156 conten-

2667 4177 2913 4241 tionem
2951 4176 3324 4257 praecessit:
3363 4175 3540 4239 Num
3585 4196 3773 4259 reges
3815 4195 4066 4256 quoque
4110 4173 4416 4240 occidere
4462 4173 4631 4241 sole-

2657 4260 2849 4327 rent?
2915 4258 3370 4343 Responderat
3389 4281 3609 4344 regem
3633 4280 3890 4343 quoque
3910 4258 4219 4335 occidere,
4261 4259 4386 4325 sed
4423 4281 4628 4343 quum

2662 4347 2926 4431 publica
2982 4346 3230 4411 utilitas
3283 4346 3719 4429 persuaderet.
3823 4345 3958 4410 Sed
4013 4366 4214 4428 quum
4284 4345 4357 4410 id
4428 4346 4633 4412 etiam

2663 4454 2799 4498 non
2837 4434 3000 4499 satis
3041 4441 3340 4514 apertum
3386 4440 3573 4510 esset,
3616 4452 3794 4496 nunc
3839 4430 4137 4513 exemplo
4181 4433 4629 4515 prosequitur.

2662 4521 2866 4585 Pater
2886 4519 3064 4584 enim
3090 4518 3301 4582 filium
3324 4517 3562 4583 blande
3581 4518 3865 4601 primum
3905 4514 4228 4581 admonet.
4305 4515 4389 4583 Si
4427 4517 4636 4584 verba

2662 4625 2806 4754 ἷξε,
2841 4605 3641 4756 sessmtfflsssss·
3732 4600 4638 4772 gainnesarai:

2663 4786 2765 4842 est
2804 4779 3081 4860 patriae,
3127 4775 3308 4840 cives
3366 4794 3521 4839 suos
3574 4773 3743 4839 filios
3798 4782 4085 4856 reputet,
4130 4772 4454 4840 hortetur
4497 4773 4636 4858 pri-

2664 4883 2847 4927 mum
2870 4870 2936 4926 et
2956 4860 3192 4938 verbis,
3229 4869 3298 4924 et
3331 4859 3575 4938 edictis,
3615 4868 3965 4943 antequam
3999 4858 4313 4925 deveniat
4350 4859 4435 4924 ad

2595 4990 2602 5001 .
2664 4969 2801 5012 nas.
2888 4948 2975 5012 ln
3009 4946 3178 5011 hanc
3213 4945 3606 5010 sententiam
3643 4944 3817 5028 apud
3851 4943 4373 5027 Xenophontem
4406 4879 4636 5030 Οξτοξῖ

2666 5106 2716 5113 ..—

2802 5202 2859 5268 1)
2899 5202 3008 5257 Ed.
3044 5200 3179 5255 1597
3215 5208 3266 5256 et
3300 5200 3463 5256 1611:
3503 5205 3608 5271 qui.
3678 5203 3882 5257 Amet.-
3917 5218 4041 5270 quo.
