4984 5975
624 299 706 362 ⁷5
868 327 875 332 ·
2260 285 2389 351 DE
2432 282 2983 351 CLEMENTIA
4535 288 4606 348 76

795 485 1102 551 Amatis
1142 482 1436 549 muliebre
1477 476 1835 578 eonsilium]
1878 475 2102 540 Verba
2144 483 2302 540 sunt
2335 474 2569 539 Liviae

620 571 958 638 Drusillae
992 573 1370 653 Augustum
1415 564 1885 648 compellamus,
1931 573 1999 627 et
2042 558 2410 627 verecunde
2455 580 2568 624 ex-

620 659 909 725 cusantis
951 657 1075 722 hac
1116 652 1647 737 praefatiuncula,
1691 648 1864 732 qued
1904 648 2145 713 mulier
2186 647 2375 712 seriis
2414 665 2570 710 cen-

621 745 784 809 siliis
827 764 896 808 se
939 742 1317 806 immisceat.
1404 737 1515 803 Ad
1572 736 1751 801 hunc
1807 734 2072 799 medum
2118 733 2353 797 Porcia
2395 730 2570 814 apud

618 828 1058 895 Plutarchum
1092 827 1379 890 Brutum
1415 824 1795 906 alloquitur:
1842 819 1996 885 Scio
2030 817 2416 883 muliebrem
2451 837 2571 881 na-

619 923 840 980 turam
881 912 1181 998 fragilem
1225 931 1366 976 esse
1409 908 1494 974 ad
1536 929 1774 974 arcana
1817 904 2101 971 ferenda.
2192 902 2326 969 Sed
2367 910 2485 980 est,
2531 922 2571 967 o

618 1001 857 1076 Brute,
904 1001 1007 1065 vis
1064 996 1381 1082 quaedam
1423 1002 1492 1059 et
1532 993 1742 1059 bonae
1799 992 2228 1067 educationis,
2288 998 2353 1054 et
2403 988 2570 1071 opti·-

618 1106 770 1151 mae
816 1083 1337 1160 consuetudiniS,
1394 1081 1476 1146 ad
1531 1080 1874 1163 ingenium
1927 1077 2119 1154 mihi,
2176 1084 2245 1141 et
2301 1074 2571 1140 Catenis

621 1193 765 1238 esse
807 1172 1031 1246 filiam,
1075 1177 1143 1234 et
1174 1170 1387 1233 Brute
1430 1166 1774 1249 coniugem
1818 1162 2040 1228 datam
2082 1181 2241 1228 esse.
2334 1161 2570 1225 Livius

620 1257 778 1323 belli
810 1255 1211 1322 Macedonici
1256 1254 1376 1337 lib.
1403 1253 1523 1317 IV.
1570 1253 1640 1316 in
1686 1251 1978 1315 eratione
2011 1247 2315 1315 Catenis:
2362 1246 2573 1311 Maio·

620 1365 729 1410 res
765 1343 1033 1427 quidem
1074 1341 1283 1407 nostri
1322 1338 1590 1415 nullam,
1633 1357 1716 1401 ne
1749 1336 2079 1419 privatam
2112 1330 2375 1416 quidem
2408 1351 2569 1409 rem,

620 1450 817 1515 agere
860 1429 1180 1495 foeminas
1221 1427 1275 1491 si
1283 1446 1365 1490 ne
1400 1431 1626 1489 autore
1660 1421 2010 1487 voluerunt
2022 1444 2037 1500 ;
2082 1420 2155 1484 in
2190 1439 2393 1484 manu
2427 1437 2572 1482 esse

619 1521 970 1599 parentum
984 1565 1001 1593 ,
1063 1513 1345 1577 fratrum
1362 1563 1377 1587 ,
1444 1511 1755 1574 virorum.
1859 1504 2305 1588 Quamobrem
2373 1503 2572 1568 vehe-

618 1610 879 1666 menter
935 1600 1320 1682 obiurgatur
1375 1597 1545 1660 Iuno
1601 1615 1641 1659 a
1691 1594 1850 1658 Iove
1909 1591 2082 1675 qued
2136 1612 2207 1656 se
2263 1588 2573 1656 audacius

619 1689 692 1752 in
746 1687 917 1752 seria
973 1685 1247 1750 deorum
1300 1681 1571 1749 consilia
1620 1682 1968 1762 ingereret.
2057 1675 2301 1742 Iliades
2358 1676 2465 1741 lib.
2515 1675 2569 1740 Ι.

798 1771 1207 1837 Salvidenum
1246 1768 1525 1848 Lepidus
1560 1770 1860 1847 sequutus
1893 1762 2009 1850 est]
2056 1763 2127 1827 Is
2162 1773 2264 1828 est
2297 1759 2378 1842 Q.
2420 1759 2571 1827 Sal·

619 1857 930 1934 videnus,
988 1857 1093 1921 cui
1150 1856 1424 1920 classem
1467 1855 1810 1935 Augustus
1864 1849 2191 1916 commisit
2232 1867 2572 1931 oppugna·-

619 1952 816 2010 turus
858 1953 1038 2007 terra
1081 1943 1375 2022 marique
1420 1937 1702 2004 Sextum
1747 1937 2149 2017 Pompeium
2199 1935 2269 1998 in
2315 1933 2573 2015 magnis

619 2028 979 2096 honoribus
1023 2028 1311 2104 habitus,
1365 2039 1433 2089 et
1473 2024 1555 2088 ad
1599 2025 2002 2088 consulat-um
2052 2041 2259 2100 usque*
2306 2040 2573 2100 provee-

619 2125 730 2181 tus
772 2113 1162 2180 liberalitate
1206 2111 1520 2195 Augusti:
1578 2133 1774 2191 quem
1834 2111 2081 2171 nexari.»
2132 2117 2363 2170 contra
2406 2106 2573 2168 Cae·-

622 2222 837 2268 sarem
877 2200 1193 2276 molitum,
1240 2218 1357 2263 sue
1395 2194 1633 2261 indicio
1670 2194 1916 2259 detexit
1948 2192 2296 2257 Antonius.
2368 2191 2573 2254 Dam-

619 2296 818 2353 natus
862 2285 1131 2350 tandem
1171 2291 1446 2347 mortem
1493 2281 1618 2346 sibi
1661 2278 1998 2345 conscivit.
2075 2279 2295 2342 Autor
2337 2277 2574 2341 Livius

620 2374 733 2439 lib.
780 2371 1137 2437 CXXVII.
1184 2381 1260 2434 ut
1302 2368 1549 2433 indicat
1601 2366 1683 2430 L.
1728 2365 1915 2429 Fleri
1956 2364 2266 2446 Epitome
2320 2373 2388 2427 et
2430 2362 2572 2426 Eu-

620 2458 840 2525 sebius
896 2458 969 2521 in
1027 2456 1352 2523 chronice.
1444 2452 1958 2517 Hellucinantur
2013 2449 2313 2514 Suetonii
2368 2450 2573 2512 inter-

618 2555 867 2629 pretes,
912 2543 1026 2625 qui
1069 2542 1447 2608 Cornelium
1492 2537 1762 2604 Gallum
1818 2537 2076 2602 senatui
2130 2533 2575 2598 damnandum

607 2630 945 2710 ‚traditum
998 2635 1266 2710 putant,
1337 2624 1696 2691 Salvidene
1754 2630 2009 2686 tantum
2065 2620 2417 2702 provinciis
2468 2619 2572 2682 in-

623 2715 995 2781 terdictum.
1088 2720 1235 2792 [pag.
1287 2718 1396 2791 66]
1453 2711 1677 2776 Verba
1728 2706 2095 2788 Tranquilli
2138 2715 2317 2771 sunt:
2390 2702 2572 2785 Que-

624 2824 775 2867 rum
832 2800 1116 2865 alterum
1160 2819 1265 2863 res
1307 2817 1513 2862 nevas
1558 2795 1938 2859 molientem
1982 2790 2427 2855 damnandum
2471 2811 2573 2854 se-

622 2888 812 2952 natui
870 2884 1166 2950 tradidit:
1229 2883 1419 2948 alteri
1465 2882 1546 2947 eb
1588 2878 1992 2944 malevolum
2045 2878 2337 2942 animum
2383 2875 2575 2940 domo

626 2981 694 3040 et
733 2971 1088 3056 provinciis
1132 2969 1268 3035 suis
1311 2965 1671 3033 interdixit.
1763 2961 1898 3030 Sed
1955 2963 2152 3030 Galle
2202 2982 2455 3046 quoque
2510 2969 2578 3026 et

518 3136 528 3143 ,
624 3069 1077 3125 accusatorum
1140 3053 1781 3128 denunciationibus,
1863 3059 1931 3114 et
1993 3048 2577 3115 senatusconsultis

626 3145 711 3210 ad
755 3165 979 3207 necem
1022 3141 1387 3224 compulso,
1433 3137 1727 3204 laudavit
1768 3135 2030 3218 quidem
2075 3135 2383 3218 pietatem
2428 3142 2576 3197 tan·

625 3239 848 3312 mpero
902 3250 1019 3311 pre
1072 3249 1141 3292 se
1196 3224 1704 3310 indignantium.
1795 3221 2147 3288 Caeterum
2201 3227 2270 3284 et
2310 3221 2575 3302 illacry-

625 3317 848 3391 mavit,
896 3323 961 3377 ct
1002 3315 1211 3378 vicem
1251 3333 1435 3376 suam
1482 3316 1878 3392 conquestus
1921 3316 2038 3385 est,
2084 3305 2256 3389 qued
2291 3306 2419 3371 sibi
2453 3305 2575 3372 soli

624 3420 764 3467 non
815 3401 1045 3466 liceret
1098 3399 1355 3475 amicis,
1416 3405 1740 3479 quatenus
1784 3393 2010 3470 vellet,
2071 3392 2282 3458 irasci.
2371 3392 2574 3475 Lepi·

626 3488 769 3567 dus,
814 3507 950 3552 non
992 3485 1104 3551 ille
1146 3485 1458 3550 Pontifex
1496 3482 1847 3556 Maximus,
1893 3488 1961 3543 et
1997 3479 2247 3563 collega
2288 3477 2576 3563 Augusti

624 3574 695 3638 in
746 3574 1190 3648 triumviratu,
1248 3569 1365 3636 sed
1417 3570 1559 3634 eius
1600 3567 1807 3642 filius,
1863 3585 2059 3648 quem
2103 3564 2433 3647 Lepidum
2475 3564 2576 3627 iu-

624 3681 862 3726 venem
910 3667 1097 3725 vocat
1138 3655 1578 3739 Tranquillus.
1647 3653 1726 3717 L.
1773 3652 2014 3723 Florus
2055 3652 2124 3714 in
2169 3651 2408 3716 librum
2445 3650 2572 3714 ΠΙ.

624 3746 911 3813 Decadis
954 3744 1185 3810 x111.:
1239 3741 1556 3825 Imposito
1598 3741 1731 3804 fine
1775 3736 2075 3803 civilibus
2116 3737 2321 3814 bellis,
2370 3736 2578 3800 altere

625 3843 694 3898 et
736 3833 1072 3916 trigesime
1116 3849 1317 3906 anne,
1364 3828 1457 3892 M.
1504 3824 1828 3908 Lepidus,
1873 3823 1983 3906 qui
2028 3822 2266 3907 Lepidi
2312 3822 2577 3887 Trium-

623 3919 752 3984 viri
787 3918 1002 3982 fuerat
1035 3915 1229 3993 filius,
1267 3913 1713 3979 coniuratione
1750 3919 1978 3976 centra
1999 3907 2348 3975 Caesarem
2384 3907 2574 3983 facta,

624 4003 872 4068 bellum
926 4000 1200 4066 moliens
1245 4019 1593 4082 oppressus
1638 4005 1705 4060 et
1747 3996 1997 4061 eccisus
2041 4004 2156 4059 est.
2248 3995 2578 4059 Muraena

625 4099 694 4155 et
727 4086 969 4170 Coepie
1004 4086 1328 4152 Proculeii
1363 4087 1617 4159 fratres,
1655 4084 1711 4146 si
1745 4082 2189 4165 Porphyrieni
2227 4079 2572 4145 credimus.

626 4174 987 4240 Muraenae
1021 4172 1304 4255 proditio
1340 4170 1653 4235 Castritie
1688 4167 1902 4233 indice
1938 4167 2190 4231 detecta
2226 4174 2341 4231 est.
2411 4164 2576 4229 Vide

625 4258 1083 4341 Tranquillum
1126 4259 1199 4321 in
1243 4257 1383 4322 eius
1426 4256 1581 4320 vita.
1670 4254 1861 4319 Idem
1915 4254 2113 4318 etiam
2166 4253 2237 4316 in
2282 4253 2420 4317 vita
2463 4252 2575 4318 Ti-

625 4345 806 4410 berii.
894 4343 1230 4415 Fannium
1277 4342 1690 4424 Coepionem,
1735 4341 1846 4422 qui
1889 4361 2039 4405 cum
2074 4340 2378 4403 Varrone
2422 4338 2573 4402 Mu-

625 4451 830 4496 raena
866 4430 937 4501 in
982 4432 1358 4512 Augustum
1401 4427 1914 4510 conspiraverat,
1972 4445 2159 4489 reum
2216 4424 2575 4489 maiestatis

626 4516 799 4600 apud
839 4517 1123 4581 Iuvenes
1168 4516 1348 4588 fecit,
1403 4521 1469 4579 et
1510 4512 1992 4578 condemnavit.
2083 4509 2338 4576 Seneca
2379 4511 2454 4574 in
2495 4510 2574 4573 li-

628 4603 747 4667 bre
793 4601 871 4666 de
914 4602 1238 4666 brevitate
1285 4602 1487 4666 vitae:
1542 4598 1721 4663 Dum
1764 4598 1943 4661 ultra
1986 4597 2391 4675 Archenum,
2437 4597 2577 4660 Eu-

626 4689 950 4771 phratem,
989 4696 1055 4751 et
1076 4684 1457 4753 Danubium
1495 4686 1807 4750 termines
1841 4691 2079 4760 movet,
2116 4683 2186 4747 in
2219 4684 2362 4764 ipsa
2395 4681 2574 4760 urbe,

629 4774 1007 4850 Muraenae,
1053 4773 1419 4856 Coepienis,
1469 4769 1733 4854 Lepidi,
1784 4770 2251 4853 Egnatierum‚
2309 4768 2381 4832 in
2424 4788 2578 4832 eum

626 4880 971 4925 mucrones
1016 4861 1432 4925 acuebantur.
1522 4857 1690 4921 Vult
1732 4876 1888 4940 erge
1932 4853 2148 4920 dicere
2190 4855 2414 4931 Livia,
2461 4873 2577 4917 ne·

628 4966 754 5028 que
835 4966 998 5011 eena
1020 4944 1359 5011 Salvideni
1382 4943 1712 5027 Lepidum
1746 4940 2072 5018 territum,
2108 4960 2321 5023 neque
2343 4937 2577 5019 Lepidi

629 5052 795 5115 supp
827 5032 944 5097 ‘cie
966 5032 1379 5110 Mur-aenam,
1417 5050 1540 5094 nec
1562 5029 1920 5093 Muraenae
1944 5025 2358 5109 Coepienem.
2406 5024 2582 5088 Nota

629 5118 897 5184 schema
930 5117 1352 5195 rhetoricum,
1392 5113 1566 5199 qued
1601 5115 1841 5178 climax
1875 5111 2130 5191 dicitur,
2168 5111 2359 5194 quale
2392 5108 2579 5187 illud,

765 5221 917 5276 Mars
951 5221 1099 5275 videt
1129 5220 1287 5287 hanc,
1323 5219 1594 5285 visamque
1631 5217 1794 5284 cupit,
1828 5214 2139 5282 potiturque
2176 5214 2372 5281 cupita.

2862 471 2943 538 Ut
2995 471 3156 537 alios
3203 468 3467 557 taceam]
3537 438 3792 554 Nempe
3828 470 4163 536 'Plautum
4206 468 4478 549 Rufum,
4531 472 4606 538 L.

2675 558 3096 634 Audactium,
3142 557 3220 621 L.
3268 555 3575 631 Paulum,
3619 557 4011 634 Varronem,
4049 554 4431 637 Telephum,
4466 557 4611 622 Ari-

2624 639 2634 656 *
2674 643 2951 721 dasium,
2996 640 3378 726 Epicadum.

2847 730 3102 812 Iynosce
3146 728 3222 791 L.
3276 727 3550 791 Cirmae:
3591 726 4011 808 deprehensus
4050 724 4169 813 esi]
4219 724 4469 793 Sensus
4500 735 4614 807 est,

2674 817 2732 880 si
2765 815 3050 899 ignoscis
3094 814 3174 879 L.
3221 811 3475 878 Cinnae
3518 811 3603 876 ad
3644 813 4020 896 exemplum
4064 811 4368 877 trahetur
4410 813 4614 892 venia,

2674 909 2742 965 et
2782 902 2994 965 famae
3037 912 3190 964 tuae
3223 897 3529 982 proderit.
3602 897 3857 981 Nempe
3891 918 4205 982 magnum
4245 898 4619 966 clementiae

2674 995 2828 1051 tuae
2873 986 3352 1051 documentum.
3442 983 3505 1049 N
3507 1003 3581 1049 ec
3634 984 3766 1056 iam
3819 983 3936 1048 tibi
3991 982 4363 1048 timendum
4403 991 4505 1049 est
4543 983 4620 1049 ab

2674 1073 2816 1138 eius
2868 1070 3143 1148 insidiis.
3246 1068 3470 1135 Semel
3543 1068 3993 1151 deprehensus
4057 1088 4291 1134 necere
4347 1070 4622 1153 amplius

2674 1179 2807 1223 non
2853 1165 3084 1241 petest.
3173 1154 3649 1238 Deprehensus
3734 1154 3954 1237 reprie
4001 1164 4103 1220 est
4145 1155 4421 1221 verbum
4464 1178 4622 1222 nau-

2673 1245 2895 1322 ticum,
2944 1250 3018 1308 ut
3061 1243 3252 1308 docet
3294 1238 3586 1307 Servius.
3676 1176 3931 1306 Statius
3975 1241 4191 1323 primo
4227 1240 4621 1307 Thebaides:

2986 1349 3068 1399 Ac
3103 1344 3255 1398 velut
3287 1343 3527 1412 hyberno
3564 1342 3865 1412 deprensus
3899 1343 4083 1397 navita
4118 1351 4306 1412 pente.

2675 1430 2872 1497 ovid.
2915 1432 2986 1494 in
3029 1429 3241 1512 Epist.
3288 1426 3598 1494 Didonis:

2815 1532 2912 1586 Fin
3017 1549 3117 1601 age
3154 1539 3210 1585 te
3246 1529 3453 1599 rapide,
3487 1531 3694 1584 nullum
3730 1532 3801 1585 sit
3835 1531 3888 1583 in
3924 1531 4138 1585 homine
4160 1532 4202 1595 ι)
4241 1530 4477 1599 pondus,

2948 1602 3152 1655 'urbine
3188 1599 3462 1669 deprendi,
3500 1599 3627 1667 quid
3661 1598 3758 1652 tibi
3795 1600 3988 1653 mentis
4025 1600 4168 1654 erit?

2676 1688 3029 1754 Caeterum
3073 1683 3158 1750 ad
3197 1684 3328 1749 alia
3372 1684 3785 1763 transfertur,
3830 1705 4036 1767 quum
4078 1684 4387 1751 volumus
4432 1685 4632 1769 signi-

2674 1776 2872 1840 ficare
2898 1771 3185 1853 aliquem
3219 1770 3314 1835 ita
3349 1770 3676 1853 angustiis
3709 1771 4150 1847 constrictum,
4189 1780 4264 1835 ut
4298 1770 4488 1835 nulla
4520 1791 4632 1853 pa-

2674 1867 2814 1923 teat
2857 1856 2942 1921 ad
2983 1856 3298 1940 effugium
3343 1856 3468 1921 via.
3560 1853 3829 1919 Curtius
3887 1855 3993 1921 lib.
4033 1853 4220 1920 VIL:
4278 1857 4411 1921 Tot
4452 1877 4635 1921 men-

2675 1946 2845 2010 tium
2889 1941 3156 2008 latebris
3170 1994 3184 2016 ‚
3230 1944 3406 2006 inter
3447 1961 3610 2024 quas
3655 1940 4102 2023 deprehensus
4146 1941 4361 2007 hostis
4409 1963 4494 2006 ne
4537 1942 4636 2007 fu-

2677 2052 2800 2110 gae
2845 2027 3127 2110 quidem,
3171 2027 3413 2092 nedum
3456 2026 3809 2091 resistendi
3844 2027 4248 2093 occasionem
4287 2028 4490 2092 fuerit
4522 2029 4637 2092 ha-

2679 2117 2952 2182 biturus.
3043 2112 3495 2195 Quintilianus
3539 2112 3647 2176 lib.
3685 2111 3876 2177 XII:
3924 2113 4020 2179 Ut
4061 2133 4267 2195 parva
4312 2113 4639 2196 quaedam

2676 2203 2749 2267 in
2811 2201 3134 2284 angustiis
3197 2198 3486 2275 mobilia,
3567 2198 3640 2262 in
3718 2218 3949 2280 campe
4026 2196 4639 2282 deprehenduntur.

2677 2287 2857 2352 Vere
2899 2286 3104 2370 igitur
3148 2283 3593 2368 deprehensus
3635 2292 3779 2348 erat
3820 2282 4053 2361 Cinna,
4096 2285 4250 2367 quia
4285 2283 4497 2350 index
4531 2283 4642 2349 de-

2678 2373 2921 2437 tulerat
2955 2378 3023 2437 et
3053 2371 3185 2448 ubi,
3223 2379 3291 2433 et
3324 2368 3583 2452 quande
3599 2420 3614 2444 ‚
3653 2379 3719 2434 et
3753 2369 4073 2453 quomode
4109 2368 4386 2453 aggredi
4423 2370 4638 2435 vellet.

2852 2457 2988 2540 qu
3030 2463 3087 2521 te
3127 2453 3361 2542 Cinna]
3411 2453 3641 2521 Oratio
3689 2459 3836 2533 [pag.
3876 2458 3982 2534 67]
4031 2455 4325 2539 Augusti
4371 2455 4460 2521 ad
4484 2454 4643 2522 Cin-

2678 2565 2853 2622 nam,
2900 2542 3093 2627 plena
3135 2542 3399 2607 artificii
3451 2541 3790 2617 rhetorici,
3850 2541 3943 2605 sic
3998 2547 4217 2606 tamen
4263 2549 4348 2606 ut
4394 2564 4506 2607 ars
4549 2541 4644 2607 la-

2677 2636 2831 2706 teat,
2879 2639 2946 2693 et
2979 2628 3165 2711 quasi
3207 2629 3374 2691 fluat
3408 2647 3539 2691 nen
3575 2626 3912 2691 adfectata.
3985 2626 4312 2708 Proponit
4350 2629 4649 2711 primum

2678 2737 2798 2780 sua
2840 2714 3100 2792 merita,
3147 2713 3381 2795 quibus
3426 2711 3713 2777 Cinnam
3757 2711 3881 2777 sibi
3925 2711 4369 2795 obligaverat,
4431 2714 4492 2778 si
4533 2713 4647 2778 ille

2677 2821 2905 2885 parem
2961 2800 3205 2864 referre
3261 2798 3567 2882 gratiam,
3626 2806 3699 2861 ut
3753 2797 4002 2862 iustum
4059 2806 4230 2874 erat,
4295 2799 4647 2866 voluisset.

2678 2888 2782 2951 Re
2829 2892 3045 2952 ertum
3101 2885 3360 2950 hostem
3422 2886 3491 2948 in
3560 2884 3845 2949 hostium
3900 2883 4158 2960 eastris,
4225 2904 4451 2968 quum
4504 2887 4652 2950 iure

2677 2972 2784 3038 bel
2815 2973 2826 2985 '
2898 2969 3191 3037 occidere
3268 2971 3523 3047 liceret,
3604 2990 3917 3035 servasse.
4029 2969 4213 3034 Nihil
4284 2991 4377 3036 ex
4443 2972 4650 3056 patri-

2679 3059 2898 3123 monio
2938 3058 3285 3133 ademisse,
3342 3077 3547 3138 quum
3590 3054 3816 3121 eedem
3870 3056 4013 3120 iure
4055 3056 4126 3121 in
4168 3057 4503 3139 praedam
4548 3079 4653 3124 ce-

2682 3144 2883 3209 deret.
2975 3141 3434 3209 Sacerdotium
3489 3140 3832 3217 detulisse,
3889 3160 4097 3224 quum
4139 3141 4424 3224 plurimi
4467 3150 4652 3226 pete-

2676 3237 2830 3295 rent
2877 3226 3047 3295 bene
3103 3228 3336 3293 meriti.
3405 3227 3621 3313 ‚Nihil
3678 3227 3883 3312 igitur
3939 3227 4139 3293 habet
4186 3248 4427 3294 suum:
4497 3231 4653 3308 vita,

2676 3317 3008 3393 fortunae,
3063 3315 3372 3391 honores,
3443 3313 3731 3397 Augusti
3794 3313 4113 3378 beneficia
4166 3323 4351 3379 sunt.
4467 3316 4656 3381 Haec

2636 3479 2640 3482 ‚
2677 3410 2900 3466 tamen
2953 3420 3157 3485 quum
3198 3401 3294 3465 ita
3337 3400 3651 3477 habeant,
3707 3398 3995 3464 ostendit
4036 3409 4114 3462 ut
4164 3398 4297 3464 sibi
4349 3421 4659 3485 comper-

2678 3497 2818 3551 tum
2864 3488 2969 3567 sit,
3014 3485 3357 3551 consilium
3395 3486 3620 3550 iniisse
3665 3483 3745 3550 de
3798 3504 3919 3549 sua
3960 3490 4187 3549 morte.
4283 3487 4522 3571 Atque
4565 3488 4662 3552 ita

2679 3572 3015 3637 hominem
3072 3572 3285 3656 illigat
3338 3571 3643 3636 omnibus
3699 3570 4241 3648 circumstantiis,
4297 3580 4396 3637 -ut
4451 3573 4662 3658 tergi-
4765 3606 4772 3613 ·

2678 3658 2932 3724 versari
2995 3678 3131 3722 non
3194 3657 3419 3741 possit.
3530 3657 3673 3721 Iam
3743 3654 4019 3739 probata
4083 3663 4184 3720 est
4253 3660 4659 3724 coniuratio.

2677 3742 2888 3809 Addit
2942 3764 3125 3826 spem
3189 3743 3453 3807 inanem
3520 3743 3888 3825 concipere,
3956 3742 4013 3805 si
4079 3762 4150 3805 re
4200 3744 4422 3810 nandi
4483 3745 4668 3828 cupi-

2681 3830 2883 3894 ditate
2925 3830 3388 3913 imperatorem
3433 3828 3661 3893 tellere
3716 3827 4037 3893 statuerit.
4197 3830 4270 3892 ui
4319 3832 4515 3896 enim
4560 3851 4669 3895 er-

2680 3916 2780 3981 bis
2835 3915 3186 3998 imperium
3240 3916 3626 3992 sustineret,
3673 3914 3783 3996 qui
3828 3932 4129 3996 praeesse
4172 3915 4487 3983 familiae
4532 3937 4670 3982 nen

2679 4001 2934 4085 petest?
3036 3999 3229 4081 Quod
3284 4003 3336 4066 si
3401 4000 3527 4065 alie
3587 4002 3676 4065 sit
3718 4020 3883 4082 epus
3925 4000 4260 4082 Auguste,
4325 4023 4476 4067 non
4525 4020 4673 4068 esse

2681 4086 2967 4153 Cinnam
3022 4095 3282 4151 tantum
3347 4092 3771 4168 assequutum
3826 4082 4193 4167 dignitatis,
4255 4096 4342 4151 ut
4403 4088 4501 4154 sit
4543 4090 4672 4153 im-

2680 4174 2863 4257 perio
2919 4172 3299 4238 destinatus.
3399 4173 3566 4237 Esse
3612 4169 3931 4253 plurimes
3988 4170 4244 4235 Romae
4307 4184 4384 4237 et
4444 4174 4677 4258 gentis

2681 4259 3018 4325 nobilitate
3057 4281 3195 4324 nen
3235 4258 3606 4330 inferiores,
3650 4263 3718 4320 et
3760 4257 4127 4338 superiores
4169 4258 4506 4327 omnibus
4567 4281 4675 4326 or-

2680 4346 3027 4496 3amentis,
3073 4344 3185 4427 qui
3228 4365 3361 4409 nen
3406 4343 3738 4426 patiantur
3780 4341 3957 4407 hunc
4002 4341 4126 4406 sibi
4169 4340 4472 4413 honeris
4519 4367 4679 4431 gra-

2728 4453 2840 4495 um
2906 4430 3207 4513 praeripi.
3317 4431 3501 4512 Ergo
3558 4449 3758 4511 quum
3824 4427 4073 4492 facinus
4139 4433 4678 4513 perpetraverit,

2678 4518 2817 4582 fore
2860 4516 2956 4580 illi
2991 4515 3241 4581 inutile.

2859 4601 3231 4667 Praetem‘tis
3285 4595 3730 4684 compluribus]
3800 4598 4059 4662 Nomen
4119 4598 4187 4664 in
4261 4601 4406 4667 hac
4468 4604 4685 4688 signi-

2681 4689 2986 4753 ficatione
3051 4686 3331 4771 elegans.
3443 4685 3707 4750 Dicitur
3781 4684 3960 4748 enim
4031 4685 4330 4768 populus
4404 4710 4528 4756 eos
4598 4710 4689 4756 ex

2684 4773 3218 4855 competitoribus
3259 4774 3329 4836 in
3375 4771 3653 4836 comitiis
3698 4771 4078 4852 praeterire,
4122 4791 4300 4853 ques
4350 4766 4507 4841 suis
4546 4777 4688 4841 suf-

2634 4914 2642 4922 .
2683 4860 2910 4942 fragiis
2963 4880 3099 4923 nen
3153 4856 3454 4935 adiuvat:
3515 4862 3584 4921 et
3646 4876 3949 4922 censeres
4006 4875 4157 4919 eum
4215 4867 4490 4927 senatu
4536 4882 4689 4928 mo-

2727 5034 2906 5039 ”h—
2929 5030 3092 5039 -—-a—-

2689 5145 2884 5271 emin?
2925 5145 3020 5203 Sic
3059 5147 3191 5202 lutri
3234 5153 3412 5203 nostra
3458 5164 3656 5204 cmm.
3741 5148 3816 5202 In
3855 5146 4049 5203 ovida·
4079 5146 4201 5202 edd.
4256 5150 4444 5208 hodie
4482 5155 4696 5227 legitur
