4984 5975
607 319 729 384 147

522 567 525 570 ,
610 504 812 569 libro:
858 503 1030 567 Tum
1072 501 1362 586 legiones
1405 499 1791 582 classesque,
1838 506 1907 564 et
1949 498 2122 582 quod
2164 518 2330 575 raro,
2421 517 2565 562 rae-

614 590 910 655 torianus
953 586 1376 668 urbanusque
1417 585 1610 650 miles
1649 586 1723 649 in
1759 585 1964 650 aciem
2006 583 2285 649 deducti.
2354 517 2566 648 'gran-

615 675 859 758 quillus
908 674 978 738 in
1029 674 1360 755 Augusto:
1420 672 1709 754 Legavit
1761 669 2191 753 praetorianis
2246 667 2565 734 militibus

614 759 873 844 singula
916 757 1128 823 millia
1165 777 1605 836 nummorum,
1647 754 2024 822 cohortibus
2068 755 2337 821 urbanis
2373 752 2566 837 quin-

613 866 816 928 genos
833 896 848 923 ,
904 843 1283 928 legionariis
1340 851 1641 908 trecenos
1695 863 2019 907 nummos.
2120 838 2565 921 Quamobrem

613 931 834 997 nescio
879 951 965 996 an
1008 929 1209 1011 probe
1252 927 1531 994 verterit
1570 927 1941 993 Politianus
1984 927 2291 1009 praefecti
2334 925 2564 998 cohor:

615 1016 789 1082 tibus
811 1015 1098 1092 urbanis,
1133 1035 1251 1096 pro
1285 1035 1360 1079 00
1383 1011 1558 1096 quod
1576 1012 1997 1078 Herodianus
2018 1010 2188 1076 dixit
2208 1001 2568 1095 ἐπάρχοντος

614 1096 2571 1267 ὢῗὶῑπρὲἴῃζῗ’ὶοῖἶΐὲεᾶθςῖἐὲ““ὲῗὲὲὲἓῖἰ“ἑξέἑῖ

617 1276 747 1347 τοῦς
777 1238 837 1336 ἐν
855 1275 927 1357 τῇ
945 1270 1154 1356 Ῥύμῃ
1175 1264 1564 1354 στρατιώτας,
1584 1291 1791 1353 quum
1812 1270 1972 1335 satis
1994 1276 2250 1336 constet
2271 1266 2352 1333 de
2373 1288 2564 1351 prae-

616 1358 890 1424 torianis
933 1357 1200 1423 dictum.
1289 1357 1435 1422 Iam
1477 1356 1927 1439 praetorianae
1968 1354 2268 1421 cohortes
2312 1353 2563 1435 disper-

616 1466 728 1511 sae
783 1464 903 1527 per
950 1444 1235 1526 hospitia
1286 1443 1731 1527 vagabantur,
1799 1441 2003 1507 donec
2058 1448 2276 1505 castra
2327 1440 2564 1523 quibus

617 1531 1140 1607 continerentur,
1197 1527 1281 1592 ad
1334 1527 1565 1593 urbem
1618 1528 1919 1593 Tiberius
1975 1526 2338 1591 constituit:
2394 1546 2563 1608 quae

618 1628 833 1684 castra
887 1614 1216 1697 praetoria
1272 1621 1590 1680 vocantur
1644 1614 1726 1679 ab
1752 1610 2160 1677 'Herodiano
2215 1611 2384 1677 libro
2436 1610 2561 1676 IV.

620 1701 1002 1783 simpliciter
1045 1698 1117 1762 τοὶ
1158 1704 1456 1783 βασίλεια.
1545 1699 1631 1763 In
1680 1699 1762 1780 iis
1819 1698 2053 1765 castris
2110 1697 2305 1780 signa
2362 1696 2562 1762 habe-

618 1788 806 1864 bant,
864 1786 979 1852 sed
1031 1785 1329 1870 singulae
1383 1785 1683 1850 cohortes
1737 1805 1856 1867 per
1899 1783 2075 1850 vices
2124 1782 2560 1860 excubabant,

620 1893 697 1938 ac
750 1873 1097 1938 stationem
1156 1870 1490 1936 habebant
1539 1871 1609 1935 in
1659 1870 1915 1952 palatie.
2017 1867 2438 1949 Tranquillus
2487 1869 2563 1932 in

490 1964 506 1982 ¹
622 1957 914 2024 Othone:
982 1956 1254 2022 Tulerat
1305 1956 1563 2022 animus
1577 2007 1592 2034 ,
1660 1963 1808 2039 post
1864 1954 2279 2038 adoptionem
2336 1954 2563 2018 statim

621 2052 838 2110 castra
889 2063 1235 2124 occupare,
1294 2049 1808 2123 coenantemque
1864 2040 1937 2104 in
1990 2040 2232 2124 palatio
2276 2038 2563 2105 Galbam

622 2127 922 2213 aggredi:
982 2128 1097 2194 sed
1152 2127 1403 2193 obstitit
1457 2136 1790 2209 respectus
1842 2125 2125 2192 cohortis
2179 2144 2347 2208 quae
2400 2131 2564 2190 tunc

620 2212 1000 2290 excubabat,
1048 2235 1129 2278 ne
1164 2220 1548 2278 oneraretur
1579 2211 1847 2290 invidia,
1894 2211 2069 2294 quod
2102 2210 2391 2275 eiusdem
2428 2218 2564 2276 sta-

621 2302 798 2365 tione
841 2309 907 2364 et
948 2299 1147 2364 Caius
1193 2304 1342 2379 [pag.
1383 2303 1527 2377 141]
1572 2299 1788 2363 fuerat
1827 2299 2105 2376 occisus,
2137 2305 2229 2361 >et
2268 2294 2564 2362 desertus

622 2386 816 2451 Nero.
908 2386 1113 2450 Libro
1154 2384 1282 2449 ΙΙΙ.
1329 2383 1695 2449 Herodiani
1751 2383 2145 2449 Plautianus
2199 2383 2564 2464 praefectus

619 2472 942 2554 praetorio
976 2471 1314 2536 tribunum
1349 2471 1442 2536 sic
1476 2470 1854 2552 alloquitur:
1894 2469 2156 2534 Intrare
2190 2468 2312 2534 tibi
2344 2468 2417 2533 in
2451 2489 2565 2534 cu-

620 2557 910 2623 biculum
952 2557 1068 2621 ubi
1109 2576 1408 2620 somnum
1457 2557 1723 2638 capiunt
1765 2555 1887 2620 soli
1932 2575 2166 2636 nempe
2223 2553 2401 2630 licet,
2458 2574 2564 2617 re·

621 2641 862 2709 deunte
887 2643 1026 2707 vice
1068 2651 1423 2706 nocturnae
1467 2640 1798 2706 custodiae
1841 2647 1960 2706 etc.
2027 2638 2233 2705 Libro
2258 2640 2407 2703 1V.:
2453 2636 2565 2704 Si-

621 2729 762 2793 mul
806 2729 1087 2810 imperat
1124 2725 1443 2791 militibus
1497 2726 1723 2808 palatii
1777 2724 2154 2791 custodibus
2168 2776 2185 2804 ,
2243 2734 2319 2789 ut
2373 2746 2444 2789 se
2495 2725 2563 2788 in

623 2821 840 2879 castra
878 2812 1289 2880 deducerent.
1354 2811 1561 2876 Libro
1583 2810 1696 2876 V.:
1743 2812 1838 2875 At
1879 2809 1977 2874 illi
2017 2810 2257 2878 animis
2299 2830 2565 2875 rumore

623 2898 737 2963 illo
794 2896 1183 2964 exulceratis
1237 2894 1740 2978 indignabundi,
1791 2916 2002 2977 neque
2046 2895 2306 2960 solitam
2350 2901 2565 2960 custo-

625 2982 799 3049 diam
854 2984 1176 3048 miserunt
1227 2982 1592 3059 Antonine,
1650 2989 1718 3046 et
1773 2979 2008 3046 inclusi
2064 2981 2294 3046 castris
2341 2979 2566 3052 videre

624 3068 1079 3135 Alexandrum
1126 3067 1293 3132 velle
1345 3067 1416 3131 in
1470 3066 1712 3149 templo
1763 3068 1905 3149 ipso
1950 3065 2359 3141 dictitabant.
2437 3065 2566 3131 Co-

626 3154 925 3220 hortibus
958 3151 1119 3217 duos
1152 3153 1511 3235 praefectos
1544 3153 1790 3219 creavit
1824 3154 2182 3236 Augustus.
2242 3150 2355 3218 Sic
2389 3152 2567 3235 enim

624 3241 1023 3321 interpretor
1077 3236 1252 3321 apud
1296 3239 1577 3303 Dionem
1637 3235 1765 3301 δύω
1809 3237 2108 3322 ἐπάρχους
2149 3240 2267 3302 ταῖν
2313 3236 2566 3323 δορυφό-

628 3347 785 3408 pm:
835 3325 1141 3407 quoniam
1200 3321 1439 3389 Suidas
1483 3345 1599 3406 pro
1643 3323 1869 3389 eodem
1918 3344 2096 3388 nune
2141 3325 2405 3404 ἔπαρχον
2445 3326 2567 3386 τῶν

627 3410 665 3475 δ
737 3411 1001 3494 υφόρων,
1036 3431 1213 3476 nunc
1247 3410 1507 3492 ἔπαρχον
1539 3412 1660 3473 τῶν
1689 3408 2147 3494 πραιτωριοῖνων
2179 3411 2379 3492 ponit.
2424 3409 2565 3475 He-

624 3516 701 3562 ro
752 3496 939 3563 ‘anus
1002 3494 1167 3560 libro
1217 3494 1332 3559 V.:
1394 3495 1891 3578 σωματοφύλακες
1945 3500 2050 3559 καὶ
2098 3494 2415 3580 δορυφόροι
2468 3493 2567 3568 οὓς

628 3581 701 3659 δὴ
733 3580 1197 3665 mmo-ama
1238 3584 1533 3659 καλοῦσιν,
1577 3581 1645 3646 id
1688 3589 1790 3648 est
1830 3582 2122 3665 corporis
2162 3579 2462 3647 custodes
2499 3589 2566 3645 et

627 3668 886 3747 hastati,
932 3688 1092 3750 quos
1134 3668 1582 3749 praetorianos
1617 3675 1869 3733 vocant.
1957 3667 2106 3733 Hoc
2148 3676 2370 3732 tamen
2414 3688 2564 3748 per-

624 3762 894 3838 petuum
947 3775 1079 3819 non
1130 3753 1280 3819 fuit:
1332 3754 1487 3835 quia
1538 3775 1655 3836 pro
1708 3752 2022 3837 temporis
2063 3773 2139 3818 ac
2181 3773 2406 3819 rerum
2448 3774 2565 3819 va-

624 3841 878 3917 rietate,
923 3861 1099 3905 nune
1142 3860 1351 3904 unum
1392 3840 1608 3915 fuisse,
1654 3861 1827 3904 nunc
1871 3837 2031 3904 duos
2075 3840 2432 3921 praefectos
2469 3839 2565 3904 le·

678 3927 860 3990 'mus
949 3925 1123 3989 Nam
1176 3933 1245 3990 et
1286 3924 1685 3991 Commodus
1740 3934 1888 4008 post
1938 3924 2205 3991 caedem
2244 3924 2565 3990 Perennii

628 3947 882 4075 ffuobus
923 4009 1249 4077 commisit
1289 4012 1771 4093 praefecturam
1784 4061 1802 4089 ,
1857 4031 1984 4094 quo
2034 4011 2105 4074 in
2156 4019 2376 4093 partes
2431 4010 2565 4076 dis-

628 4105 891 4173 sectam,
928 4094 1413 4162 imbecilliorem
1447 4104 1675 4163 contra
1708 4097 2068 4179 principem
2091 4096 2410 4162 redderet.
2474 4096 2568 4161 Et

628 4181 824 4246 multi
866 4182 1293 4264 imperatores
1336 4204 1538 4265 quum
1579 4183 1942 4248 exercitum
1983 4183 2053 4246 in
2097 4182 2348 4247 hostem
2407 4181 2566 4247 edu-

627 4274 870 4346 cerent,
918 4266 1197 4333 alterum
1238 4289 1320 4333 ex
1356 4270 1701 4352 praefectis
1734 4267 2056 4350 praetorio
2100 4289 2322 4334 secum
2367 4267 2566 4333 habe-

630 4352 809 4431 bant,
852 4352 1136 4418 alterum
1177 4354 1249 4416 in
1292 4356 1451 4419 urbe
1507 4355 1983 4437 relinquebant:
2039 4370 2245 4437 quum
2278 4349 2361 4418 ‘in
2403 4352 2567 4419 urbe

628 4444 899 4517 starent,
936 4458 1069 4502 uno
1112 4441 1415 4505 contenti.
1500 4440 1648 4506 Hoc
1688 4440 1888 4505 etiam
1928 4439 2184 4505 silentio
2226 4439 2567 4505 transmit-

486 4560 499 4569 ·
629 4524 897 4591 tendum
934 4544 1066 4588 non
1101 4532 1219 4601 est,
1255 4526 1503 4608 equites
1537 4546 1840 4591 romanos
1875 4532 2246 4608 assumptos
2281 4547 2365 4591 ex
2386 4546 2568 4590 more

628 4610 829 4674 fuisse
863 4610 935 4674 in
964 4630 1111 4675 eam
1155 4609 1556 4693 dignitatem,
1602 4633 1723 4677 nee
1756 4619 1911 4676 ante
1942 4610 2225 4677 senatori
2263 4608 2566 4689 delatam,

628 4715 828 4778 quam
872 4696 1058 4761 Titus
1100 4697 1172 4761 in
1214 4716 1285 4761 se
1328 4698 1659 4780 reciperet,
1705 4708 1891 4780 patre
1913 4696 2318 4781 Vespasiano
2358 4697 2568 4778 impe-

628 4788 835 4849 rante.
902 4782 1114 4846 Autor
1154 4773 1414 4847 Plinius
1455 4784 1678 4863 maior,
1722 4791 1788 4848 et
1820 4782 2259 4866 Tranquillus.
2313 4782 2568 4848 Verum

631 4867 687 4933 si
722 4865 1027 4932 Cornelio
1050 4867 1275 4934 Tacito
1310 4867 1656 4949 credimus,
1681 4869 2037 4935 Arretinus
2072 4867 2378 4934 Clemens
2413 4876 2568 4933 ante

631 4958 708 5017 e'o
751 4952 962 5019 officio
1013 4953 1276 5021 functus
1326 4954 1569 5034 fuerat,
1620 4955 1846 5021 favore
1888 4954 2202 5031 Matiani,
2257 4952 2569 5019 senatorii

630 5039 733 5104 vir
775 5039 1039 5117 ordinis,
1084 5047 1152 5104 et
1194 5038 1419 5104 domui
1453 5041 1844 5123 Vespasiani
1888 5059 2006 5122 per
2047 5040 2432 5105 affinitatem
2465 5039 2567 5103 in-

630 5144 859 5189 nexus.
923 5125 1174 5190 Histor.
1221 5124 1387 5191 libro
1421 5124 1580 5190 XX.
1650 5123 1832 5206 Quin
1877 5133 1946 5191 et
1985 5124 2053 5189 id
2099 5123 2272 5208 quod
2317 5124 2397 5190 de
2419 5125 2568 5188 'Pito

626 5210 924 5276 scribunt
962 5210 1221 5276 Plinius
1263 5219 1333 5276 et
1375 5210 1797 5292 Tranquillus
1817 5209 2078 5275 videtur
2096 5209 2327 5276 Aelius
2360 5207 2570 5292 Spar·

2250 306 2388 374 DE·
2421 304 2969 376 CLEMENTIA

4491 312 4611 374 148

2670 495 2893 560 tianus
2935 494 3292 580 ignorasse,
3337 497 3448 580 qui
3491 498 3560 562 in
3599 493 3981 563 Alexandro
4017 497 4102 562 ad
4135 498 4314 562 hunc
4346 494 4615 561 modum

2670 578 2899 644 tradit:
2953 582 3314 647 Praefectis
3368 583 3692 665 praetorio
3736 584 4134 649 senatoriam
4177 581 4431 648 addidit
4473 581 4615 666 dig-

2668 666 2962 745 nitatem,
3017 674 3094 732 ut
3138 668 3260 732 viri
3300 668 3648 734 clarissimi
3702 678 3772 735 et
3811 675 4031 734 essent
4087 677 4156 733 et
4209 666 4612 736 dicerentur:

2667 750 2845 833 quod
2885 760 3084 818 antea
3125 753 3230 818 vel
3274 773 3499 820 rarum
3542 754 3781 832 fuerat,
3828 754 3934 819 vel
3989 754 4255 819 omnino
4297 775 4431 819 non
4473 753 4615 818 fue·

2669 843 2777 902 rat
2790 886 2805 914 ,
2865 855 3154 922 eousque
3211 849 3288 905 ut
3343 841 3399 904 si
3456 840 3602 921 quis
3655 840 4116 922 imperatorem
4175 859 4618 906 successorem

2651 923 3069 1004 'praefectum
3113 926 3441 1007 praetorio
3486 924 3642 989 dare
3682 924 3909 1001 vellet,
3966 925 4362 991 laticlaviam
4403 923 4618 990 eidem

2667 1028 2785 1091 per
2817 1008 3127 1075 libertum
3164 1010 3591 1076 submitteret.
3660 1009 4039 1075 Alexander
4074 1019 4295 1076 autem
4327 1010 4475 1075 ideo
4511 1030 4615 1076 se·

2667 1101 2933 1160 natores
2968 1117 3110 1161 esse
3144 1096 3355 1161 voluit
3389 1097 3748 1181 praefectos
3783 1096 4124 1179 praetorio,
4171 1116 4257 1161 ne
4283 1097 4445 1245 (quis
4479 1116 4618 1160 non

2668 1187 2929 1245 senator
2982 1180 3064 1245 de
3116 1202 3390 1260 romano
3442 1190 3760 1248 senatore
3790 1181 4131 1247 iudicaret.
4219 1183 4282 1246 A
4328 1180 4619 1247 dendnm

2665 1272 2996 1348 postremo
3030 1276 3099 1333 et
3131 1267 3297 1332 illud
3332 1289 3414 1332 ex
3442 1267 3614 1338 Iulio
3649 1266 4036 1350 Capitolino,
4074 1266 4389 1334 Caesares
4423 1287 4617 1351 prae-

2664 1351 2848 1417 fectis
2893 1353 3032 1418 suis
3074 1351 3372 1419 osculum
3411 1351 3566 1417 dare
3610 1353 3833 1418 solitos
3889 1353 4155 1418 honoris
4210 1372 4424 1419 causa.
4513 1353 4618 1418 Eo

2660 1436 2978 1519 paulatim
3021 1446 3409 1521 pervenerat
3451 1446 3755 1520 potestas,
3800 1438 4106 1504 militaris
4150 1439 4455 1521 primum,
4502 1438 4618 1503 de-

2664 1520 2817 1588 inde
2870 1546 2976 1588 res
3033 1524 3258 1590 civiles
3303 1523 3633 1607 amplexa,
3691 1546 3854 1606 quas
3907 1524 4118 1589 libera
4169 1523 4620 1590 iurisdictione

2665 1617 2733 1672 et
2775 1610 2918 1674 sine
2961 1609 3418 1692 provocatione
3472 1609 3998 1688 administrabat,
4050 1617 4129 1674 ut
4182 1630 4314 1674 non
4358 1609 4619 1675 dubitae

2666 1695 2886 1758 verint
2927 1695 3221 1779 plerique
3265 1716 3347 1761 ex
3390 1715 3467 1760 eo
3512 1695 3721 1779 gradu
3757 1695 4091 1778 adspirare
4125 1695 4210 1760 ad
4243 1694 4616 1778 imperium,

2666 1787 2733 1846 et
2764 1780 3076 1863 Philippo
3113 1782 3310 1846 etiam
3347 1782 3743 1847 successerit.
3803 1781 3950 1847 Hoc
3987 1782 4185 1846 etiam
4221 1790 4618 1866 argumento

2667 1865 2805 1931 eius
2849 1866 3042 1932 officii
3088 1860 3616 1951 magnitudinem
3661 1867 3978 1933 coniicere
4020 1887 4367 1950 possumus
4380 1917 4396 1945 ‚
4443 1865 4621 1948 quod

2668 1972 2872 2034 quum
2899 1951 3277 2017 Gordianus
3319 1973 3405 2018 ne
3451 1974 3523 2017 os
3567 1973 3827 2017 summa
3868 1952 4089 2017 omnia
4131 1952 4205 2017 in
4227 1952 4622 2018 Misitheum

2669 2056 2968 2103 socerum
3011 2037 3264 2103 deferre
3307 2061 3387 2106 ve
3439 2045 3524 2116 et,
3571 2046 3825 2102 tantum
3871 2059 4002 2103 non
4054 2038 4312 2120 imperii
4348 2038 4620 2121 partici-

2663 2144 2833 2204 pem,
2879 2123 3050 2187 nihil
3090 2127 3235 2202 [pag.
3266 2130 3412 2203 142]
3457 2121 3690 2188 habuit
3722 2124 4131 2206 praefectura
4150 2123 4379 2189 maius.
4445 2123 4621 2189 Nos-

2666 2210 2786 2273 tris
2820 2208 3197 2274 hominibus
3227 2230 3363 2274 non
3382 2209 3573 2274 aliter
3591 2230 3855 2292 possum
3885 2230 3959 2275 re
4004 2216 4395 2288 raesentare‚
4418 2230 4622 2292 quam

2665 2295 2722 2360 si
2766 2295 2912 2376 quis
2935 2293 3419 2361 Constabularii
3451 2296 3737 2360 officium
3772 2316 3919 2360 cum
3946 2230 4432 2361 &annonariam
4465 2295 4621 2360 iun-

2667 2386 2798 2464 gat.
2887 2380 3072 2446 Haec
3112 2380 3412 2464 pluribus
3453 2402 3652 2462 quam
3696 2388 4073 2446 statueram.
4224 2435 4236 2451 .

2841 2466 2928 2530 In
2969 2467 3154 2531 cuius
3185 2467 3370 2532 verba
3401 2467 3728 2547 principes
3761 2468 4182 2531 iuramentum
4210 2463 4483 2553 faciant]
4535 2466 4622 2532 Id

2668 2558 2786 2629 est,
2827 2552 2898 2616 in
2942 2551 3353 2617 cuiusverba
3396 2552 3824 2627 consentiant,
3870 2559 3937 2617 et
3969 2552 4154 2635 quasi
4187 2552 4621 2617 iureiurando

2667 2637 3058 2719 conspirent,
3095 2637 3355 2702 Nerone
3389 2636 3638 2703 scilicet
3658 2636 3860 2702 verba
3892 2646 4265 2719 praeeunte,
4302 2638 4462 2720 ipsis
4498 2660 4622 2703 au-

2667 2729 2803 2787 tem
2845 2722 2915 2785 in
2935 2722 3140 2788 verba
3177 2731 3488 2804 concepta
3517 2721 3904 2788 iurantibus.
3973 2721 4085 2788 Sic
4108 2725 4328 2790 Acron
4363 2733 4431 2788 et
4449 2724 4622 2790 Por-

2667 2807 2902 2892 phyrio
2943 2807 3271 2891 accipiunt
3310 2806 3475 2872 illud
3519 2808 3783 2872 Horatii
3825 2809 3896 2873 in
3938 2808 4217 2892 Epodis:

2875 2908 3048 2975 Quum
3081 2918 3141 2963 tu
3176 2924 3488 2991 magnorum
3523 2924 3717 2964 numen
3755 2910 3972 2965 laesura
4007 2911 4247 2978 deorum,

2977 2977 3037 3032 In
3073 2979 3239 3033 verba
3275 2980 3491 3033 iurabas
3525 2995 3659 3034 mea.

2669 3062 2891 3129 Huius
2951 3065 3150 3129 etiam
3212 3064 3606 3146 loquutionis
3672 3065 4220 3149 significationem
4273 3065 4623 3134 evidenter

2668 3147 2952 3214 ostendit
2992 3150 3229 3215 Livius
3283 3149 3448 3215 libro
3491 3150 3681 3216 VH.:
3736 3151 3830 3215 Et
3881 3172 4078 3233 super
4130 3150 4372 3218 lectum
4429 3161 4621 3220 stans

2667 3235 2839 3299 ferro
2883 3236 3135 3299 intento
3150 3287 3165 3314 ‚
3223 3237 3348 3300 nisi
3403 3237 3474 3300 in
3534 3258 3698 3318 quae
3751 3237 3893 3319 ipse
3946 3238 4349 3320 concepisset
4390 3239 4620 3320 verba,

2668 3321 2948 3398 iuraret,
3015 3342 3086 3387 se
3132 3323 3348 3404 patris
3407 3320 3550 3386 eius
3604 3321 3951 3388 accusandi
4007 3343 4208 3387 causa
4264 3324 4621 3390 concilium

2667 3404 2873 3487 plebis
2918 3428 3249 3489 nunquam
3295 3406 3691 3487 habiturum,
3737 3428 3807 3473 se
3842 3429 3995 3472 eum
4033 3409 4360 3491 extemplo
4395 3417 4622 3475 trans-

2664 3494 2956 3557 fixurum
2997 3494 3303 3558 minatur.
3392 3493 3460 3558 Is
3505 3500 3728 3558 autem
3769 3494 3880 3577 qui
3923 3493 4115 3559 alteri
4155 3495 4358 3560 verba
4398 3498 4622 3561 conci-

2668 3579 2781 3660 pit,
2827 3577 3065 3644 dicitur
3105 3579 3178 3644 in
3219 3580 3423 3644 verba
3466 3577 3568 3643 adi
3655 3599 3744 3644 re.
3811 3578 4066 3644 Ibidem
4109 3580 4366 3658 Livius,
4410 3582 4620 3649 Pavi-

2671 3663 2820 3741 dus,
2872 3665 3110 3746 inquit,
3168 3666 3471 3731 tribunus
3525 3600 3784 3730 affimat
3838 3665 3911 3728 in
3967 3686 4133 3746 quae
4187 3665 4470 3731 adactus>
4516 3677 4625 3733 est

2669 3748 2886 3815 verba.
2956 3749 3212 3815 Gellius
3255 3750 3423 3814 libro
3457 3750 3677 3815 XVI.:
3726 3748 3952 3831 Quum
3997 3750 4284 3817 delectus
4326 3753 4470 3816 anti
4515 3754 4621 3818 ui·

2668 3846 2778 3900 tus
2830 3836 3044 3913 fieret,
3102 3844 3169 3900 et
3218 3836 3459 3901 milites
3511 3835 3977 3913 scriberentur,
4033 3837 4106 3901 in
4154 3837 4452 3903 iusiuran
4501 3860 4622 3904 um
4713 3867 4726 3880 ·

2669 3942 2779 3986 eos
2819 3919 3121 3986 tribunus
3164 3922 3468 3987 militaris
3513 3922 3818 4007 adigebat
3853 3922 3925 3986 in
3968 3922 4132 3987 haec
4169 3921 4389 3988 verba.
4483 3924 4620 3989 'Pa-

2668 4008 2864 4073 citus:
2908 4007 3265 4073 Imminere
3305 4008 3716 4073 Narbonensi
3761 4008 4135 4090 provinciae
4175 4007 4245 4072 in
4266 4007 4472 4073 verba
4491 4007 4621 4074 Vi-

2667 4092 2830 4157 tellii
2875 4091 3143 4159 adactae
3187 4101 3307 4160 etc.
3394 4093 3646 4159 Eadem
3703 4094 3955 4158 ratione
3997 4092 4236 4158 dicitur
4276 4093 4500 4160 iurare
4544 4094 4622 4160 in

2667 4199 2912 4244 nomen
2955 4179 3284 4262 principis,
3331 4186 3398 4244 et
3439 4180 3656 4245 iurare
3699 4180 3770 4244 in
3812 4178 4009 4262 leges.

2844 4262 2965 4329 Oui
3014 4265 3366 4331 redderetur
3421 4267 3749 4347 antiqmm
3801 4265 3962 4330 allud
4014 4263 4357 4351 saeculum]
4415 4263 4620 4346 Quod

2669 4349 2781 4415 illo
2823 4350 3081 4417 saeculo
3124 4371 3350 4430 auree,
3396 4359 3627 4434 suopte
3670 4351 3936 4435 ingenio
3981 4349 4142 4415 adeo
4185 4349 4386 4432 probe
4429 4352 4620 4417 vive·

2670 4442 2822 4501 rent
2865 4436 3195 4513 homines,
3252 4445 3328 4501 ut
3378 4436 3547 4502 nihil
3600 4435 3856 4520 legibus
3913 4456 4075 4519 opus
4129 4435 4481 4515 haberent,
4541 4445 4626 4503 ut

2669 4530 2817 4605 post
2847 4518 3212 4588 Hesiodum
3252 4543 3480 4588 omnes
3513 4522 3648 4587 fere
3684 4530 3915 4603 poetae
3950 4530 4214 4588 canunt.
4283 4521 4464 4588 Hine
4497 4543 4622 4606 pro

2669 4608 2959 4674 moribus
3001 4609 3376 4690 principum
3410 4628 3590 4673 nunc
3623 4627 3823 4672 aurea
3842 4620 4083 4673 vocant
4117 4606 4397 4686 saecula,
4436 4627 4624 4674 nunc
4695 4624 4702 4631 ·

2668 4695 2900 4760 ferrea.
2964 4693 3325 4779 Vergilius:
4221 4694 4226 4702 '

3182 4794 3433 4851 Redeunt
3464 4795 3716 4850 Saturnia
3747 4811 3930 4864 regna.

2668 4881 2865 4948 Item:
3169 4940 3174 4949 .

3045 4966 3122 5019 Et
3156 4972 3273 5019 toto
3311 4972 3497 5035 surget
3530 4981 3662 5035 gens
3697 4979 3867 5021 aurea
3901 4966 4113 5021 mundo.

2669 5053 2762 5117 Et
2804 5051 2972 5115 libro
2992 5052 3113 5116 VI.
3160 5049 3512 5117 Aeneidos:

2895 5153 3172 5277 ,εὰιιὲιιῶωε
3206 5154 3408 5208 Caesar
3443 5154 3619 5209 divum
3655 5170 3825 5225 genus
3860 5170 4028 5209 aurea
4063 5153 4260 5209 condet
4355 5188 4364 5197 ·

2937 5238 2970 5276 a
3006 5238 3035 5276 e
3094 5238 3143 5278 a.
