4984 5975
313 326 388 387 ee
1543 278 1546 281 ’
1689 318 1982 385 menn
2022 318 2080 384 1.
2166 316 2471 386 oAPU'r
2517 317 2710 383 vm.
2772 318 2900 385 1x.
4232 323 4315 387 το

317 520 455 593 [ρος.
494 515 603 590 59]
662 509 772 589 qui
811 508 920 573 ubi
971 509 1209 575 usitata
1247 509 1526 573 remedia
1568 528 1690 572 non
1724 507 2087 590 procedunt,
2131 512 2254 572 ten—

315 604 437 664 toni
474 595 812 662 contraria.
885 593 1221 660 Severitate
1265 594 1424 659 nihil
1467 593 1670 659 adhuc
1698 593 2043 675 profecisti.
2116 592 2255 659 Sal-

316 685 595 750 videnum
621 686 670 764 ¹)
721 680 1002 763 Lepidus
1065 685 1361 761 sequutus
1418 684 1533 757 est,
1593 679 1907 762 Lepidum
1959 677 2252 758 Murena,

317 769 651 861 Murenam
881 767 892 778 “
936 815 950 844 ,
1181 766 1193 778 ’
1423 764 1739 848 Eqnalius
1755 816 1769 844 ,
1823 769 1894 829 ul
1947 764 2107 829 alios
2161 770 2255 829 ta-

316 851 1471 1019 ffffiffltfflfflffl.
1522 850 2255 1017 immam

319 1034 410 1096 est.
493 1025 646 1090 Iam
685 1044 895 1089 nocere
933 1022 1048 1087 tibi
1090 1044 1214 1087 non
1243 1027 1473 1103 potest,
1518 1023 1819 1103 prodesse
1857 1022 2071 1104 famae
2112 1026 2255 1087 tuae

313 1118 513 1197 potest.
608 1110 893 1176 Gavi-sus
925 1107 1065 1189 sibi,
1105 1110 1266 1190 quod
1300 1109 1662 1173 advocatum
1696 1109 2030 1188 invenerat,
2065 1109 2255 1175 uxori

320 1200 555 1285 quidem
593 1197 848 1281 yratias
886 1196 1034 1278 eyit:
1093 1195 1454 1260 renunciari
1509 1199 1713 1259 autem
1759 1194 2055 1276 eetenmlo
2098 1195 2256 1260 amis

319 1288 417 1367 cis,
457 1303 611 1367 quos
653 1283 726 1346 in
766 1281 1096 1347 consilium
1128 1284 1469 1363 royaverat,
1511 1280 1858 1362 imperavit,
1892 1284 1947 1344 et
1985 1277 2254 1345 Cinnam

320 1391 499 1437 unum
552 1369 638 1435 ad
691 1388 759 1433 se
814 1367 1075 1434 accersit
1089 1418 1103 1444 ,
1169 1367 1576 1447 dimissisque
1633 1365 1917 1431 omnibus
1971 1385 2255 1448 cyressus

323 1481 352 1524 e
384 1455 671 1534 cubiculo,
716 1473 913 1534 quum
954 1451 1219 1518 alteram
1259 1450 1497 1517 Cinnae
1534 1451 1888 1516 cathedram
1920 1451 2084 1531 poni
2126 1453 2257 1516 ius-

319 1545 499 1622 sisset,
545 1540 703 1618 Hoc,
750 1539 972 1620 inquit,
1003 1539 1289 1621 primum
1332 1559 1373 1601 a
1407 1543 1463 1602 te
1484 1543 1646 1620 peto,
1679 1558 1756 1603 ne
1787 1557 1884 1602 me
1917 1538 2256 1618 wquenlem

321 1627 677 1708 interpelles,
731 1646 808 1689 ne
847 1644 979 1690 meo
1012 1644 1288 1690 sermone
1330 1623 1531 1689 medio
1569 1620 1950 1706 proclames.-
2001 1622 2256 1687 dabitur

324 1714 423 1780 tibi
474 1712 769 1794 loquendi
824 1711 1085 1777 liberum
1139 1719 1394 1790 tempus.
1483 1708 1620 1792 Eyo
1670 1715 1727 1774 te
1775 1707 2007 1787 Oinna,
2060 1728 2254 1789 quum

322 1802 383 1866 in
418 1799 684 1866 hostium
718 1798 942 1863 castris
975 1798 1363 1874 invenissem,
1407 1816 1528 1860 non
1557 1795 1794 1877 factum
1825 1798 2065 1859 tantum
2096 1794 2256 1859 mihi

323 1887 647 1965 inimicum,
690 1884 803 1950 sed
845 1888 1080 1961 ovatum,
1115 1882 1392 1947 servavi:
1421 1882 1884 1961 patrimonium
1926 1880 2039 1946 tibi
2081 1900 2256 1946 omne

321 1971 585 2038 concessi.
681 1968 886 2034 Hodie
928 1974 1058 2034 lam
1100 1968 1256 2050 felix
1299 1987 1392 2046 es,
1449 1972 1504 2031 et
1547 1972 1675 2032 tam
1727 1967 1926 2045 dives,
1984 1971 2054 2031 ui
2100 1967 2253 2031 victo

322 2058 558 2123 victores
609 2055 949 2121 invideant.
1044 2053 1471 2119 Sacerdotium
1534 2053 1648 2117 tibi
1696 2054 1953 2134 pelenti,
2003 2056 2252 2132 praele-

324 2141 450 2209 ritis
498 2140 951 2223 compluribus,
1009 2159 1276 2222 quorum
1321 2144 1615 2218 parentes
1666 2158 1904 2203 mecum
1946 2137 2251 2202 militave-

324 2234 477 2307 rant,
520 2228 685 2294 dedi.
785 2226 988 2307 Quum
1041 2228 1133 2290 sic
1183 2226 1259 2290 de
1317 2229 1374 2288 te
1426 2227 1787 2302 meruerim,
1840 2224 2106 2289 occidere
2157 2243 2254 2287 me

325 2315 695 2379 constituisti.
773 2312 976 2393 Quum
1015 2312 1101 2377 ad
1144 2309 1302 2375 hanc
1343 2329 1545 2375 vocem
1581 2310 1995 2388 exclamasset,
2028 2308 2253 2389 procul

327 2399 464 2464 hane
511 2421 554 2463 a
605 2420 674 2465 se
729 2396 939 2463 abesse
992 2397 1389 2474 dementiam,
1455 2396 1602 2461 Non
1648 2400 1972 2480 praestas,
2029 2394 2251 2476 inquit,

325 2485 518 2566 fidon,
576 2484 818 2551 Cinna.-
878 2487 1261 2561 convenerat,
1325 2502 1403 2545 ne
1457 2482 1976 2563 interloquereris.
2084 2479 2253 2545 Occi-

328 2572 450 2638 dere
488 2573 750 2654 inquam
792 2589 889 2634 me
920 2589 1142 2650 paras.
1234 2568 1481 2634 Adiecit
1513 2569 1732 2646 locum,
1792 2568 1992 2632 socios
2009 2617 2024 2645 ,
2067 2565 2251 2643 diem,

328 2659 578 2723 ordinem
623 2655 1034 2733 insidiarum,
1078 2655 1182 2719 cui
1223 2657 1621 2719 commissum
1656 2659 1814 2718 esset
1843 2654 2100 2733 ferrum.
2169 2651 2258 2715 Et

329 2765 496 2824 quum
536 2746 612 2810 de
661 2761 818 2806 xum
860 2743 1109 2819 videret,
1153 2761 1260 2806 nec
1300 2761 1375 2804 ea:
1408 2740 1793 2805 conventione
1836 2741 1986 2817 iam,
2029 2738 2136 2803 s'ed
2180 2757 2258 2801 ex

330 2831 673 2894 conscientia
728 2831 1047 2906 tacerdem,
1119 2827 1277 2907 Quo,
1333 2827 1562 2908 inquit,
1620 2826 1726 2890 hoc
1780 2818 1989 2889 animo
2039 2822 2252 2904 facis?

342 2904 408 2981 Ul
446 2916 572 2997 ipse
612 2915 711 2980 sis
733 2912 1081 2994 princeps?
1171 2910 1346 2976 Male
1386 2911 1721 2977 mehercule
1762 2930 1901 2975 eum
1941 2908 2259 2994 republica

332 3004 520 3085 syitur
535 3052 550 3081 ,
600 3004 665 3066 si
722 2998 836 3063 tibi
888 2999 974 3064 ad
1025 2999 1467 3078 imperandum
1525 2997 1687 3063 nihil
1719 3002 1980 3080 praeter
2019 3016 2116 3060 me
2158 2996 2256 3061 ob-

331 3093 452 3153 stat.
534 3087 813 3154 Domum
866 3086 1031 3149 tueri
1072 3089 1244 3148 tuam
1277 3105 1402 3149 non
1433 3089 1629 3166 potes.
1722 3084 1944 3164 Nuper
1985 3082 2258 3147 libertini

332 3170 575 3238 hominis
610 3171 826 3255 qratia
865 3172 938 3235 in
974 3171 1228 3252 privato
1269 3170 1506 3235 iudicio
1546 3174 1880 3249 superatus
1913 3189 1994 3233 es.
2081 3167 2258 3231 Adeo

333 3257 472 3322 nihil
510 3258 773 3342 facilius
805 3261 1009 3338 potes,
1065 3276 1254 3336 quam
1296 3262 1507 3321 contra
1563 3253 1893 3321 Gaesarem
1937 3253 2256 3319 advocare.

299 3340 576 3429 =Cedo,²)
628 3345 690 3408 si
745 3362 887 3423 spes
939 3346 1083 3406 tuas
1132 3341 1303 3407 solus
1359 3341 1659 3423 impediO,
1717 3339 2039 3404 Paulusne
2091 3343 2147 3404 te
2202 3342 2257 3401 et

336 3426 557 3496 Fabius
601 3428 938 3494 Maximus
981 3432 1038 3491 et
1082 3424 1260 3491 Cossi
1302 3433 1356 3491 et
1404 3426 1664 3492 Servilii
1716 3425 1942 3506 ferent,
1983 3429 2257 3503 ‚lantum-

333 3532 436 3593 με
466 3536 682 3599 aymen
716 3513 1014 3578 nobilium
1047 3533 1168 3578 non
1200 3513 1426 3579 inania
1459 3513 1717 3576 nomina
1740 3511 2254 3591 praeferentium,

333 3601 428 3664 sed
465 3621 674 3666 eorum
716 3600 828 3681 qui
869 3598 1252 3681 imayinibus
1293 3600 1433 3664 suis
1473 3598 1680 3663 decori
1718 3596 1963 3680 sint?⁸)
2034 3596 2132 3661 Ne
2174 3600 2258 3659 to-

333 3687 445 3750 tam
474 3689 608 3751 eius
653 3691 801 3764 [pag.
827 3689 934 3763 60]
979 3685 1319 3749 orationem
1352 3684 1734 3767 repentendO,
1777 3702 2072 3765 maynam
2095 3701 2256 3762 par-

336 3773 435 3834 tem
485 3770 815 3836 voluminis
876 3789 1158 3851 occupem
1224 3771 1494 3852 (diutius
1549 3770 1716 3833 enim
1769 3788 1961 3849 quam
2012 3767 2256 3832 duabus

335 3852 487 3922 horis
524 3858 844 3938 loeuutum
883 3875 1014 3920 esse
1054 3856 1318 3937 constat)
1364 3875 1557 3937 quum
1600 3854 1759 3918 hanc
1791 3873 2060 3935 poenam
2073 3903 2087 3932 ,
2132 3871 2257 3932 qua

338 3940 455 4006 sola
483 3949 615 4008 erat
656 3946 968 4007 contevilus
1005 3940 1281 4021 futurus,
1323 3941 1693 4007 extenderet.-
1745 3940 1955 4005 Vitam
1988 3938 2123 4015 libi,
2164 3938 2258 4001 in-

339 4029 469 4106 quil,
512 4028 747 4106 Cinna,
791 4029 1018 4092 iterum
1061 4026 1138 4090 do
1151 4079 1165 4104 ,
1207 4029 1404 4108 prius
1445 4027 1634 4104 hosti,
1690 4046 1854 4091 nunc
1897 4024 2258 4091 msidiatori

339 4131 402 4175 ac
439 4114 817 4193 parricidae.
907 4111 1012 4177 Ex
1080 4112 1371 4178 hodierno
1426 4114 1529 4178 die
1584 4113 1746 4177 inter
1800 4132 1916 4176 nos
1977 4109 2258 4175 amicilia

340 4196 594 4280 incipiat.
687 4199 1141 4265 Contendamus
1189 4204 1405 4263 utrum
1457 4218 1564 4282 eqo
1605 4199 1854 4264 meliore
1896 4196 2023 4278 fide
2063 4195 2258 4260 vitam

341 4281 437 4346 tibi
474 4286 775 4362 dederim,
833 4306 919 4350 an
973 4289 1040 4347 tu
1092 4284 1329 4350 debeas.
1422 4284 1574 4349 Post
1627 4283 1779 4348 haec
1832 4282 2050 4348 detulit
2093 4281 2260 4345 ultro

340 4372 721 4451 consulatum,
767 4376 1044 4452 questus,
1098 4372 1262 4451 quod
1301 4390 1426 4436 non
1467 4371 1724 4436 auderet
1753 4374 1985 4451 petere.
2074 4366 2259 4431 Ami-

340 4455 638 4523 cissimum
676 4457 1229 4539 fidelissimumque
1261 4456 1490 4535 habuit,
1529 4455 1749 4520 haeres
1782 4455 1952 4520 solus
1982 4453 2110 4535 fuit
2142 4451 2259 4517 illi.

345 4537 541 4608 Nullis
581 4544 863 4625 amplius
904 4542 1168 4608 insidiis
1210 4541 1288 4607 ab
1327 4542 1455 4607 ullo
1490 4543 1726 4623 petitus
1768 4545 1871 4606 est.

494 4661 603 4729 Sic
647 4671 805 4729 sunt
849 4660 1345 4747 distinguendae
1387 4660 1699 4726 orationis
1740 4669 1960 4744 partes
2013 4668 2088 4725 ut
2131 4680 2262 4724 uno

345 4745 553 4824 spiritu
588 4750 711 4814 hoc
749 4750 1058 4814 efferatur
1070 4772 1085 4828 ;
1123 4748 1336 4813 Divus
1366 4748 1695 4831 Auyuslus
1724 4748 1853 4830 fuit
1879 4747 2058 4811 mitis
2077 4746 2264 4828 prin-

344 4845 491 4912 cepe,
542 4837 600 4899 si
652 4836 799 4916 quis
843 4836 1026 4901 illum
1071 4856 1114 4899 a
1145 4834 1516 4916 principatu
1559 4854 1671 4898 suo
1726 4834 2057 4898 aestimare
2108 4833 2264 4895 inci-

334 4916 477 4992 piat.
557 4920 815 4986 Deinde
849 4920 1020 5004 quod
1062 4922 1378 5003 sequitur,
1425 4941 1719 4985 seorsum
1762 4919 2263 5003 pronuncietur:

348 4997 420 5062 In
477 5024 844 5071 communem
905 5007 1154 5088 quidem
1229 5007 1677 5087 rempublicam
1733 5005 2021 5089 yladium
2081 5005 2268 5068 movit

469 5175 525 5240 1)
563 5177 670 5232 Ed.
708 5180 910 5233 Amet„-
945 5175 1321 5231 Salvidienum.

1457 5176 1516 5236 2)
1562 5176 1708 5231 Edd.
1747 5176 1880 5231 1611
1899 5191 2040 5246 ης..-
2074 5173 2266 5232 Credo.

348 5235 400 5304 ⁸)
435 5241 538 5296 Ed.
574 5248 770 5302 Aust.-
806 5253 947 5302 sunt.

2356 527 2551 590 quiem
2603 508 2674 572 id
2728 509 2953 574 aetatis
3012 513 3167 575 esset
3219 509 3384 590 quod
3438 513 3508 572 iu
3549 528 3715 573 nunc
3771 530 3854 573 es.
3942 508 4073 589 Qui
4131 510 4313 575 enim

2358 594 2500 659 eius
2563 594 2875 676 temporis
2945 593 3287 659 historiam
3351 592 3809 676 prodiderunt,
3882 615 4108 660 omnes
4176 618 4309 661 uno

2358 701 2470 744 ore
2524 681 2636 744 Au
2765 680 2817 744 ti
2887 679 3304 744 clementiam
3369 680 3709 745 celebrant
3726 731 3742 757 ,
3807 690 4150 763 postquam
4206 702 4310 746 so-

2355 765 2460 831 lus
2524 699 2798 831 subffis
2854 764 3108 847 Lepido
3165 773 3231 830 et
3288 766 3577 830 Antonio
3644 766 4041 849 reipublicae
4103 766 4308 831 admi-

2356 851 2816 918 nistrationem
2851 852 3155 935 suscepit.
3224 851 3304 916 In
3342 852 3768 917 triumviratu
3805 853 3937 916 acri
3982 852 4308 935 ferocique

2356 937 2624 1021 ingenio
2646 936 3092 1020 proscribendi
3114 938 3456 1002 saevitiam
3494 938 3805 1015 exercuit,
3846 947 3913 1002 et
3951 938 4078 1005 alia
4112 958 4308 1020 quae-

2360 1022 2512 1087 dam
2556 1022 2780 1099 edidit,
2801 1023 3204 1090 crudelitatis
3248 1023 3445 1107 plena
3486 1043 3712 1107 opera,
3760 1045 3925 1105 quae
3969 1044 4310 1089 recensere

2357 1109 2635 1192 longum
2688 1118 2802 1174 est.
2908 1109 3329 1191 Tranquillus
3380 1109 3454 1172 in
3511 1110 3649 1174 eius
3694 1110 3855 1173 vita:
3904 1108 4310 1174 Clementiae

2359 1193 2821 1277 civilitatisque
2877 1196 3016 1260 eius
3060 1195 3268 1259 multa
3310 1203 3374 1259 et
3419 1215 3661 1278 magna
3705 1193 4093 1263 documenta
4135 1203 4305 1259 sunt.

2356 1280 2534 1345 Vide
2558 1280 2943 1346 Cornelium
2977 1282 3277 1345 Tacitum
3312 1280 3419 1346 lib.
3444 1281 3520 1359 I.,
3558 1278 3871 1346 Ovidium
3906 1282 3977 1346 in
4011 1280 4309 1364 pluribus

2357 1364 2531 1431 loeis.
2620 1366 2821 1434 Nolui
2864 1368 3041 1433 enim
3086 1367 3192 1432 hio
3233 1366 3523 1446 haerere,
3570 1367 3722 1449 quia
3763 1366 4088 1450 quaedam
4123 1378 4197 1430 ut
4240 1388 4310 1431 se

2358 1452 2653 1531 offerent,
2698 1454 2978 1537 sparsim
3020 1454 3445 1536 attingentur.

2532 1537 2615 1601 In
2639 1560 3015 1605 coinmunem
3046 1538 3490 1619 rempublicam
3513 1538 3799 1622 yladium
3847 1535 4062 1623 movit]
4108 1537 4310 1602 Eras-

2357 1645 2507 1689 mus
2560 1626 2628 1688 in
2677 1626 3021 1708 posteriori
3064 1622 3347 1689 editione
3388 1625 3568 1708 legit,
3625 1625 3694 1688 in
3738 1625 4069 1690 communi
4118 1644 4311 1706 repu-

2356 1710 2543 1777 blica.
2627 1712 2924 1794 Utraque
2958 1710 3146 1777 lectio
3183 1710 3495 1777 sustineri
3538 1718 3769 1794 potest.
3849 1711 4021 1775 Nam
4069 1708 4314 1774 Caesar

2358 1797 2712 1864 octodecim
2750 1797 2897 1879 plus
2934 1798 3155 1862 minus
3196 1803 3394 1861 natus
3439 1818 3663 1874 annos,
3712 1797 3783 1859 in
3828 1794 4312 1879 expeditionem

2357 1884 2598 1949 missus
2650 1883 2970 1949 adversus
3024 1883 3416 1961 Antonium,
3471 1883 3582 1964 qui
3626 1890 3784 1946 tunc
3826 1883 4117 1947 Brutum
4160 1882 4311 1946 Mu·

2357 1970 2535 2044 tinae
2570 1969 2922 2047 obsidebat,
2960 1970 3298 2053 negotium
3332 1969 3509 2033 intra
3545 1976 3679 2033 tres
3715 1989 3972 2035 menses
4016 1968 4307 2032 confecit.

2356 2054 2565 2121 Paulo
2589 2063 2737 2140 post
2762 2057 2988 2139 fugato
3010 2056 3321 2131 Antonin,
3350 2053 3689 2119 consulum
3719 2052 3922 2119 altero
3944 2054 4014 2117 in
4043 2055 4179 2118 acio
4208 2056 4310 2116 in-

2355 2150 2698 2226 terempto,
2744 2141 2948 2207 altero
2984 2163 3067 2206 ex
3091 2141 3369 2205 vulnere
3404 2148 3682 2217 mortuo,
3718 2139 4011 2204 animum
4042 2138 4125 2204 ad
4190 2141 4311 2203 eti-

2355 2229 2604 2292 tionem
2648 2226 3022 2293 consulatus
3055 2226 3322 2291 adiecit:
3369 2226 3522 2309 quia
3563 2236 3631 2289 et
3664 2226 3943 2308 suspicio
3984 2227 4086 2290 ins
4172 2233 4311 2290 erat

2355 2313 2699 2379 hominum
2748 2312 3005 2391 animis,
3051 2313 3335 2378 occisum
3366 2310 3448 2375 ab
3482 2332 3558 2376 eo
3594 2310 3894 2375 Hirtium
3938 2312 4006 2375 in
4050 2331 4311 2395 pugnae

2356 2399 2663 2477 tumultu,
2710 2407 2777 2462 et
2808 2400 3066 2464 Pansae
3105 2398 3383 2474 vulneri,
3424 2396 3715 2462 eiusdem
3741 2395 4074 2475 instincta,
4112 2417 4311 2461 vene-

2359 2507 2524 2550 num
2580 2507 2619 2550 a
2675 2484 2952 2551 Glicone
3009 2483 3258 2549 medico
3315 2484 3587 2547 illitum:
3644 2502 3769 2565 quo
3810 2484 4034 2547 fractis
4080 2482 4312 2564 opibus

2357 2572 2654 2650 Antonii,
2699 2578 2767 2635 et
2800 2569 3133 2653 republica
3176 2569 3451 2634 ducibus
3492 2568 3735 2645 orbata,
3780 2567 4184 2633 dominatum
4230 2566 4311 2632 ad

2360 2679 2432 2724 se
2475 2657 2810 2740 reciperet.
2899 2656 2992 2720 Et
3025 2656 3282 2720 senatui
3317 2657 3534 2720 visum
3569 2660 3725 2729 erat,
3770 2654 3910 2718 eius
3953 2654 4311 2736 potentiam

2358 2756 2661 2809 revocato
2697 2743 2988 2808 exercitu
3026 2739 3341 2805 scindere.
3410 2741 3536 2805 His
3572 2740 3841 2821 inquam
3884 2740 4141 2804 nunciis
4181 2747 4311 2803 ter·

2361 2832 2554 2907 ritus,
2593 2848 2859 2913 operam
2893 2826 3181 2892 intendit
3214 2837 3283 2890 at
3315 2826 3672 2910 petendum
3707 2825 4135 2890 consulatum.
4220 2825 4315 2889 Et

2360 2937 2564 3000 quum
2602 2914 2682 2979 de
2718 2934 3019 2980 successu
3055 2910 3443 2997 ambigeret,
3485 2911 3783 2996 legiones
3809 2911 3955 2975 urbi
4001 2908 4310 2989 admovit,

2360 3023 2547 3067 arma
2578 3022 2743 3084 quae
2778 2999 2901 3067 sibi
2949 3021 3068 3083 pro
3115 2998 3447 3083 republica
3490 2998 3642 3063 data
3685 3008 3894 3076 erant,
3938 2998 4010 3061 in
4051 3018 4313 3080 rempu-

2359 3088 2597 3153 blicam
2640 3095 3050 3153 convertens.
3118 3083 3266 3166 Quo
3300 3093 3596 3168 tempore
3641 3083 3733 3148 sic
3776 3082 3859 3147 ad
3895 3104 4044 3148 eum
4081 3082 4312 3149 Cicero

2362 3173 2619 3240 scribit:
2668 3172 2816 3253 Quo
2863 3179 3010 3254 [pag.
3052 3175 3161 3250 61]
3199 3178 3266 3235 te
3300 3169 3642 3236 misimus?
3679 3190 3721 3233 a
3753 3167 3989 3252 quibus
4024 3177 4315 3234 reverte·

2362 3259 2500 3325 ris?
2558 3267 2787 3325 contra
2841 3280 3000 3341 quos
3055 3255 3497 3321 armavimus?
3555 3255 3793 3338 quibus
3840 3276 4026 3319 arma
4067 3254 4315 3338 cogitas

2361 3343 2644 3411 inferre?
2682 3366 2722 3409 a
2742 3343 2981 3427 quibus
3004 3342 3365 3407 exercitum
3389 3340 3697 3406 abducis?
3725 3347 3792 3405 et
3813 3340 4127 3405 adversus
4149 3360 4315 3423 quos

2362 3432 2571 3497 aciem
2605 3428 2847 3495 struis?
2885 3450 3019 3504 cur,
3037 3428 3245 3493 hostis
3283 3427 3694 3509 relinquitur,
3732 3426 3893 3491 civis
3930 3425 4134 3490 hostis
4172 3425 4314 3490 loco

2361 3515 2671 3599 ponitur?
2721 3536 2838 3581 cur
2859 3523 3079 3579 castra
3112 3513 3326 3578 medio
3355 3513 3593 3577 itinere
3614 3511 3878 3594 longius
3900 3509 4308 3575 adversario-

2361 3623 2516 3667 rum
2541 3601 2791 3678 oastris,
2838 3609 2904 3665 et
2930 3599 3198 3683 propius
3232 3598 3461 3663 urbem
3500 3594 3889 3662 moventur?
3936 3595 4143 3659 Paulo
4164 3603 4315 3676 post

2363 3708 2515 3754 cum
2538 3686 2825 3766 Antonio
2860 3694 2927 3749 et
2947 3682 3200 3767 Lepido
3227 3683 3612 3749 sceleratam
3637 3681 4089 3745 triumviratus
4113 3680 4314 3745 socie·
4374 3693 4383 3700 ·

2363 3782 2566 3838 tatem
2592 3772 2804 3854 coepit
2833 3772 3021 3837 coire.
3077 3770 3185 3834 Ita
3210 3769 3470 3835 circiter
3493 3766 4053 3832 undevicesimum
4081 3765 4314 3834 aetatis

2364 3879 2617 3924 annum
2639 3858 2707 3923 in
2732 3856 3200 3940 rempublicam
3224 3853 3516 3938 gladium
3538 3853 3762 3929 movit,
3770 3861 3847 3915 ‘et
3868 3852 3938 3913 in
3961 3850 4311 3932 republica.

2539 3939 2624 4008 Id
2652 3943 2889 4024 ,anatis
2922 3942 3086 4024 quod
3119 3946 3186 4005 tu
3220 3961 3385 4005 nune
3416 3937 3508 4025 es]
3550 3936 3663 4003 Sic
3696 3935 3983 4002 ineunda
4018 3944 4118 4000 est
4140 3957 4314 4018 sup-

2410 4029 2617 4095 utatio
2669 4049 2753 4093 ex
2811 4026 3219 4110 Tranquillo:
3287 4023 3691 4107 Quadrimus
3756 4031 4007 4105 patrem
4073 4022 4313 4087 amisit.

2360 4053 2848 4180 lbuodeoimum
2881 4135 3124 4179 annum
3160 4133 3380 4195 agens,
3418 4110 3639 4175 aviam
3671 4107 3910 4173 Iuliam
3944 4106 4316 4172 defunctam

2363 4222 2483 4286 pro
2508 4200 2820 4267 concione
2842 4199 3164 4277 laudavit3
3200 4195 3624 4280 quadriennio
3648 4206 3810 4278 post,
3834 4193 4015 4258 virili
4052 4202 4316 4276 sumpta

2362 4296 2548 4373 toga,
2607 4286 2998 4351 militaribus
3055 4281 3615 4363 donis·triumpho
3659 4279 3960 4345 Caesaris
4003 4279 4315 4344 Africano

2366 4374 2646 4439 donatus
2703 4379 2820 4437 est.
2911 4369 3093 4452 Quid
3146 4368 3456 4451 temporis
3512 4366 3957 4432 intercesserit
4012 4364 4185 4429 inter
4228 4363 4312 4441 id,

2366 4468 2431 4524 et
2464 4467 2745 4523 mortem
2778 4456 2936 4521 Iulii
2957 4454 3307 4532 dictatoris,
3345 4453 3474 4516 alia
3511 4452 3969 4534 supputatione
4004 4450 4316 4533 colligen-

2365 4545 2542 4610 dum.
2664 4541 3004 4626 Siquidem
3069 4542 3355 4624 primum
3417 4560 3565 4602 cum
3632 4538 3725 4602 Μ.
3788 4536 4075 4602 Antonio
4120 4545 4316 4617 atque

2365 4628 2639 4713 Lepide,
2689 4628 2922 4693 deinde
2970 4637 3230 4690 tantum
3277 4644 3429 4689 cum
3473 4624 3762 4688 Antonio
3803 4644 3923 4704 per
3972 4620 4314 4686 duodecim

2365 4716 2504 4781 fere
2526 4736 2753 4793 annos,
2791 4713 3145 4779 novissime
3182 4731 3303 4794 per
3329 4717 3608 4792 quatuor
3643 4716 3710 4774 et
3749 4707 4178 4791 quadraginta
4213 4727 4318 4770 so-

2367 4803 2470 4867 lus
2490 4800 2961 4883 rempublicam
2987 4798 3217 4862 tenuit.
3263 4796 3567 4860 Mortuus
3588 4802 3688 4860 est
3720 4815 3893 4859 anno
3915 4792 4145 4857 aetatis
4170 4811 4317 4872 sep·

2367 4888 2730 4971 tuagesimo
2772 4893 2989 4961 sexto,
3044 4881 3271 4947 diebus
3316 4881 3601 4964 quinque
3645 4889 3712 4945 et
3761 4879 4032 4963 triginta
4077 4877 4313 4941 minus.

2368 4973 2744 5039 Demantur
2785 4969 2944 5034 anni
2988 4966 3316 5032 sexdecim
3361 4966 3447 5031 ad
3489 4966 3556 5031 id
3602 4974 3860 5047 tempus
3915 4983 4041 5045 quo
4099 4961 4321 5026 aviam

2365 5058 2663 5124 laudavit
2717 5056 2786 5120 in
2840 5056 3101 5132 funere,
3162 5052 3396 5118 deinde
3442 5053 3597 5117 anni
3642 5052 3777 5115 fere
3821 5047 4161 5113 duodecim
4214 5065 4318 5110 so-

2369 5145 2623 5211 cietatis
2686 5162 2837 5208 cum
2901 5138 3154 5222 Lepido
3221 5146 3289 5204 et
3340 5139 3657 5215 Antonio,
3710 5144 3859 5219 post
3899 5132 4154 5198 XLIV.
4207 5130 4319 5213 qui

2369 5231 2790 5313 assignantur
2858 5224 3306 5302 monarchiae,
3387 5231 3739 5306 supersunt
3801 5218 3961 5283 anni
3994 5223 4319 5300 „quatuon

3884 5320 3911 5352 ss
