4984 5975
618 300 739 360 347

2278 292 2959 362 OATEGmSMUS.

4498 291 4627 353 348

614 504 732 565 que
772 486 1113 565 componat,
1158 500 1364 547 omnes
1404 501 1619 545 rerum
1661 487 1910 547 eventus
1952 483 2314 561 moderetur,
2370 484 2565 547 omni-
2614 483 2621 524 ¹
2667 483 2817 547 nari
2859 482 3035 548 nobis
3065 483 3372 564 petimus,
3414 480 3722 559 omnibus,
3764 480 3901 544 sine
3937 478 4070 544 ulla
4113 479 4477 559 exceptione,
4516 476 4620 542 ho-

614 570 731 635 bus
768 570 908 633 suis
946 567 1251 632 creaturis
1282 586 1406 648 pro
1448 587 1562 632 suo
1606 567 1867 632 arbitrio
1910 572 2139 646 utatur,
2188 588 2396 633 onmes
2437 589 2566 634 om-

614 656 796 720 nium
833 653 1174 718 voluntates
1226 652 1351 718 sibi
1401 652 1713 718 subiiciat.
1803 652 2009 734 Atque
2054 654 2122 717 id
2164 655 2416 736 quidem
2446 675 2563 735 po-

613 741 941 816 stulanteS‚
1005 740 1236 804 nostris
1293 738 1578 803 omnibus
1636 739 1970 805 desideriis
2025 740 2562 820 abrenunciamus,

614 824 923 907 quidquid
965 826 1037 889 in
1064 824 1241 889 nobis
1275 828 1362 888 est
1396 824 1731 905 affectuum
1763 823 2040 891 Domino
2072 826 2457 909 resiqnantes
2490 846 2567 891 ac

602 911 1048 998 permittentes.-
1103 914 1506 994 rogantesque
1562 932 1639 976 ne
1691 930 1792 976 res
1849 931 1927 975 ex
1967 914 2099 975 voto
2144 917 2347 976 nostro
2390 913 2566 977 nobis

604 997 815 1077 fluere,
860 1016 1090 1074 verum,
1135 1000 1204 1060 ut
1246 996 1378 1075 ipse
1412 996 1805 1077 prospexerit
1847 1016 1922 1061 ac
1972 996 2319 1076 decreverit,
2365 1017 2567 1063 succe-

612 1082 756 1147 dere
794 1082 1007 1164 faciat.
1080 1081 1297 1163 Neque
1328 1102 1470 1147 vero
1512 1082 1581 1146 id
1622 1081 1825 1147 solum
1856 1082 2152 1162 petimus,
2198 1089 2266 1147 ut
2308 1085 2567 1166 affectus

612 1173 867 1247 nostros,
910 1169 1020 1248 qui
1061 1167 1363 1233 voluntati
1396 1188 1550 1232 suae
1589 1167 2019 1247 adversantur,
2068 1167 2248 1233 Deus
2286 1190 2476 1234 vanos
2511 1174 2567 1234 et

612 1254 832 1319 irritos
863 1253 1087 1336 faciat:
1121 1254 1231 1318 sed
1255 1254 1475 1334 potius
1510 1259 1577 1318 ut
1609 1273 1802 1318 novas
1835 1258 2065 1319 mentes
2101 1274 2401 1337 novosque
2429 1256 2567 1320 ani-

613 1360 763 1420 moS,
808 1340 1041 1404 nostris
1083 1340 1422 1417 exstinctis,
1469 1341 1540 1404 in
1581 1338 1759 1403 nobis
1799 1345 1984 1403 creet.-
2026 1344 2094 1403 ut
2136 1340 2352 1406 nullus
2392 1342 2567 1421 cupi-

612 1425 834 1490 ditatis
877 1428 1079 1489 motus
1120 1426 1192 1489 in
1234 1425 1407 1489 nobis
1447 1424 1769 1502 sentiatur,
1815 1445 2006 1505 quam
2037 1447 2251 1506 purus
2293 1447 2435 1492 cum
2469 1449 2567 1492 vo-

615 1513 848 1578 luntate
891 1531 1014 1575 sua
1056 1528 1402 1576 consensus.
1496 1511 1575 1574 In
1620 1530 1897 1589 summa,
1952 1531 2030 1575 ne
2073 1512 2229 1592 quid
2271 1535 2347 1578 ex
2390 1514 2567 1579 nobis

613 1598 779 1678 ipsis
818 1598 1099 1675 velimus,
1143 1597 1252 1660 sed
1296 1602 1363 1661 ut
1406 1598 1680 1676 spiritus
1713 1617 1869 1661 suus
1911 1597 2056 1662 velit
2094 1598 2163 1660 in
2206 1598 2401 1678 nobis,
2447 1619 2622 1681 quo.

2617 1533 2622 1632 Ι

2669 568 2944 632 minibus
3001 569 3438 633 necessariam.
3528 566 3616 631 Et
3669 565 3874 634 debita
3929 584 4388 647 nunczwamus,
4457 566 4620 645 quod

2670 674 2884 719 eorum
2915 675 3183 734 poenam
3227 653 3391 732 Deo,
3436 673 3544 718 ceu
3575 652 3875 734 pretium,
3921 651 4241 716 debemus:
4285 669 4392 714 nec
4435 651 4620 717 satis·

2666 739 2872 838 facere
2913 739 3043 804 ullo
3084 740 3260 804 modo
3302 759 3659 821 possemus,
3719 743 3866 817 [pag.
3907 742 4015 818 41]
4072 736 4202 800 nisi
4246 735 4361 802 bac
4404 735 4620 801 remis-

2669 827 2844 891 sione
2896 823 3321 903 liberaremur,
3380 846 3540 906 quae
3596 825 3779 889 venia
3820 828 3911 890 est
3950 811 4231 906 yratuita
4269 822 4622 887 misericor-

2670 911 2815 976 diae
2857 912 3081 992 ipsius.
3171 912 3342 976 Eam
3401 911 3587 976 nobis
3641 908 3826 974 indul
3911 909 3968 973 ri
4004 908 4307 990 petimus,
4367 914 4439 972 ut
4489 908 4620 991 ipsi

2670 996 3043 1062 debitoribus
3094 998 3327 1061 nostris
3369 997 3767 1061 remittimus.-
3759 910 3928 1060 ιιῙΙὲοα
3981 998 4099 1072 est,
4154 999 4223 1059 ut
4279 995 4365 1057 iis
4409 994 4622 1076 parci-

2669 1103 2829 1161 niu-‚s
2876 1103 2950 1148 ac
2992 1083 3237 1147 veniam
3276 1083 3704 1161 condonamus,
3749 1103 3791 1146 a
3825 1080 4051 1162 quibus
4084 1081 4220 1147 una
4253 1080 4325 1143 in
4358 1100 4429 1144 re
4461 1079 4622 1145 laesi

2670 1188 2908 1246 sumus,
2954 1173 3066 1232 a‘ut
3104 1167 3264 1250 forte
3291 1167 3340 1251 ¹)
3385 1169 3601 1250 inique
3643 1132 3919 1246 tr’actati,
3963 1173 4075 1231 aut
4115 1168 4276 1232 dicto
4318 1171 4621 1233 contume-

2670 1254 2822 1319 liose
2864 1220 3111 1334 decepti.
3192 1252 3382 1335 Quae
3425 1252 3709 1319 conditio
3754 1275 3888 1318 ιιοιι
3931 1250 4211 1331 additur,
4257 1274 4333 1318 ae
4377 1253 4433 1317 si
4469 1274 4619 1318 nos-

2669 1349 2794 1417 tra,
2831 1360 3027 1424 quam
3063 1338 3207 1404 aliis
3243 1339 3533 1419 facimus,
3569 1321 3970 1417 remissione,
4007 1339 4134 1404 Dei
4169 1337 4620 1404 remissionem

2670 1446 3068 1490 mereamur:
3116 1446 3348 1490 verum
3394 1426 3656 1510 signum
3700 1425 3824 1490 hoo
3867 1445 3949 1508 ap
3996 1424 4235 1504 onitur,
4289 1444 4420 1507 quo
4466 1445 4619 1490 oon-

2671 1512 3031 1588 firmemur,
3077 1516 3205 1575 tam
3248 1515 3403 1575 certo
3448 1512 3622 1576 nobis
3667 1531 3798 1575 esse
3839 1532 3882 1575 a
3925 1446 4058 1576 geo
4089 1515 4482 1591 peccatorum
4526 1532 4619 1578 re·

2668 1599 3042 1676 missionem,
3087 1617 3276 1695 quam
3319 1602 3480 1663 certo
3524 1598 3752 1662 conscii
3793 1617 4015 1662 sumus
4054 1596 4208 1661 aliis
4251 1617 4388 1660 eam
4431 1619 4473 1662 a
4517 1618 4622 1663 no·

611 1684 786 1747 intus
837 1683 1081 1748 docente
1140 1682 1460 1748 discamus
1518 1703 1735 1746 amare
1787 1703 1888 1761 ea,
1945 1702 2104 1764 quae
2176 1683 2280 1748 illi
2326 1649 2566 1766 piacita
2617 1649 2623 1770 i
2673 1682 2769 1747 bis
2817 1682 2990 1764 fieri.-
3044 1684 3104 1748 si
3160 1688 3367 1747 tamen
3420 1681 3694 1747 animus‘
3731 1682 3911 1748 nobis
3963 1684 4130 1750 omni
4182 1681 4351 1762 odio,
4410 1682 4618 1762 livore,

607 1774 792 1938 ᾕπιι
814 1768 1041 1919 todisse
1087 1789 1251 1847 vero,
1309 1773 1489 1849 atque
1544 1731 1924 1846 abominari,
1980 1788 2380 1853 quaecunque
2435 1772 2566 1835 dis-

683 1874 809 1919 icen

615 2012 969 2120 Quarta.
1094 2014 1420 2095 Panem
1510 2024 1900 2095 nostrum
1978 2015 2569 2123 quotidianum

1209 2133 1318 2214 da
1378 2133 1617 2215 nobis
1682 2132 1954 2215 hodie.

794 2249 950 2363 Qua,
978 2280 1026 2364 ¹)
1058 2282 1128 2346 in
1154 2301 1377 2365 qenere
1409 2281 1636 2360 omnia,
1681 2280 1911 2363 quibus
1947 2284 2226 2364 emporis
2262 2304 2420 2349 usus
2452 2283 2569 2349 sub

612 2368 922 2435 elementis
970 2366 1163 2432 huius
1214 2368 1435 2433 mundi
1490 2367 1749 2450 indiqet,
1805 2389 1848 2432 a
1902 2367 2040 2435 Deo
2086 2370 2389 2450 petimus.-
2445 2390 2569 2434 non

550 2503 558 2514 .
613 2454 790 2519 modo
833 2474 954 2536 quo
1008 2452 1277 2533 alamwr,
1331 2473 1407 2518 ac
1458 2454 1820 2532 vestiamur,
1874 2474 2089 2519 verum
2143 2457 2334 2520 etiam
2388 2456 2569 2538 quid-
2617 2475 2623 2500 ¹

613 2540 770 2624 quid
813 2541 1062 2604 omnino
1102 2540 1431 2606 conducere
1474 2539 1651 2604 nobis
1680 2540 2024 2621 prospicit.-
2067 2544 2135 2604 ut
2156 2561 2395 2621 panem
2428 2562 2567 2607 nos-

611 2632 782 2691 trum
824 2628 893 2690 in
926 2646 1083 2707 pace
1124 2626 1528 2691 comedamus.
1619 2628 1767 2703 [pag.
1809 2631 1916 2704 40]
1972 2625 2113 2706 Qua
2155 2625 2418 2691 breviter
2452 2647 2567 2692 nos
2619 2671 2624 2688 .

613 2714 685 2777 in
727 2714 863 2776 eius
906 2730 1124 2775 curam
1166 2712 1497 2789 tradimus,
1543 2730 1616 2773 ac
1646 2711 2080 2792 providentiae
2112 2713 2564 2790 committimus,

614 2802 682 2861 ut
722 2818 833 2861 nos
866 2802 1118 2877 paseat,
1176 2797 1412 2880 foveat,
1471 2802 1679 2861 servet.
1772 2795 1921 2860 Non
1972 2797 2137 2860 enim
2195 2797 2569 2881 dedignatur

616 2882 884 2964 optimus
927 2887 1117 2962 pater
1160 2902 1387 2961 corpus
1445 2883 1633 2946 etiam
1689 2886 1969 2945 nostrum
2014 2883 2079 2945 in
2120 2882 2307 2963 sidem
2350 2903 2423 2948 ac
2464 2904 2567 2947 cu-

613 2967 884 3034 stodiam
917 2988 1101 3032 suam
1136 2968 1467 3048 suscipere,
1502 2971 1571 3030 ut
1599 2965 1786 3047 fidem
1821 2971 2097 3033 nostram
2131 2969 2390 3033 minutis
2425 2969 2570 3034 istis

620 3056 688 3119 in
732 3053 912 3152 rebus
956 3057 1246 3129 exerceat,
1290 3053 1443 3117 dum
1485 3052 1564 3117 ab
1607 3072 1672 3118 eo
1715 3053 1943 3131 omnia,
1988 3074 2185 3136 usque
2219 3053 2303 3119 ad
2337 3056 2571 3120 micam

604 3143 935 3290 {sm
958 3137 2261 3306 Qewfflwm
2209 3140 2372 3290 ’τι
2411 3141 2573 3291 ἐπεὶ

616 3315 796 3376 taxat
837 3313 1137 3392 quantum
1178 3310 1527 3375 necessitati
1570 3312 1816 3375 nostrae
1853 3311 2015 3375 satis
2056 3316 2160 3390 est,
2206 3317 2262 3377 et
2294 3312 2458 3377 velut
2501 3313 2571 3377 in

617 3395 816 3461 diem.-
858 3394 1476 3477 haccertafiducia,
1508 3401 2108 3476 patremnostrum,
2167 3396 2572 3463 ubinosho-

614 3482 717 3547 die
752 3481 1062 3559 nutrierit,
1098 3502 1293 3563 neque
1326 3482 1502 3546 nobis
1535 3482 1884 3546 crastinum
1918 3482 2294 3564 defuturum.
2358 3483 2571 3565 Quan-

614 3572 921 3651 tacunque
963 3572 1169 3633 autem
1209 3588 1423 3633 rerum
1463 3569 1642 3650 copia
1684 3565 1861 3632 nobis
1905 3568 2148 3651 affluat,
2200 3589 2441 3652 semper
2481 3575 2572 3634 ta-

615 3745 830 3819 tantes,
888 3760 1128 3805 omnem
1181 3739 1593 3804 substantiam
1648 3737 1812 3804 nihil
1864 3760 2022 3820 esse,
2077 3741 2205 3805 nisi
2262 3747 2570 3823 quatenus

614 3827 818 3907 effusa
871 3846 989 3890 suu
1046 3825 1453 3891 benedictione
1498 3823 1816 3889 Dominus
1846 3831 2188 3907 prosperat
2228 3830 2284 3891 et
2323 3826 2569 3909 foecun-

615 3911 753 3975 dat.-
805 3916 857 3976 et
901 3931 1062 3992 quae
1104 3913 1175 3976 in
1216 3932 1415 3976 manu
1458 3915 1674 3976 nostra
1718 3915 1830 3990 est,
1876 3932 1953 3975 ne
1995 3917 2274 3978 nostram
2317 3912 2568 3993 quidem

616 4017 754 4061 eam
806 4016 964 4076 esse,
1024 3998 1157 4061 nisi
1196 4001 1498 4079 quatenus
1541 3997 1609 4060 in
1652 3995 1940 4080 sinqulas
1981 3997 2172 4063 horas
2353 4000 2569 4064 iuncu-

616 4080 749 4147 lam
791 4081 965 4146 nobis
1009 4080 1371 4164 dispensat,
1418 4102 1723 4165 usumque
1759 4083 2078 4181 permittit.
2208 4105 2252 4148 n
2295 4105 2361 4148 eo
2403 4085 2568 4235 quod

620 4167 851 4233 Noster
906 4167 1154 4245 dicitur,
1218 4169 1424 4252 maqis
1487 4167 1688 4234 adhuc
1743 4169 1881 4232 emi
1886 4174 1964 4233 zet
2019 4167 2149 4235 Dei
2204 4169 2338 4233 ben'

615 4274 774 4335 quae
818 4257 1096 4317 nostrum
1133 4254 1314 4336 facit,
1373 4253 1539 4335 quod
1589 4253 1764 4320 nobis
1818 4255 1997 4320 nulla
2038 4256 2281 4321 ratione
2314 4172 2566 4321 wa-

614 4344 736 4403 tur.
831 4337 1007 4419 Quod
1046 4338 1197 4404 dari
1228 4340 1525 4419 petimus,
1570 4339 1966 4424 siqnificatur
2008 4361 2138 4406 essc
2179 4341 2448 4422 simplex
2491 4361 2566 4406 ac

611 4425 958 4521 gratuitum
980 4421 1105 4489 Dei
1124 4425 1370 4503 donum,
1408 4425 1810 4507 undecunque
1844 4424 2019 4491 nobis
2039 4427 2348 4506 adveniat,
2380 4428 2568 4493 etiam

616 4510 726 4574 ubi
767 4510 1040 4574 maxime
1083 4512 1260 4575 visus
1309 4509 1504 4589 fuerit
1559 4516 1690 4577 arte
1741 4516 1923 4593 atque
1977 4512 2300 4578 industria
2353 4518 2568 4579 nostra

614 4596 949 4678 quaesitus.

621 4753 966 4860 Quinta.
1042 4755 1423 4838 Remitte
1454 4757 1693 4841 nobis
1722 4757 2011 4839 debita
2040 4766 2354 4863 nostra,
2406 4758 2566 4842 sie-

562 4944 579 4959 .
621 4885 724 4957 ut
766 4885 857 4957 et
894 4905 1046 4958 nos
1089 4875 1601 4959 remittimus
1661 4877 2184 4960 debitoribus
2229 4879 2564 4961 nostris,

756 5024 936 5155 ”Qua
826 5028 1359 5157 *peccatorum
1378 5025 1436 5108 α>
1474 5026 1735 5091 veniam
1778 5036 1846 5091 et
1888 5026 2314 5092 remissionem
2355 5027 2571 5093 condo-

758 5211 1442 5284 1)1nstit...p186⁸eqq
1650 5211 2296 5284 2)Ibid...p1883eqq

2617 2507 2622 2616 1

2671 1769 2947 1834 vindicta
2988 1788 3223 1834 vacuus
3253 1773 3685 1852 purqatusque
3728 1773 3831 1832 est.
3894 1768 4142 1835 Contra
4185 1775 4402 1833 autem
4439 1790 4472 1832 e
4507 1790 4620 1832 nu-

2671 1874 2839 1919 mero
2890 1854 3170 1935 filiorum
3214 1853 3341 1921 Dei
3395 1859 3847 1938 expunqantur,
3902 1856 4013 1936 qui
4065 1854 4151 1919 ad
4203 1854 4622 1922 ulciscendum

2662 1940 3070 2021 praecipites,
3130 1940 3216 2005 ad
3256 1941 3690 2006 remittendum
3733 1940 4052 2023 difficiles,
4103 1941 4453 2022 pertinaces
4495 1942 4623 2005 ini-

2672 2026 2948 2090 micitias
2989 2030 3285 2104 exercent,
3331 2046 3405 2089 ne
3438 2025 3647 2090 Deum
3679 2048 3803 2107 pro
3834 2031 4019 2106 patre
4067 2027 4355 2091 invocare
4388 2028 4618 2105 ausint,

2672 2116 2731 2175 et
2774 2112 3281 2209 indiqnationem,
3326 2132 3519 2193 quam
3561 2112 3865 2177 adversus
3900 2112 4058 2177 alios
4088 2111 4307 2194 fovent,
4351 2133 4394 2177 a
4427 2131 4492 2178 se
4520 2114 4620 2180 de-

2660 2198 2936 2278 precari.

2678 2372 2964 2456 Sexta.
3071 2373 3204 2456 Ne
3266 2402 3419 2455 nos
3480 2374 3827 2457 inducas
3893 2375 3980 2457 in
4041 2363 4621 2482 tentationem,

3095 2494 3244 2575 sed
3304 2493 3574 2576 libera
3632 2524 3785 2577 nos
3850 2525 3901 2577 a
3959 2495 4206 2578 male.

2846 2640 2999 2723 Qua
3041 2664 3172 2707 non
3215 2643 3606 2726 flagitamus,
3647 2645 3792 2725 ne²)
3847 2645 4016 2710 ullas
4056 2646 4305 2710 omnino
4346 2649 4619 2711 tentatio-

2672 2751 2784 2794 nes
2818 2729 3182 2805 sentiamus,
3228 2728 3452 2809 quibus
3495 2729 3710 2811 potius
3753 2732 4039 2810 excitari,
4071 2732 4300 2814 punyi,
4344 2732 4623 2797 vellicari

2673 2834 3041 2897 maqnopere
3093 2821 3319 2879 nostra
3376 2814 3597 2897 refert,
3653 2836 3729 2880 ne
3783 2817 4051 2882 nimium
4097 2817 4333 2882 resides
4386 2822 4623 2900 torpea-

2673 2920 2846 2965 mus:
2909 2898 3190 2981 qualiter
3244 2899 3458 2965 electos
3509 2920 3659 2965 suos
3715 2904 3990 2983 quotidie
4044 2908 4234 2968 tentat
4288 2902 4622 2982 Dominus,

2674 3006 2775 3053 eos
2783 3007 2907 3069 per
2929 2987 3355 3069 iqnominiam,
3377 2993 3832 3071 paupertatem,
3866 2990 4340 3069 tribulationem,
4376 2991 4622 3057 etalias

2674 3072 2878 3137 crucis
2911 3072 3145 3153 species
3177 3073 3524 3155 eastiqans:
3582 3074 3699 3139 sed
3733 3075 3879 3140 baec
3915 3041 4622 3157 nostrae-stpbstulatio,

2674 3164 2745 3222 ut
2787 3179 2919 3222 una
2961 3176 3111 3221 oum
3155 3160 3514 3225 tentatione
3557 3159 3754 3226 faeiat
3796 3173 4138 3238 eventum,
4193 3183 4270 3227 ne
4311 3163 4467 3228 ullis
4505 3169 4623 3229 ten-

2673 3244 3013 3309 tationibus
3075 3244 3402 3310 vincamur
3452 3266 3527 3309 ac
3588 3247 3960 3312 obruamur.-
4021 3249 4130 3314 sed
4196 3248 4337 3313 eius
4401 3250 4626 3314 vir-tm

2621 3331 2852 3405 ‚firmi
2895 3350 2971 3394 ae
3015 3328 3287 3409 robusti,
3332 3336 3548 3396 contra
3590 3352 3800 3397 omnes
3833 3334 4133 3398 adversas
4167 3334 4444 3413 viructes,
4487 3336 4622 3414 qui-

2673 3416 2791 3481 bus
2830 3435 3286 3497 oppuqnamur,
3342 3416 3531 3499 fortes
3583 3420 4012 3484 consistamus.
4095 3417 4387 3499 Deinde,
4445 3427 4515 3484 ut
4557 3422 4628 3485 in

2673 3503 2811 3567 eius
2844 3501 3189 3566 custodiam
3228 3522 3301 3566 ac
3335 3501 3523 3582 fidem
3556 3506 3837 3586 suscepti,
3879 3525 3955 3571 ao
3991 3505 4446 3588 spiritualibus
4481 3507 4626 3572 eius

2620 3640 2624 3667 ,
2675 3587 2903 3671 gratiis
2947 3587 3363 3664 sanctificati,
3424 3591 3573 3667 [pag.
3613 3594 3720 3670 42]
3767 3591 3905 3657 eius
3936 3592 4308 3672 protectione
4363 3593 4621 3671 muniti,

614 3675 755 3719 Μ
783 3674 1020 3735 pamm
1063 3653 1498 3735 Q‘uohdianum
1539 3674 1651 3718 ποθ’
1680 3657 1892 3734 Fetere
1927 3655 2216 3733 00717)Μῦ
2261 3654 2371 3720 ἢθΰ
2413 3656 2571 3739 coqi-
2619 3682 2624 3745 !
2674 3692 2877 3755 supra
2919 3670 3278 3751 diabolum,
3324 3678 3603 3754 mortem,
3646 3677 3991 3758 inferorum
4019 3682 4273 3758 portas,
4332 3684 4390 3742 et
4431 3683 4626 3743 totum

2674 3758 2908 3824 diaboli
2963 3779 3226 3841 reywum
3275 3760 3496 3824 invicti
3549 3726 3810 3840 stennius,
3855 3764 4017 3844 quod
4058 3769 4148 3828 est
4187 3783 4232 3826 a
4272 3764 4438 3829 malo
4479 3763 4626 3830 libe-

2674 3845 2834 3909 rari.
2937 3840 3442 3910 Observandum
3504 3856 3751 3926 autem,
3812 3847 4135 3930 quomodo
4191 3848 4277 3913 ad
4328 3849 4624 3915 caritatis

2672 3929 2973 4028 regulam
3023 3929 3334 3996 formatas
3394 3951 3542 3996 esee
3592 3942 3850 3999 nostras
3904 3935 4234 4000 orationes
4277 3935 4440 4003 velit
4479 3934 4622 4001 Do-

2672 4016 2923 4093 minus,
2969 4016 3082 4097 qui
3125 4037 3244 4081 nos
3287 4037 3422 4082 non
3466 4017 3551 4082 ad
3594 4019 3975 4119 petendum,
4029 4018 4208 4120 quod
4262 4019 4449 4086 nobis
4511 4042 4628 4087 ex-

2670 4100 2914 4185 pediat,
2960 4103 3199 4166 omissa
3241 4102 3520 4167 fratrum
3561 4106 3842 4184 ratione,
3889 4106 4203 4183 instituit:
4261 4105 4381 4172 sed
4422 4105 4504 4173 de
4549 4107 4626 4171 il·

2668 4187 2889 4253 lorum
2911 4187 3096 4265 bono,
3131 4186 3401 4271 perinde
3430 4209 3506 4256 ao
3527 4189 3608 4255 de
3640 4199 3884 4268 nostr0,
3921 4213 4065 4258 esse
4086 4192 4400 4260 sollicitos
4426 4193 4626 4260 iubet.

3039 4391 3297 4459 ORAN
3300 4393 3403 4458 DI
3447 4394 4253 4463 PERSEVERAN'HA.

2847 4529 2988 4595 Hoc
3028 4530 3273 4596 devnum
3289 4532 3347 4614 ⁸)
3380 4533 3739 4615 prospicere
3791 4535 4094 4614 convenit,
4152 4556 4228 4600 ne
4282 4538 4465 4602 certis
4504 4537 4632 4601 eir-

2674 4618 3069 4683 cumstantiis
3093 4615 3306 4683 Deum
3339 4616 3608 4700 alliyare
3639 4619 3922 4699 velimus,
3943 4585 4214 4701 qualiter
4245 4627 4303 4686 et
4334 4621 4454 4688 bac
4484 4642 4636 4687 ora-

2672 4703 2837 4767 tione
2872 4703 3176 4781 docemur,
3221 4701 3461 4767 nullom
3502 4703 3606 4769 illi
3645 4704 3836 4787 leyem
3867 4706 4229 4791 praefiyere,
4273 4714 4387 4773 aut
4416 4706 4634 4772 conda

2671 4790 2898 4854 tionem
2930 4790 3258 4869 imponere.
3321 4786 3496 4853 Nam
3529 4794 3865 4872 antequam
3897 4792 4244 4875 ullampro
4280 4794 4634 4875 nobispre-

4463 5086 4635 5221 ...5

2819 5077 2877 5143 1)
2919 5077 3013 5131 Sic
3115 5078 3230 5130 itur
3254 5077 3316 5130 in
3346 5078 3692 5159 catechismo.

2674 5149 2913 5283 ming
2924 5162 3052 5266 1²13?
3088 5145 3348 5285 seigam
3384 5149 3612 5204 videtur.

3755 5080 4439 5213 guoIdInstitutiohabd:

3899 5153 4047 5206 nstit.
4075 5167 4118 5219 p
4174 5150 4278 5205 192
4313 5168 4423 5223 seq.
