4984 5975
609 311 736 372 475
2100 296 2625 367 CONSILIUM
2664 296 2958 365 PAULI
3000 298 3128 366 m
3494 231 3520 252 Ο
4490 307 4619 370 476

609 494 827 562 adhuc
881 493 1135 577 flagitia
1187 498 1326 555 tam
1379 488 1725 555 libidinose
1782 486 2146 573 proiectos?
2236 486 2560 569 Qualibus

610 580 930 664 exemplis
970 576 1287 661 pontificii
1336 576 1471 641 iam
1512 574 1757 641 multos
1797 595 2006 640 annos
2049 594 2314 639 omnem
2355 593 2559 655 prope

611 665 995 750 pudicitiam
1048 669 1116 726 et
1184 661 1597 727 honestatem
1614 711 1630 739 ‚
1693 681 1825 725 non
1879 666 2143 724 tantum
2198 677 2239 724 a
2290 678 2410 724 suo
2453 678 2560 723 or·

612 751 784 830 dine,
829 747 941 815 sed
985 755 1126 812 toto
1163 747 1370 812 ferme
1410 746 1566 811 orbe
1622 746 2075 830 profligarunt.
2165 745 2259 810 At
2301 764 2457 809 vero
2502 744 2559 809 si

609 834 927 920 pontificii
977 831 1321 900 Christum
1385 832 1600 897 nolint
1660 832 1735 896 in
1799 831 2071 897 ecclesia
2124 851 2404 914 regnare
2419 881 2434 908 ,
2494 837 2561 894 et

611 921 773 987 dum
817 942 896 985 su
1046 925 1275 985 contra
1317 917 1658 984 Christum
1891 915 2111 981 nidem
2145 935 2351 999 usque
2386 916 2562 980 tueri

609 941 1105 1090 perguntfmnec
1157 1025 1321 1087 pure
1385 1003 1750 1088 praedicam
1791 1000 2041 1068 Christi
2079 1001 2362 1085 gratiam
2375 1052 2392 1080 ,
2437 1021 2561 1066 neo

612 1101 1028 1159 sacramenta
1068 1089 1152 1154 ad
1197 1110 1341 1154 eam
1384 1087 1969 1157 commendandam
2014 1087 2209 1176 simul
2260 1094 2330 1152 et
2371 1086 2560 1151 exhi-

613 1177 898 1246 bendam
941 1175 1389 1241 administrari
1404 1227 1421 1255 ,
1464 1196 1583 1240 nec
1626 1173 2035 1256 disciplinam
2077 1174 2268 1238 iuxta
2308 1171 2562 1238 Christi

613 1263 995 1329 institutum
1035 1262 1108 1325 in
1139 1261 1457 1327 ministris
1492 1280 1568 1325 ac
1600 1259 1790 1345 plebe
1835 1259 2126 1326 exerceri
2173 1259 2558 1337 sustineant,

615 1369 750 1414 non
796 1348 1009 1414 solum
1055 1347 1530 1431 quinquaginta
1546 1397 1561 1422 ‚
1618 1344 1733 1411 sed
1775 1353 1951 1410 certe
1966 1395 1981 1421 ‚
2023 1352 2102 1408 ut
2145 1344 2396 1409 dictum
2438 1352 2559 1422 est,

615 1435 913 1501 universi
946 1433 1198 1498 articuli
1236 1441 1378 1496 tum
1413 1430 1766 1509 doctrinae,
1805 1439 1951 1496 tum
1985 1430 2559 1508 caeremoniarum,

615 1527 764 1585 tum
809 1518 1201 1601 disciplinae,
1245 1518 1318 1581 in
1359 1526 1675 1602 perpetua
1720 1516 2159 1582 controversia
2201 1514 2564 1580 manebunt

616 1606 790 1671 inter
831 1615 1065 1687 partes,
1110 1623 1274 1687 quae
1317 1625 1492 1670 nunc
1535 1602 1868 1669 dissident.
1954 1601 2158 1667 Nulla
2194 1601 2372 1667 enim
2409 1621 2562 1684 par·

616 1690 905 1775 ticipatio
959 1689 1249 1754 iustitiae
1302 1711 1453 1754 cum
1524 1687 1847 1754 iniustitia
1860 1738 1875 1764 ,
1942 1686 2128 1752 nulla
2191 1688 2563 1752 communio

609 1775 744 1843 luci
788 1797 938 1843 cum
981 1773 1285 1853 tenebris,
1330 1774 1518 1839 nulla
1563 1775 1902 1840 consensio
1938 1772 2202 1837 Christo
2246 1793 2396 1837 cum
2429 1772 2563 1837 Be-

611 1862 747 1927 lial.
835 1862 927 1926 Et
970 1870 1144 1926 certe
1187 1860 1299 1943 qui
1343 1859 1596 1926 Christi
1651 1861 1878 1943 iugum
1921 1859 2346 1942 pertinaciter
2390 1859 2563 1923 refu-

615 1949 827 2033 giunt,
872 1953 1146 2011 manent
1186 1946 1259 2009 in
1300 1966 1395 2026 ea,
1437 1944 1523 2009 ad
1566 1966 1760 2031 quam
1801 1946 1942 2009 nati
1984 1952 2164 2021 sunt,
2211 1952 2438 2022 morte,
2487 1951 2565 2008 ut

615 2032 785 2098 nihil
837 2032 998 2097 recti
1054 2031 1163 2096 vel
1216 2031 1361 2097 sani
1399 2031 1718 2111 cogitare,
1757 2029 2003 2107 dicere,
2047 2031 2259 2095 facere
2302 2037 2561 2113 queant.

788 2201 1072 2267 Additur
1110 2203 1300 2267 etiam
1332 2203 1497 2284 quod
1538 2203 1811 2267 nescitur
1851 2203 1921 2266 in
1964 2201 2191 2283 quibus
2234 2201 2567 2267 tractanda

617 2290 704 2355 sit
744 2288 1084 2366 concordia,
1127 2308 1279 2352 uam
1322 2307 1442 2352 non
1483 2308 1692 2352 omnes
1732 2288 1946 2353 eadem
1986 2288 2273 2352 sentiunt.
2341 2285 2566 2349 Dathe-

617 2375 766 2439 ram'
807 2373 917 2437 hoc
956 2372 1166 2437 volunt
1179 2422 1194 2451 ,
1251 2374 1413 2439 illud
1443 2378 1668 2455 petunt
1714 2373 2094 2456 Zuinyliani
2108 2424 2122 2453 ‚
2177 2377 2246 2437 ut
2286 2372 2567 2453 reliquas

618 2464 815 2525 sectas
856 2458 1225 2524 omittamus

788 2579 881 2643 Et
936 2577 1058 2643 hoc
1111 2577 1433 2643 malitiose
1486 2578 1777 2662 fingitur.
1877 2578 2345 2644 Restituantur
2398 2598 2567 2661 quae

616 2664 924 2730 Christus
978 2664 1271 2728 instituit
1313 2672 1381 2728 et
1422 2674 1611 2730 vetus
1655 2665 2031 2748 observavit
2073 2663 2363 2730 ecclesia.
2432 2664 2566 2727 Re-

614 2757 1004 2814 moveantur
1045 2770 1214 2832 quae
1256 2757 1483 2815 contra
1503 2749 1705 2834 haec,
1749 2770 1888 2813 non
1929 2751 2055 2815 nisi
2091 2749 2175 2814 ab
2217 2748 2568 2816 antichris-

616 2837 704 2899 tis
747 2838 1006 2900 inveeta
1046 2843 1220 2913 sunt,
1266 2845 1335 2900 et
1373 2846 1589 2900 sarcta
1621 2833 1965 2901 concordia
2002 2837 2131 2901 erit
2163 2857 2314 2902 cum
2356 2836 2566 2899 omni-

616 2922 760 3000 bus,
805 2923 921 3004 qui
953 2920 1208 2987 Christi
1251 2929 1437 3000 sunt,
1474 2922 1612 2988 sive
1654 2922 1705 2985 ii
1737 2920 2110 2987 Lutherani
2146 2922 2285 2988 sive
2318 2920 2567 3006 Zuing-

585 2994 784 3073 'liani
839 3008 920 3072 ab
982 3006 1372 3073 adversariis
1429 3014 1757 3073 vocentur.
1862 3004 1940 3072 Si
1993 3009 2105 3091 qui
2161 3015 2381 3073 autem
2438 3007 2569 3072 alia

616 3093 988 3243 Legmrent,
1048 3091 1167 3157 hos
1222 3112 1345 3159 nec
1396 3102 1836 3178 protestantes
1903 3094 2079 3158 inter
2140 3113 2293 3159 suos
2364 3094 2568 3177 depu-

736 3199 831 3242 un

806 3348 1040 3416 Verum
1088 3350 1305 3416 demus
1358 3350 1560 3416 adhuc
1624 3351 2011 3416 concordiam
2067 3355 2185 3429 [fol.
2227 3364 2253 3413 1
2267 3355 2332 3429 3]
2383 3371 2572 3432 posse

615 3435 759 3516 lieri
811 3441 867 3501 et
918 3441 1335 3517 protestantes
1388 3436 1474 3501 ad
1528 3437 1935 3502 obedientiam
1987 3437 2155 3501 sedis
2196 3436 2571 3517 apostolicae

603 3541 800 3603 posse
841 3520 1073 3587 adduci
1089 3574 1103 3602 ‚
1162 3528 1394 3588 certum
1445 3528 1538 3587 est
1576 3528 1782 3587 tamen
1835 3522 1907 3587 id
1960 3522 2135 3587 nullo
2197 3522 2374 3586 modo
2423 3522 2571 3603 fieri

606 3626 795 3690 posse
835 3608 969 3672 uisi
1011 3609 1212 3673 multa
1243 3608 1734 3690 protestantibus
1763 3610 2238 3688 permittantur.

787 3727 975 3793 Nihil
1017 3727 1307 3811 permitti
1350 3747 1618 3792 necesse
1661 3733 1763 3793 est
1794 3746 1992 3809 quam
2033 3748 2199 3809 quae
2240 3728 2570 3794 Dominus

615 3813 1115 3981 {ggegraeoipit
1169 3821 1285 3879 aut
1346 3812 1684 3896 permittit.
1786 3813 1892 3878 Ea
1938 3822 2159 3879 autem
2217 3813 2410 3880 homo
2454 3837 2573 3882 cur

802 4050 977 4133 Quae
1038 4054 1227 4117 etiam
1279 4053 1417 4117 licet
1470 4056 1675 4117 essent
1713 4053 1790 4117 de
1843 4055 1984 4118 iure
2028 4054 2328 4138 positivo,
2381 4053 2572 4119 veluti

618 4136 962 4202 communio
1004 4137 1119 4202 sub
1165 4143 1432 4222 utraque
1474 4139 1675 4219 specie
1688 4189 1703 4218 ,
1746 4139 2054 4205 connubia
2097 4141 2484 4206 sacerdotum
2517 4144 2575 4204 et

618 4222 892 4302 similia,
942 4242 1068 4288 nou
1104 4224 1383 4290 deberent
1421 4229 1629 4289 tamen
1668 4224 1805 4289 sine
1839 4224 2104 4306 publica
2138 4226 2471 4291 autoritate
2516 4229 2575 4289 et

567 4384 574 4403 ¹
618 4327 918 4373 consensu
960 4309 1032 4374 in
1074 4308 1329 4376 ecclesia
1372 4310 1680 4375 innovari.

794 4425 871 4493 Si
915 4427 1082 4493 nihil
1140 4429 1379 4494 horum
1422 4428 1616 4495 debet
1666 4430 1734 4494 in
1792 4430 2063 4497 ecclesia
2115 4432 2258 4497 sine
2311 4418 2574 4515 publica

621 4514 968 4579 autoritate
1002 4522 1070 4579 et
1111 4534 1432 4581 consensu
1472 4516 1776 4581 innovari
1791 4568 1808 4596 ,
1853 4536 2055 4598 quare
2111 4517 2418 4583 mutilata
2471 4524 2575 4583 est

619 4600 991 4665 communio
1035 4600 1468 4667 eucharistiae
1484 4652 1501 4680 ,
1540 4623 1677 4666 non
1720 4601 1934 4668 solum
1975 4610 2206 4668 contra
2243 4603 2575 4686 publicam

621 4686 1043 4751 autoritatem
1098 4694 1165 4751 et
1214 4706 1607 4753 consensum
1661 4690 1862 4754 totius
1913 4688 2303 4771 apostolicae
2356 4697 2424 4756 et
2466 4710 2573 4755 ca-

619 4770 903 4836 tholicae
939 4771 1263 4853 ecclesiae,
1300 4771 1415 4839 sed
1451 4774 1648 4838 etiam
1669 4780 1901 4840 contra
1925 4774 2350 4840 manifestum
2383 4776 2574 4841 insti-

621 4863 843 4922 tutum
898 4855 1191 4922 Christi?
1284 4856 1480 4941 Quod
1543 4860 1718 4924 enim
1770 4858 2078 4926 Christus
2132 4861 2447 4941 instituit,
2503 4860 2574 4926 id

622 4948 817 5008 vetus
858 4941 1128 5008 ecclesia
1178 4965 1298 5027 per
1342 4950 1556 5008 totum
1598 4945 1823 5010 orbem
1865 4967 2070 5029 usque
2114 4944 2199 5012 ad
2239 4948 2573 5030 proximos

622 5027 1134 5113 quadringentos
1178 5049 1389 5095 annos
1444 5032 1762 5110 servavit,
1807 5040 1876 5096 et
1927 5054 2165 5118 graeca
2205 5031 2400 5099 hodie
2434 5053 2573 5099 ser-

620 5119 742 5179 vat
755 5165 772 5193 ,
825 5136 946 5182 nec
999 5115 1135 5181 ullo
1197 5135 1496 5199 unquam
1535 5117 1979 5200 oecumenico,
2034 5121 2207 5187 sicut
2255 5140 2379 5185 nec
2435 5121 2575 5185 cui·

621 5219 822 5284 quam
861 5200 932 5266 id
973 5201 1241 5269 concilio
1281 5202 1479 5267 licere
1511 5202 1740 5283 potuit,
1776 5202 2109 5271 diversum
2142 5205 2575 5273 constitutum

2670 493 2785 553 est.
2843 486 3110 552 Invasit
3151 486 3349 552 enim·
3366 488 3471 554 vel
3514 487 3807 571 obrepsit
3851 488 4014 555 haec
4051 488 4473 556 sacratissimi
4515 511 4623 557 sa-

2664 574 2986 639 cramenti
3041 571 3309 639 violatio
3363 573 3548 639 nullo
3602 574 3839 640 idoneo
3883 582 4144 655 autore,
4201 574 4386 640 nulla
4423 577 4623 643 etiam

2663 657 2932 724 ratione.
3024 656 3424 741 Quanquam
3466 660 3816 726 concilium
3858 662 4344 726 constantiense
4386 682 4620 728 ausum

2663 743 2751 808 sit
2790 744 2987 809 istam
3022 746 3417 810 sacramenti
3449 744 3873 811 violationem
3911 747 4317 825 confirmare,
4350 768 4434 812 ne
4468 746 4618 831 quid

2663 828 2911 895 scilicet
2949 827 3298 914 indignum
3340 830 3650 896 ecclesiae
3684 831 3815 896 fide
3835 840 3903 898 et
3927 833 4280 897 autoritate
4304 833 4525 916 supini
4548 854 4623 900 ac

2663 914 3057 982 somnolenti
3112 916 3400 999 episcopi
3480 916 3823 983 admisisse
3888 916 4291 983 viderentur.
4416 916 4625 999 Quasi

2662 1019 2929 1066 necesse
2964 1001 3052 1065 sit
3085 1009 3176 1076 ut,
3223 1022 3671 1086 quaecumque
3704 1001 3776 1067 hi
3811 1003 4042 1086 quavis
4078 1002 4186 1069 vel
4220 1003 4484 1070 inscitia
4519 1004 4624 1070 vel

2662 1085 2915 1150 malitia
2978 1086 3051 1150 in
3108 1086 3450 1153 ecclesiam
3518 1087 3883 1154 admittunt
3939 1097 4055 1154 aut
4094 1089 4448 1168 invehunt,
4507 1111 4627 1173 pro

2662 1171 3026 1237 inviolabili
3060 1172 3369 1238 ecclesiae
3413 1175 3767 1239 autoritate
3801 1175 4220 1259 recipiantur.
4291 1175 4626 1241 Professio

2664 1257 3024 1324 caelibatus
3058 1258 3131 1322 in
3165 1258 3494 1342 plerisque
3528 1259 3821 1325 conciliis
3868 1283 3907 1326 a
3926 1259 4330 1344 presbyteris
4358 1268 4428 1324 6ι
4455 1261 4627 1345 cpis-

2663 1344 2858 1426 copis,
2883 1342 3119 1408 deinde
3139 1344 3340 1409 etiam
3362 1365 3404 1409 a
3423 1344 3712 1411 diaconis
3733 1353 3801 1411 et
3821 1345 4236 1413 subdiaconis
4254 1353 4491 1411 exacta
4509 1355 4626 1426 est,

2664 1450 2896 1494 verum
2936 1428 3005 1494 id
3049 1451 3169 1494 nec
3210 1429 3474 1512 publica
3516 1431 3825 1496 ecclesiae
3868 1433 4254 1510 autoritate,
4302 1453 4427 1497 nec
4469 1453 4625 1499 oon-

2663 1536 2862 1579 sensu
2912 1514 3157 1580 factum
3202 1523 3317 1581 est.
3404 1514 3679 1582 Publica
3713 1518 3890 1582 enim
3940 1516 4250 1583 ecclesiae
4295 1518 4620 1584 autoritas

2665 1620 2817 1666 oum
2864 1600 3210 1665 autoritate
3255 1600 3508 1667 Christi
3562 1601 3874 1685 verbique
3932 1603 4139 1687 ipsius
4207 1623 4472 1686 semper
4525 1610 4628 1669 est

2668 1685 3031 1751 coniuncta.
3093 1686 3280 1752 Haec
3314 1708 3472 1760 vero
3505 1687 3738 1753 statuit
3772 1709 3905 1753 non
3938 1708 4083 1754 esse
4107 1687 4348 1753 bonum
4376 1687 4630 1754 homini

2667 1792 2809 1837 esse
2845 1771 2982 1848 soli,
3028 1780 3094 1836 et
3131 1794 3661 1856 unumquemque
3698 1772 3931 1839 debere
3968 1794 4157 1840 suam
4193 1794 4474 1839 uxorem
4510 1774 4627 1840 ha-

2665 1857 2821 1922 bere
2864 1865 2932 1920 et
2975 1877 3501 1941 unamquamque
3547 1881 3743 1946 suum
3786 1860 4099 1924 maritum
4116 1911 4130 1937 ‚
4175 1860 4629 1926 fornicationis

2668 1941 2976 2007 vitandae
3020 1963 3235 2008 causa.
3322 1944 3494 2008 Item
3544 1944 3878 2027 episcopos
3923 1954 3991 2011 et
4035 1945 4344 2012 diaconos
4391 1943 4627 2012 debere

2669 2027 2852 2112 eligi,
2912 2029 3023 2109 qui
3067 2028 3201 2094 sint
3252 2031 3452 2094 unius
3497 2032 3721 2096 uxoris
3774 2032 4028 2109 mariti,
4086 2052 4208 2096 nec
4251 2030 4373 2095 ulli
4420 2031 4628 2097 voluit

2668 2113 3012 2179 hominum
3065 2115 3292 2198 generi
3347 2114 3493 2199 lege
3550 2115 3909 2182 caelibatus
3961 2117 4270 2199 laqueum
4334 2117 4625 2183 iniicere.

2667 2199 2841 2263 Nam
2884 2219 3081 2281 quem
3121 2198 3449 2266 Dominus
3501 2203 3760 2285 negotio
3804 2202 4121 2268 eiusmodi
4166 2211 4439 2284 propter
4483 2224 4631 2288 reg·

2670 2305 2831 2350 num
2874 2306 3068 2350 suum
3111 2286 3459 2368 occuparit,
3503 2307 3655 2352 cum
3698 2308 3825 2370 quo
3858 2288 4263 2353 matrimonii
4301 2309 4467 2353 cura
4502 2310 4629 2354 non

2669 2370 2991 2450 cohaeret,
3029 2393 3181 2436 eum
3217 2374 3417 2436 etiam
3454 2374 3639 2440 verbi
3671 2373 3849 2438 illius
3884 2373 3966 2438 de
4000 2371 4397 2441 castratione
4434 2396 4627 2458 prop—

2669 2463 2772 2521 ter
2822 2477 3104 2540 regnum
3145 2457 3474 2523 coelorum
3517 2461 3611 2524 sio
3652 2479 3958 2542 capacem
4000 2457 4243 2537 reddit,
4303 2471 4384 2524 ut
4430 2460 4628 2526 etiam

2672 2541 2915 2625 absque
2956 2542 3156 2607 ullius
3201 2547 3318 2622 [fol.
3372 2550 3475 2623 14]
3522 2544 3626 2609 vel
3671 2545 3837 2622 voti,
3882 2545 3985 2610 vel
4030 2545 4195 2629 legis
4233 2547 4628 2611 necessitate

2669 2649 2906 2692 verum
2940 2626 3331 2694 caelibatum
3374 2630 3558 2695 colat.
3645 2630 3937 2714 Exigere
3978 2631 4200 2714 itaque
4238 2631 4313 2694 in
4359 2632 4627 2698 univer—

2671 2735 2819 2779 sum
2873 2713 2954 2779 ab
3019 2715 3352 2794 omnibus,
3399 2716 3511 2797 qui
3569 2735 3753 2781 sacro
3797 2716 4179 2782 ministerio·
4209 2716 4626 2795 adhibentur,

2671 2807 2900 2865 votum
2939 2798 3320 2879 caelibatus,
3363 2802 3667 2867 similiter
3710 2802 4060 2885 requirere,
4105 2821 4185 2866 ut
4226 2802 4443 2867 altera
4488 2815 4627 2869 tan-

2670 2895 2811 2950 tum
2856 2886 3102 2967 species
3143 2885 3576 2952 eucharistiae
3621 2887 4041 2970 dispensetur
4083 2888 4626 2955 communicanti-

2671 2971 2794 3038 bus
2850 2992 3116 3037 mensae
3160 2971 3455 3053 Domini,
3502 2996 3635 3039 non
3680 2975 4029 3041 autoritate
4071 2973 4413 3055 ecclesiae,
4464 2997 4627 3059 quae

2670 3056 2900 3123 eadem
2958 3056 3229 3140 spiritus
3295 3060 3509 3125 sancti
3561 3067 3690 3139 est,
3763 3060 3837 3124 in
3899 3060 4173 3127 ecclesia
4235 3059 4627 3127 occidentali

2669 3141 2968 3221 obtinuit,
3004 3143 3119 3208 sed
3154 3143 3445 3211 humana
3478 3145 3761 3229 quadam
3793 3146 4067 3225 ratione,
4104 3166 4272 3230 quae
4315 3146 4483 3212 dum
4519 3169 4627 3212 ex-

2669 3238 2777 3294 tra
2817 3229 3117 3294 coelestis
3156 3231 3515 3314 sapientiae
3558 3233 3725 3297 fines
3769 3231 4063 3312 exsulat,
4124 3232 4315 3298 facile
4362 3232 4624 3298 labitur.

2672 3314 2852 3379 Hinc
2885 3324 3306 3400 praepostera
3328 3316 3686 3383 caelibatus
3709 3317 4074 3397 admiratio,
4101 3337 4229 3401 qua
4249 3318 4508 3384 factum
4533 3325 4627 3385 est

2674 3406 2749 3464 ut
2789 3402 3188 3466 matrimonii
3231 3402 3546 3470 sanctitas
3578 3404 3854 3469 minoris
3887 3424 4083 3486 quam
4119 3403 4382 3469 deceret
4431 3404 4626 3470 aesti-

2671 3494 2984 3551 maretur.
3056 3487 3234 3553 Hinc
3268 3489 3561 3571 privatae
3596 3489 3749 3554 illae
3771 3489 4263 3571 speculationes,
4301 3489 4386 3556 de
4419 3490 4627 3555 altera

2673 3571 3103 3639 eucharistiae
3146 3575 3358 3656 specie
3400 3574 3639 3658 populo
3683 3574 4085 3661 deneganda.
4173 3575 4240 3640 N
4241 3596 4315 3642 66
4349 3597 4513 3642 vero
4547 3573 4627 3641 ad

2673 3657 3064 3723 alterutrum
3127 3681 3481 3727 consensus
3535 3660 3894 3727 catholicae
3958 3660 4267 3726 ccclesiae
4332 3682 4626 3745 unquam

2673 3744 2978 3822 accessit,
3036 3765 3190 3809 nam
3233 3766 3467 3832 graeca
3517 3746 3791 3813 ecclesia
3848 3748 3922 3811 in
3975 3746 4368 3812 hodiernum
4421 3767 4626 3831 usque

2674 3828 2850 3894 diem
2863 3880 2879 3906 ,
2933 3838 3002 3894 et
3051 3832 3544 3899 matrimonium
3599 3834 3918 3899 ministris
3931 3883 3947 3912 ,
3992 3838 4060 3898 et
4101 3834 4627 3899 communionem

2673 3915 2874 3981 totius
2930 3916 3362 3983 eucharistiae
3417 3918 3592 4002 plebi
3644 3939 3899 4003 quoque
3943 3918 4256 3984 concedit.
4345 3919 4431 3984 In
4468 3919 4627 3985 His-

2672 4001 2871 4083 pania
2911 4022 3184 4084 quoque,
3211 4003 3411 4069 Italia
3450 4012 3517 4069 et
3552 4003 3914 4070 Germania
3937 4011 4195 4070 retenta
4228 4003 4341 4069 diu
4378 4026 4629 4070 connu-

2673 4087 2784 4153 bia
2827 4107 2867 4151 a
2909 4086 3352 4155 sacerdotibus
3395 4096 3565 4155 sunt.
3658 4088 3886 4171 Quum
3928 4089 4202 4155 concilia
4254 4088 4377 4154 illa
4390 4141 4406 4167 ‚
4464 4110 4625 4174 quo-

2672 4193 2823 4237 rum
2866 4173 3181 4240 autoritas
3224 4175 3553 4241 immerito
3589 4176 3915 4255 ecclesiae,
3961 4184 4282 4258 quantum
4327 4174 4413 4241 ad
4457 4176 4627 4242 hanc

2673 4279 2816 4324 rem
2855 4257 3112 4339 attinet,
3153 4259 3575 4326 adscribitur:
3614 4281 3896 4327 canones
3938 4260 4020 4327 de
4063 4260 4388 4346 exigendo
4432 4282 4475 4326 a
4508 4263 4628 4326 mi-

2673 4345 2901 4410 nistris
2959 4344 3374 4428 superiorum
3426 4346 3729 4412 ordinum
3785 4353 3936 4413 voto
4003 4345 4364 4413 caelibatus
4404 4346 4626 4413 edide-

2675 4436 2835 4494 runt
2867 4438 3022 4496 ante
3055 4431 3239 4497 mille
3272 4453 3496 4501 annos.
3566 4430 3759 4499 Unde
3792 4432 4037 4515 liquet,
4074 4453 4198 4499 nec
4233 4452 4629 4499 consensum

2675 4514 2984 4582 ecclesiae
3030 4518 3422 4585 universalis
3464 4518 3610 4584 istis
3654 4517 3905 4583 duabus
3947 4518 4146 4585 rebus
4190 4539 4488 4602 unquam
4522 4538 4627 4584 ac-

2677 4601 2963 4667 cessisse.
3055 4600 3450 4688 Quanquam
3502 4611 3581 4669 ut
3635 4604 3708 4667 in
3760 4604 4038 4671 caeteris
4093 4602 4287 4670 rebus
4344 4603 4432 4670 ad
4476 4603 4628 4669 reli-

2677 4687 2936 4772 gionem
2980 4689 3473 4771 pertinentibus,
3518 4690 3612 4754 ita
3654 4697 3721 4753 et
3760 4690 3834 4755 in
3877 4689 3983 4755 his
4027 4689 4279 4756 duabus
4322 4689 4628 4756 observa-

2676 4773 2966 4839 tionibus
3021 4775 3332 4842 ecclesiae
3383 4775 3705 4842 autoritas
3757 4781 3825 4841 et
3869 4795 4224 4842 consensus
4268 4776 4483 4860 magis
4544 4796 4631 4841 ex

2676 4859 2818 4943 ipso
2863 4860 3047 4925 verbi
3090 4859 3391 4941 Domini,
3437 4881 3598 4945 quo,
3642 4868 3719 4926 ut
3760 4862 3988 4945 genita
4030 4868 4158 4940 est,
4214 4862 4309 4926 ita
4352 4862 4522 4927 vivit
4563 4866 4629 4925 et

2676 4945 3066 5025 sustinetur,
3111 4946 3597 5032 cognoscendus
3640 4954 3759 5026 est,
3803 4967 4006 5030 quam
4047 4967 4133 5013 ex
4175 4967 4253 5012 eo
4294 4945 4472 5031 quod
4511 4947 4629 5012 ho-

2677 5030 2890 5097 mines
2929 5032 3004 5096 in
3045 5031 3344 5113 ecclesia,
3402 5053 3786 5116 quocunque
3837 5034 3911 5098 in
3961 5031 4079 5097 illa
4133 5031 4274 5099 loco
4319 5033 4624 5111 existant,

2678 5116 3099 5201 comprobare
3142 5117 3507 5186 videantur.
3575 5117 3758 5184 Dum
3792 5119 3972 5183 enim
4014 5118 4124 5185 hic
4158 5119 4416 5198 vivunt,
4453 5138 4627 5185 erro-

2678 5202 2861 5268 ribus
2896 5209 2965 5269 et
3004 5205 3285 5286 peccatis
3329 5213 3490 5271 sunt
3530 5225 3756 5271 omnes
3801 5203 4085 5270 obnoxii.
4158 5200 4296 5271 Sed
4342 5225 4466 5272 nec
4508 5224 4623 5270 no-
