4984 5975
566 301 690 365 387

571 489 859 555 riculum
893 490 1252 564 imminere,
1290 487 1422 552 nisi
1455 488 1714 553 obviam
1751 493 1957 564 eatur,
1995 486 2141 569 quis
2174 487 2343 550 mihi
2378 508 2532 552 con-

575 577 770 652 sulat,
795 583 873 639 ut
896 575 1131 638 tacitus
1155 595 1230 638 ac
1252 593 1520 637 securus
1546 573 1795 636 exitum
1826 571 2238 654 exspectem?
2302 572 2530 653 Quan-

581 671 705 738 tae,
745 660 1025 734 obsecr0,
1070 658 1398 723 socordiae
1442 658 1510 722 id
1556 667 1747 735 esset,
1794 658 2076 722 otiosum
2103 667 2169 722 et
2211 658 2394 723 velut
2427 679 2530 723 66-

578 747 886 810 citantem
947 745 1299 810 connivere
1357 742 1440 808 ad
1496 745 1639 808 eius
1695 744 2005 820 exitium,
2074 743 2157 808 ad
2202 744 2387 810 cuius
2412 744 2530 810 'vi-

579 841 715 896 tam
742 830 1054 896 tuendam
1090 837 1158 894 et
1188 827 1702 895 conservandam
1730 830 2056 894 excubare
2080 828 2358 895 debeas?
2406 830 2531 895 At-

577 918 690 999 qui
737 936 1148 999 supervacua
1191 916 1298 980 hic
1342 916 1511 980 foret
1559 914 1817 999 longior
1854 915 2093 994 oratic,
2147 915 2409 998 quando
2458 922 2533 979 tu

573 999 715 1084 ipso
760 1022 864 1065 me
908 1003 1088 1066 omni
1128 1001 1509 1067 difficultate
1564 1000 1820 1066 liberas.
1886 1000 2060 1064 Nam
2104 1002 2162 1066 si
2205 1001 2531 1077 vicinitas,

577 1095 645 1152 et
686 1087 801 1152 illa
843 1109 977 1152 non
1022 1087 1184 1151 adeo
1228 1087 1620 1169 propinqua,
1666 1093 1926 1150 tantum
1972 1085 2147 1169 apud
2190 1093 2255 1151 te
2298 1086 2530 1168 valuit,

576 1183 654 1238 ut
701 1172 857 1237 dum
901 1183 1083 1238 tuam
1129 1194 1287 1256 erga
1331 1171 1705 1237 Genevates
1763 1170 2179 1238 dilectionem
2235 1173 2338 1237 vis
2382 1192 2533 1255 pro-

577 1260 749 1324 fiteri
767 1310 783 1336 ,
838 1280 971 1324 non
1030 1257 1353 1322 dubitaris
1408 1266 1594 1321 tanta
1648 1257 1990 1322 atrocitate
2044 1279 2151 1322 me
2197 1280 2273 1324 ac
2316 1279 2533 1322 meam

578 1346 819 1410 famam
866 1346 1209 1426 impetere,
1256 1343 1422 1407 mihi
1466 1344 1753 1425 profecto
1798 1343 2232 1409 humanitatis
2281 1343 2423 1426 lege
2467 1341 2534 1406 id

575 1429 983 1507 concedetur,
1022 1439 1097 1494 61
1132 1429 1288 1494 dum
1330 1430 1522 1512 cupio
1565 1428 1821 1510 publico
1857 1430 1997 1494 eius
2042 1430 2327 1494 civitatis
2361 1431 2533 1495 bono

576 1516 947 1592 consulere,
1022 1537 1186 1597 quae
1242 1514 1406 1578 mihi
1463 1513 1656 1597 longe
1713 1514 1841 1579 alio
1908 1537 2105 1596 quam
2172 1515 2534 1580 vicinitatis

574 1602 722 1666 iure
766 1601 1221 1666 commendata
1262 1620 1402 1664 esse
1447 1599 1666 1676 debet,
1711 1601 1872 1664 mihi
1920 1601 2188 1666 consilia
2232 1607 2534 1665 conatus-

576 1708 705 1770 que
749 1695 911 1764 1666,
949 1708 1109 1768 6666
1145 1688 1213 1750 16
1254 1687 1394 1750 6166
1429 1686 1784 1767 perniciem
1819 1685 2087 1751 tendere
2121 1706 2257 1750 non
2291 1685 2532 1762 dubito,
2583 1677 2588 1780 l

578 1771 999 1855 interpellare
1056 1772 1266 1836 liccat.
1331 1769 1439 1835 Ad
1481 1772 1675 1848 haec,
1721 1779 1797 1834 ut
1840 1771 2176 1837 ecclesiam
2227 1771 2533 1837 Geneva-
2583 1803 2588 1812 ·

580 1860 745 1922 tium
789 1858 1063 1921 minimo
1099 1857 1443 1938 respiciam
1486 1857 1701 1937 (cuius
1738 1866 1911 1921 certe
1948 1877 2172 1922 curam
2215 1879 2349 1922 non
2393 1878 2533 1921 ma—

577 1944 681 2027 gis
723 1965 919 2025 quam
964 1945 1264 2025 propriae
1300 1942 1556 2005 animae
1601 1941 1880 2007 abiicere
1924 1943 2255 2025 possum),
2301 1941 2413 2007 sed
2458 1952 2536 2006 ut

577 2028 762 2093 nullo
820 2028 962 2093 eius
1018 2028 1233 2092 studio
1289 2028 1564 2100 afficiar,
1622 2027 1736 2092 ubi
1797 2036 2023 2097 tamen
2090 2028 2535 2093 ministerium

578 2136 799 2178 meum
839 2113 1039 2195 (quod
1077 2113 1335 2195 quidem
1372 2121 1447 2177 ut
1481 2133 1520 2175 a
1556 2111 1823 2178 Christo
1859 2135 2001 2179 esse
2037 2116 2208 2192 novi,
2248 2114 2342 2178 ita
2383 2134 2534 2179 san-

580 2200 781 2283 guine
826 2220 1002 2277 1666,
1049 2201 1103 2264 61
1148 2222 1309 2281 opus
1354 2200 1465 2276 sit,
1525 2198 1996 2266 vindicandum
2048 2200 2214 2264 mihi
2257 2204 2375 2278 [fol.
2427 2202 2532 2279 19]

580 2285 710 2368 661)
756 2285 915 2350 salso
975 2286 1347 2350 traducitur
1402 2304 1477 2349 ac
1521 2285 1994 2367 proscinditur,
2041 2287 2156 2367 6111
2188 2286 2355 2350 611111
2398 2285 2534 2350 dis-

576 2371 968 2436 simulanter
1019 2369 1089 2434 id
1142 2371 1314 2435 ferre
1360 2370 1590 2436 liceat?
1656 2371 1887 2454 Itaque
1943 2392 2072 2435 non
2133 2373 2359 2454 aequis
2402 2370 2532 2436 lec-

578 2453 824 2550 toribus
859 2456 1051 2521 61οὰ6
1087 2455 1393 2532 iudicare,
1432 2456 1544 2522 sed
1590 2457 1712 2521 tibi
1755 2478 2026 2539 quoque,
2066 2455 2388 2534 Sadolete,
2429 2478 2532 2521 re-

576 2551 809 2625 putare
864 2549 1243 2626 promptum
1287 2550 1417 2618 est,
1472 2551 1631 2625 quot
1685 2551 1751 2607 et
1785 2565 1985 2625 quam
2026 2543 2217 2609 iustis
2261 2542 2533 2607 rationi-

575 2628 699 2693 bus
737 2637 1017 2704 coact-us,
1055 2630 1127 2692 in
1171 2628 1294 2693 hoc
1330 2634 1663 2694 certamen
1700 2628 2178 2695 descenderim:
2218 2629 2272 2692 si
2310 2636 2534 2692 tamen

577 2722 909 2778 certamen
968 2714 1093 2779 dici
1150 2723 1469 2791 meretur,
1525 2713 1805 2796 simplex
1852 2721 1917 2778 et
1958 2714 2297 2779 moderata
2340 2709 2532 2777 inni)-

577 2799 830 2863 centiae
874 2819 1058 2863 meae
1103 2798 1417 2863 adversus
1461 2798 1896 2864 calumniosas
1942 2806 2090 2864 tuas
2133 2799 2532 2865 criminatio-

578 2905 698 2948 nes
754 2883 1056 2949 defensio,
1126 2884 1347 2949 Meam
1397 2885 1838 2949 innocentiam
1883 2885 2056 2960 dic0,
2103 2883 2368 2949 tametsi
2412 2905 2531 2966 pro

578 2989 687 3033 me
718 2990 911 3051 agere
946 2991 1078 3034 non
1104 2991 1387 3052 possum,
1414 2969 1573 3051 quin
1606 2969 1888 3053 collegas
1917 2969 2115 3035 simul
2152 2991 2333 3035 meos
2356 2990 2531 3034 com-

577 3054 847 3137 plectar,
885 3054 1270 3136 quibuscum
1304 3054 1589 3119 rationes
1625 3076 1850 3120 omnes
1887 3055 1982 3119 sic
2009 3055 2175 3119 mihi
2216 3055 2290 3119 in
2323 3055 2530 3119 admi-

576 3139 964 3203 nistratione
1023 3140 1137 3205 illa
1189 3140 1455 3205 fuerunt
1506 3141 1924 3219 coniunctae,
1972 3149 2049 3204 ut
2090 3139 2406 3223 quidquid
2450 3140 2530 3205 de

576 3224 708 3289 illis
765 3223 1013 3290 dictum
1068 3226 1295 3303 fuerit,
1354 3226 1427 3290 in
1483 3247 1589 3291 me
1643 3225 1925 3291 libenter
1977 3226 2309 3309 recipiam.
2384 3227 2531 3290 Iam

577 3331 736 3375 vero
782 3332 975 3392 quem
1018 3312 1309 3376 animum
1352 3311 1421 3376 in
1465 3333 1662 3377 causa
1703 3312 1828 3378 hac
1884 3311 2233 3378 adversum
2276 3319 2343 3377 te
2387 3333 2531 3376 sus-

576 3394 876 3479 cipienda
920 3396 1136 3476 habui,
1182 3418 1335 3462 eum
1379 3400 1520 3480 ipsa
1562 3419 1818 3480 quoque
1862 3398 2116 3464 actione
2159 3399 2386 3463 testari
2431 3405 2530 3462 at·

575 3503 702 3564 que
747 3484 1106 3566 approbare
1151 3482 1442 3548 studebO.
1506 3484 1775 3549 Faciam
1818 3485 1994 3548 enim
2039 3491 2116 3548 ut
2158 3504 2383 3549 6111666
2426 3484 2529 3548 16-

576 3567 895 3652 telligant,
921 3590 1052 3632 non
1088 3588 1323 3634 causae
1358 3568 1550 3634 modo
1576 3568 1866 3634 bonitate
1893 3577 1960 3634 et
1995 3571 2337 3653 aequitate,
2376 3591 2529 3635 con-

575 3654 883 3720 scientiae
907 3654 1316 3731 rectitudine,
1342 3653 1553 3721 cordis
1590 3655 1983 3735 sinceritate,
2022 3657 2342 3721 sermonis
2377 3677 2530 3722 can-

575 3737 730 3803 dore
773 3760 880 3803 me
924 3761 1069 3806 esse
1112 3739 1320 3807 multo
1364 3741 1793 3824 superiorem:
1842 3741 1958 3806 sed
2001 3742 2199 3806 etiam
2254 3743 2328 3805 16
2371 3740 2541 3806 1611-’

575 3824 796 3890 nenda
836 3825 1109 3891 lenitate
1155 3833 1221 3889 et
1261 3825 1585 3891 modestia
1623 3827 1957 3909 aliquanto
2003 3827 2526 3892 constantiorem.
2569 3874 2578 3893 .

573 3910 800 3974 Erunt
842 3932 998 3975 sane
1035 3912 1270 3994 aliqua,
1309 3932 1475 3994 quae
1511 3913 1802 3977 animum
1838 3922 2025 3977 tuum
2061 3912 2168 3979 vel
2212 3920 2527 3997 pungent,

576 3994 683 4059 vel
720 3995 886 4059 forte
920 3997 1118 4060 etiam
1143 3996 1592 4063 -lancinabunt
1641 3997 1833 4063 Dabo
1867 4006 2086 4063 tamen
2120 4019 2157 4063 o
2205 4019 2406 4077 eram,
2446 4019 2529 4062 ne

575 4101 704 4162 qua
740 4099 868 4144 vox
905 4082 1192 4163 asperior
1221 4104 1260 4146 a
1283 4104 1389 4147 me
1425 4092 1643 4148 exeat:
1690 4084 1820 4148 nisi
1855 4104 2053 4165 quam
2079 4106 2159 4149 ve
2218 4085 2531 4165 iniquitas

574 4166 1008 4232 accusationis
1052 4174 1238 4245 tuae,
1282 4190 1409 4250 qua
1452 4190 1597 4233 sum
1639 4170 1820 4251 prior
1866 4170 2235 4252 impetituS,
2281 4169 2388 4236 vel
2433 4169 2532 4233 161

574 4251 929 4317 necessitas
975 4254 1336 4318 extorserit.
1406 4254 1690 4332 Deinde,
1736 4276 1819 4319 ne
1862 4255 1944 4319 ad
1989 4255 2277 4338 aliquam
2322 4276 2531 4337 usque

574 4337 1031 4419 intemperiem
1067 4345 1181 4402 aut
1215 4339 1666 4421 impotentiam
1703 4348 2003 4422 erumpat
2039 4340 2200 4407 haec
2242 4342 2387 4423 ipsa
2422 4363 2528 4407 as-

574 4423 836 4506 peritas,
863 4444 1032 4488 neve
1057 4423 1193 4488 ulla
1227 4426 1634 4506 procacitatis
1669 4427 1881 4509 specie
1918 4428 2239 4510 ingenuos
2275 4426 2529 4491 animos

573 4508 881 4573 offendat.

747 4595 847 4659 Ac
891 4594 1224 4676 principio,
1262 4596 1318 4660 si
1360 4616 1508 4660 cum
1545 4597 1673 4661 alio
1709 4597 2000 4680 quolibet
2034 4598 2154 4661 tibi
2190 4598 2529 4682 negotium

573 4685 776 4756 esset,
821 4700 957 4744 non
999 4679 1259 4746 aliunde
1302 4682 1526 4765 procul
1569 4680 1767 4748 dubio
1814 4683 2159 4765 inciperet,
2206 4704 2404 4765 quam
2446 4684 2526 4748 ab

575 4787 651 4830 oo
696 4776 1116 4848 argumento,
1162 4768 1334 4850 quod
1391 4788 1511 4851 ego
1556 4769 1624 4833 in
1680 4776 1886 4834 totum
1932 4769 2289 4852 praeterire
2332 4770 2525 4834 insti-

574 4851 690 4915 tui.
749 4850 1109 4916 Consilium
1142 4854 1316 4917 enim
1353 4852 1677 4919 scribendi
1713 4861 1905 4919 tuum
1938 4876 2070 4919 666
2106 4855 2248 4920 sine
2282 4876 2392 4920 ma
2440 4878 2528 4920 na

573 4937 785 5018 specie
844 4938 1235 5021 exagitaret,
1294 4939 1495 5004 donec
1551 4937 1767 5020 palam
1825 4941 2097 5017 faceret,
2156 4947 2220 5004 te
2265 4942 2375 5023 qui
2425 4940 2527 5006 vis

572 5022 789 5104 potius
842 5024 1183 5089 scribendo
1239 5024 1627 5105 quaesiisse,
1674 5046 1869 5107 quam
1913 5025 2086 5108 quod
2129 5026 2522 5107 praetendis.

572 5108 719 5172 Nisi
763 5110 939 5173 enim
982 5130 1294 5192 magnam
1330 5107 1628 5173 candoris
1666 5111 1761 5174 tui
1804 5109 1998 5176 fidem
2047 5112 2231 5193 prius
2275 5112 2522 5190 feceris,

570 5192 939 5277 suspicione
994 5215 1126 5259 non
1172 5200 1382 5271 caret,
1427 5193 1597 5275 quod
1643 5193 1839 5261 homo
1884 5195 2167 5276 alienus,
2209 5197 2315 5262 cui
2358 5197 2524 5261 nihil

2312 295 2840 363 RESPONSIO

4466 298 4591 359 388

2634 492 2828 551 antea
2892 506 3041 551 cum
3106 485 3345 568 populo
3410 486 3762 568 genevensi
3819 481 4320 549 necessitudinis
4371 486 4589 564 fuerit,

2635 579 2892 637 tantam
2946 593 3121 636 6666
3167 580 3436 652 repente
3494 569 4019 634 benevolentiam
4064 590 4221 653 erga
4251 591 4416 654 ἱ6661
4461 579 4591 635 tes-

2634 659 2828 735 16116,
2900 658 3086 723 66166
3151 656 3409 720 nullum
3460 662 3653 745 antea
3708 657 3971 739 signum
4024 656 4377 721 exstiterit:
4425 667 4494 721 et
4533 657 4592 723 is

2637 743 2863 822 hom0,
2909 744 3021 826 qui
3075 753 3277 825 prope
3337 763 3377 807 a
3429 740 3716 825 pueritia
3769 739 4058 806 imbutus
4101 742 4389 807 romanis
4433 743 4593 806 arti-

2635 828 2779 904 1166,
2825 828 3050 916 quales
3086 827 3334 893 scilicet
3367 845 3547 891 nunc
3581 825 3925 891 discuntur
3965 827 4037 890 in
4081 847 4353 892 romana
4389 827 4592 906 curia,

2636 915 2708 978 in
2764 913 2879 979 illa
2934 914 3309 980 calliditatis
3364 931 3440 977 ac
3482 912 3923 976 versutiarum
3968 913 4264 976 omnium
4310 913 4590 992 officina,

2637 998 2924 1082 adeoquo
2956 1001 3024 1063 in
3059 1001 3210 1064 sinu
3247 997 3612 1063 Clementis
3647 997 3980 1079 educatus,
4016 1018 4194 1062 nunc
4228 1000 4426 1063 etiam
4459 999 4594 1063 fac-

2637 1095 2743 1150 tus
2771 1085 3139 1163 cardinalis,
3167 1085 3406 1149 multas
3438 1091 3631 1147 notas
3666 1082 3883 1160 1161166,
3919 1105 4086 1165 6666
4115 1092 4180 1148 16
4208 1095 4592 1168 suspectum

2636 1171 2964 1253 plerisque
3006 1175 3142 1236 fere
3185 1170 3485 1235 omnibus
3545 1169 3666 1234 hac
3710 1169 3782 1231 in
3824 1180 4012 1251 parte
4053 1168 4347 1236 reddant.
4418 1167 4593 1235 Insi-

2639 1257 2983 1322 nuationes
3029 1277 3184 1322 vero
3227 1256 3380 1320 illae
3423 1262 3595 1330 tuae,
3639 1255 3877 1336 quibus
3919 1255 3989 1318 in
4031 1254 4430 1338 simplicium
4474 1256 4592 1321 ho-

2585 1353 2586 1362 ’
2638 1343 2892 1405 11116616
2933 1344 3185 1406 animos
3221 1343 3496 1405 influere
3536 1348 3602 1404 te
3637 1359 3825 1422 posse
3869 1338 4217 1420 credidisti,
4258 1341 4441 1406 nullo
4476 1364 4591 1407 66-

2639 1429 2813 1510 gotio
2871 1428 3328 1492 refellerentur
3372 1424 3453 1490 ab
3508 1425 3775 1490 homine
3819 1441 3968 1490 non·
3995 1448 4266 1509 prorsus
4308 1426 4587 1510 stupido.

2638 1514 2892 1577 Verum
2936 1513 3138 1590 istud,
3182 1512 3354 1595 quod
3397 1511 3623 1585 multis
3674 1512 3899 1575 forsan
3941 1512 4246 1577 credibile
4297 1515 4590 1578 futurum

2638 1599 2742 1676 sit,
2788 1600 2939 1681 quia
2982 1599 3148 1664 mihi
3191 1598 3424 1663 cadere
3459 1616 3590 1660 non
3633 1596 3899 1661 videtur
3940 1598 4011 1661 in
4056 1597 4391 1662 hominem
4427 1599 4591 1664 libe-

2639 1684 2883 1750 ralibus
2929 1684 3227 1749 omnibus
3272 1681 3586 1748 doctrinis
3633 1682 4014 1763 expolitum,
4060 1682 4427 1750 adscribere
4473 1685 4591 1750 tibi

2639 1773 2807 1837 nolo.
2885 1773 3103 1856 Agam
3155 1772 3360 1854 igitur
3416 1765 3685 1851 perinde
3741 1772 3858 1845 [fol.
3928 1774 4035 1848 20]
4089 1776 4337 1846 tecum,
4397 1792 4473 1836 ac
4535 1772 4588 1837 si

2640 1858 2885 1942 optimo
2910 1860 3146 1936 animo,
3172 1852 3716 1940 quemadmodum
3744 1853 3992 1920 scilicet
4024 1855 4244 1919 virum
4277 1856 4407 1920 ista
4441 1855 4589 1921 doc·

2638 1946 2833 2020 trina,
2879 1944 3252 2027 prudentia,
3298 1941 3623 2023 gravitate
3666 1940 4034 2022 praeditum
4081 1940 4284 2018 decet,
4331 1940 4416 2005 ad
4455 1942 4588 2008 Ge-

2639 2037 2910 2095 nevates
2962 2028 3319 2112 scripseriS,
3367 2026 3774 2106 suaserisque
3817 2027 3988 2090 bona
4029 2025 4160 2090 fide
4203 2026 4379 2108 ipsis,
4425 2049 4589 2110 quae

2640 2114 2724 2180 ad
2799 2136 3027 2181 661616
3099 2115 3397 2180 salutem.
3456 2110 4100 2193 incolumitatemque
4194 2112 4589 2179 videbantur

2638 2201 2752 2266 tibi
2786 2203 3135 2284 pertinere.
3191 2199 3465 2275 Verum,
3501 2195 3968 2280 qualiscunque
4003 2196 4123 2260 tibi
4157 2198 4416 2263 animus
4452 2200 4590 2265 fue-

2637 2288 2727 2352 rit
2768 2289 3105 2369 (quoniam
3149 2305 3427 2371 gravare
3469 2295 3536 2350 te
3580 2282 3828 2347 invidia
3869 2282 3940 2346 in
3983 2281 4109 2348 hac
4163 2298 4352 2366 parte
4387 2284 4590 2369 nolo),

2639 2373 2814 2456 quod
2861 2381 3082 2439 tamen
3109 2394 3203 2452 ea,
3250 2391 3414 2454 quae
3451 2369 3581 2434 illis
3624 2368 3970 2434 aDomino
4005 2390 4124 2453 per
4167 2390 4402 2434 manus
4441 2392 4591 2436 666-

2637 2466 2773 2525 tras
2816 2459 3060 2525 tradita
3094 2465 3269 2536 sunt,
3306 2478 3504 2540 quam
3549 2455 3965 2520 acerbissima
4009 2463 4191 2537 potes
4238 2455 4593 2520 verborum

2638 2546 3033 2611 contumelia
3075 2544 3325 2610 laceras
3371 2549 3436 2606 et
3479 2539 3871 2607 labefactare
3916 2538 4000 2604 ad
4044 2550 4414 2606 extremum
4452 2563 4591 2607 mo-

2635 2631 2809 2709 liris,
2877 2632 2949 2695 in
3013 2652 3089 2696 eo
3156 2629 3274 2694 tibi
3334 2623 3587 2709 aperte,
3663 2625 3860 2691 velim
3925 2626 4155 2704 nolim,
4233 2627 4593 2693 reclamare

2637 2737 2846 2799 cogor.
2915 2715 3028 2782 Sic
3066 2716 3243 2781 enim
3284 2714 3552 2778 demum
3595 2710 3937 2776 ecclesiam
3979 2711 4329 2777 aedificant
4372 2722 4593 2796 pasto-

2635 2824 2760 2879 res,
2785 2803 2842 2868 si
2877 2824 3012 2866 non
3048 2800 3286 2867 dociles
3320 2796 3514 2864 modo
3550 2797 3806 2862 animas
3841 2797 3923 2860 ad
3961 2797 4303 2862 Christum
4338 2798 4593 2881 placide

2635 2909 2838 2952 manu
2881 2886 3154 2964 ducunt,
3201 2885 3316 2951 sed
3360 2885 3595 2948 armati
3640 2882 3838 2948 etiam
3881 2892 4037 2947 sunt
4079 2882 4162 2948 ad
4200 2884 4594 2967 propulsan-
4675 2924 4684 2932 ·

2637 2972 2754 3039 das
2811 2995 3040 3039 eorum
3094 2971 3640 3049 machinationes,
3710 2968 3821 3051 qui
3879 2969 4005 3034 Dei
4054 2991 4217 3053 opus
4271 2970 4592 3054 impedire

2636 3060 2992 3124 enituntur.
3054 3058 3349 3124 Tametsi
3388 3056 3621 3139 longas
3664 3055 3972 3140 ambages
4028 3056 4226 3121 habet
4269 3064 4390 3122 tua
4429 3058 4594 3140 Epi-

2636 3145 2830 3210 stola:
2885 3146 2954 3209 in
3012 3144 3133 3211 hac
3187 3150 3408 3209 tamen
3463 3143 3807 3225 praecipue
3863 3163 4121 3206 summa
4159 3142 4473 3220 vertitur,
4520 3152 4598 3207 ut

2633 3230 2780 3297 illos
2815 3233 2912 3296 'in
2964 3236 3355 3313 potestatem
3397 3229 3652 3293 romani
3694 3228 4015 3310 pontificis
4064 3228 4374 3312 recipias,
4420 3226 4598 3313 quod

2634 3338 2830 3384 vocas
2886 3318 2958 3381 in
3015 3315 3214 3382 fidem
3267 3314 3831 3396 obedientiamque
3897 3313 4593 3390 666166166,16(166616.

2635 3400 2770 3468 Sed
2828 3403 2985 3485 quia
3039 3403 3113 3467 in
3156 3422 3353 3468 causa
3406 3421 3641 3484 parum
3697 3399 4040 3465 favorabili
4093 3399 4596 3482 praemolliendi

2635 3496 2821 3554 erant
2865 3489 3099 3568 661611,
3157 3488 3356 3570 longa
3406 3485 3702 3551 oratione
3748 3485 4093 3567 praefaris,
4140 3483 4219 3551 de
4259 3487 4594 3569 incompa-

2634 3574 2825 3639 rabili
2871 3582 3178 3639 aeternae
3222 3574 3398 3638 vitae
3442 3573 3629 3636 bono.
3708 3569 3969 3637 Deinde
4015 3570 4098 3636 ad
4135 3592 4404 3636 causam
4437 3592 4591 3654 pro-

2632 3659 2783 3744 pius
2828 3659 3109 3737 accedis,
3157 3679 3364 3742 quum
3408 3657 3814 3722 demonstras
3858 3656 4116 3723 nullam
4162 3677 4306 3722 esse
4348 3679 4592 3723 nocen-

2634 3747 2866 3811 tiorem
2911 3745 3254 3810 animabus
3299 3749 3569 3826 pestem,
3616 3762 3814 3826 quam
3848 3764 4238 3825 perversum
4281 3741 4413 3807 Dei
4447 3743 4591 3809 cul-

2635 3838 2795 3896 tum.
2864 3831 2973 3895 Ad
3018 3832 3214 3910 haec,
3263 3831 3390 3895 Dei
3435 3830 3561 3894 rite
3606 3828 3854 3894 colendi
3892 3848 4039 3892 eam
4082 3848 4225 3893 6666
4270 3828 4592 3911 optimam

2633 3918 2948 4000 regulam,
2991 3938 3157 3999 quae
3201 3915 3281 3980 ab
3328 3915 3598 3981 ecclesia
3642 3912 4121 3998 praescribitur.
4177 3915 4422 3979 Actum
4465 3915 4591 3997 igi-
4651 3913 4664 3923 ’

2632 4010 2746 4068 161
2767 4024 2908 4068 6666
2931 4000 3011 4066 (16
3034 4023 3259 4067 661661
3286 4000 3515 4079 661616,
3545 4001 3657 4083 661
3692 3999 3999 4065 ecclesiae
4035 4000 4356 4064 unitatem
4393 4001 4592 4065 abru-

2633 4096 2887 4170 perunt,
2935 4087 3063 4154 nisi
3105 4087 3510 4169 resipiscant.
3579 4087 3820 4152 Postea
3857 4107 4017 4150 vero
4061 4085 4406 4163 contendis
4449 4105 4592 4150 ma-

2631 4174 2937 4240 nifestam
2975 4196 3116 4240 esse
3150 4174 3231 4240 ab
3268 4172 3540 4239 ecclesia
3574 4170 4019 4251 defectionem,
4064 4170 4236 4254 quod
4282 4193 4324 4236 a
4365 4180 4594 4238 vestra

2633 4261 2942 4325 societate
2979 4258 3289 4325 disiuncti
3324 4269 3496 4324 61161.
3565 4258 3840 4336 Deinde,
3878 4257 4050 4339 quod
4086 4277 4127 4320 a
4161 4257 4348 4323 nobis
4385 4279 4591 4323 evan-

2631 4344 2877 4428 gelium
2922 4352 3328 4428 acceperunt,
3366 4343 3531 4409 nihil
3575 4366 3718 4409 esse
3761 4365 3959 4424 quam
4001 4364 4311 4426 magnam
4355 4344 4592 4427 impio-

2632 4452 2782 4497 rum
2826 4430 3203 4515 dogmatum
3253 4432 3666 4513 farraginem.
3735 4426 3901 4493 Inde
3943 4449 4100 4513 ergo
4144 4428 4414 4493 demum
4456 4428 4590 4494 col-

2628 4514 2799 4600 ligis,
2845 4516 3035 4600 quale
3079 4517 3204 4582 Dei
3249 4516 3561 4581 iudicium
3605 4537 3717 4581 666
3759 4522 4049 4594 maneat,
4095 4515 4224 4580 nisi
4266 4516 4400 4582 tuis
4440 4515 4590 4579 istis

2631 4602 2898 4666 monitis
2939 4603 3407 4686 obtemperent.

2804 4687 3136 4768 Quoniam
3183 4695 3404 4753 autem
3450 4694 3519 4750 et
3554 4687 3621 4751 id
3667 4686 4024 4769 plurimum
4061 4706 4298 4752 causae
4337 4687 4586 4753 servie-

2630 4773 2760 4850 bat,
2796 4773 2994 4839 fidem
3030 4794 3290 4838 omnem
3327 4772 3543 4837 verbis
3580 4773 3821 4838 nostris
3858 4773 4192 4857 abrogare,
4233 4772 4306 4837 in
4339 4793 4416 4837 66
4448 4773 4589 4854 pri-

2630 4880 2816 4922 611161
2862 4858 3138 4937 laboras,
3179 4865 3252 4922 ut
3286 4856 3461 4940 quod
3495 4857 3568 4921 in
3603 4858 3789 4923 nobis
3825 4858 4052 4924 salutis
4092 4880 4248 4924 suae
4292 4859 4590 4924 studium

2629 4952 3122 5026 perspexerunt,
3169 4943 3451 5008 sinistris
3497 4943 3975 5027 suspicionibus
4026 4965 4279 5027 graves.
4348 4944 4590 5028 Itaque

2630 5029 2798 5094 nihil
2854 5030 3034 5094 aliud
3087 5029 3290 5093 fuisse
3344 5027 3533 5092 nobis
3584 5031 3989 5112 propositum
4040 5029 4397 5108 cavillaris,
4451 5032 4587 5097 nisi

2631 5124 2708 5179 ut
2771 5114 3195 5199 ambitionem
3256 5120 3325 5178 et
3390 5114 3734 5180 avaritiam
3788 5115 4216 5197 expleremus.
4299 5114 4586 5197 Quando

2629 5199 2836 5284 igitur
2871 5199 3033 5264 haec
3070 5220 3177 5263 ars
3224 5210 3336 5266 tua
3378 5201 3520 5277 fuit,
3558 5200 3774 5267 labem
3809 5202 3995 5268 nobis
4029 5202 4314 5286 aliquam
4357 5222 4584 5285 asper-
