4984 5975
1906 1712 2559 1813 EPISTOLA
2616 1712 3261 1819 SECUNDA.

546 1846 713 1970 'DE
758 1901 1305 1970 cumarum
1359 1900 1763 1968 nonme
1808 1899 2189 1968 orrcho
2243 1899 2344 1964 m
2388 1896 3014 1965 sAonRDorns
3057 1896 3463 1964 PAPAms
3504 1896 4028 1965 socnssun
4083 1899 4275 1966 vm.
4320 1901 4592 1969 Amu-

1859 2006 2449 2103 ms'rRANms'
2472 2034 2664 2101 vm.
2710 2032 3311 2101 ABncmNmS.
4087 2012 4090 2015 ’

840 2262 1122 2327 Ioannes
1177 2260 1496 2327 Oalvinus
1549 2259 1757 2326 veteri
1815 2261 2054 2338 amico,
2108 2279 2283 2325 nunc
2326 2257 2532 2324 Prae-

1012 2363 1170 2444 suli,
1212 2363 1295 2428 N.
1345 2361 1664 2428 Salutem.

757 2483 984 2568 Quum
1004 2483 1169 2552 11888
1194 2482 1476 2552 scribere
1508 2483 1941 2562 instituerem,
1978 2482 2351 2549 subveritus
2385 2501 2535 2546 sum

582 2571 814 2724 prgffo,
859 2592 945 2721 ng
989 2570 1265 2655 impare
1273 2568 1430 2720 811ὴὲ
1462 2568 1861 2719 atzpuetotdeo
1901 2569 2308 2719 ‘tulantii'niqiu
2321 2603 2534 2719 voces-

582 2680 776 2810 1111111111)
803 2676 1116 2808 11111θὲ0818,
1145 2677 1521 2807 mldlrositffte
1549 2675 1959 2823 lcbstreffi:
2006 2739 2166 2822 quin
2208 2745 2278 2804 et
2319 2703 2536 2820 ipsunl

585 2829 654 2894 id
708 2830 778 2893 in
833 2836 897 2893 te
943 2826 1305 2911 deplorem,
1363 2824 1538 2908 quod
1593 2826 1704 2890 alii
1758 2826 1878 2890 tibi
1921 2845 2148 2890 omnes
2193 2830 2535 2908 tantopere

586 2913 1020 3000 gratulantur.
1084 2912 1315 2996 Neque
1358 2911 1539 2976 enim
1584 2910 1857 2977 dubium
1900 2930 2043 2976 8888
2086 2917 2327 2994 potest,
2375 2911 2534 2993 quin

585 3022 664 3068 88
705 3001 776 3066 111
820 3007 1036 3084 gente,
1082 3018 1248 3080 quae
1290 2997 1709 3081 praecipuam
1751 3017 1827 3063 ac
1870 3017 2071 3081 prope
2107 2996 2370 3063 unicam
2414 2996 2535 3061 ho-

586 3087 843 3151 minum
886 3083 946 3147 d'
1051 3084 1277 3148 ‘tatem
1315 3082 1387 3146 in
1430 3081 1815 3148 facultatum
1858 3082 2287 3165 amplitudine
2328 3082 2534 3147 fortu-

586 3192 840 3253 naeque
890 3189 967 3252 sp
994 3167 1234 3234 endere
1287 3169 1569 3251 reponit,
1626 3168 2014 3251 amplissimi
2065 3167 2262 3233 huius
2319 3188 2535 3234 88881-

586 3257 768 3334 dotii,
812 3276 939 3339 quo
982 3264 1047 3321 te
1088 3275 1299 3337 nuper
1339 3263 1604 3320 auctum
1645 3254 1962 3333 intellexi,
2008 3254 2288 3320 accessio
2330 3253 2537 3336 pluri-

587 3364 773 3408 mum
814 3341 931 3406 tibi
975 3347 1045 3406 et
1085 3341 1336 3425 gratiae
1380 3350 1449 3404 et
1490 3342 1861 3406 ornamenti
1904 3339 2227 3405 attulerit:
2274 3347 2349 3403 ut
2391 3341 2536 3406 sine

590 3427 1035 3495 controversia
1094 3446 1251 3492 vere
1319 3425 1548 3492 beatus
1614 3447 1690 3492 ac
1765 3426 2139 3491 fortunatus
2202 3426 2535 3492 communi

590 3516 883 3581 omnium
938 3513 1250 3597 suffragio
1295 3522 1362 3578 et
1410 3511 1695 3579 videaris
1737 3521 1805 3578 et
1856 3510 2271 3595 praediceris.
2346 3511 2535 3577 Ami-

587 3623 696 3669 cos
740 3620 896 3667 vero
950 3601 1085 3664 iere
1135 3620 1363 3665 81111188
1418 3596 1639 3664 videre
1690 3598 1855 3662 mihi
1919 3597 2052 3662 iam
2096 3596 2350 3677 videor,
2408 3618 2535 3681 quo

587 3707 773 3755 suam
815 3687 887 3751 in
926 3694 990 3751 te
1025 3684 1546 3750 benevolentiam
1581 3691 1923 3762 testentur,
1958 3684 2297 3769 ingentem
2333 3683 2536 3749 animi

586 3773 905 3840 laetitiam
947 3771 1250 3839 certatim
1290 3790 1409 3853 pro
1453 3790 1524 3836 88
1566 3791 1920 3854 quemque,
1967 3781 2085 3834 aut
2126 3769 2363 3849 literis,
2421 3780 2538 3835 aut

583 3860 914 3943 praesenti
957 3878 1118 3924 voce
1162 3856 1583 3923 declarantes.
1663 3853 1919 3938 Quibus
1962 3854 2428 3922 blandimentis
2469 3864 2535 3920 te

585 3967 721 4011 non
763 3943 1169 4026 aliquantum
1214 3941 1596 4020 demulceri,
1643 3962 1840 4025 quam
1884 3942 1972 4007 sit
2013 3940 2293 4020 difficile,
2338 3942 2536 4007 intel-

585 4030 746 4115 ligo:
791 4027 1053 4112 quando
1088 4038 1155 4094 et
1188 4028 1273 4094 ad
1322 4028 1587 4094 delicias
1636 4027 1956 4092 eiusmodi
1999 4046 2226 4093 omnes
2263 4028 2537 4093 minime

588 4125 829 4182 natura
869 4133 1142 4179 corneae
1185 4123 1342 4179 811111
1384 4114 1729 4180 hominum
1783 4132 2006 4178 aures:
2060 4122 2126 4179 81
2171 4113 2336 4179 18188
2379 4123 2537 4179 811111

588 4202 754 4269 18188
768 4252 784 4279 ,
841 4200 1076 4283 quibus
1128 4220 1306 4264 nunc
1363 4200 1639 4267 tentaris
1656 4251 1670 4277 ,
1738 4209 1815 4265 ut
1866 4199 2227 4265 severiores
2281 4221 2536 4283 quoque

591 4307 784 4355 aures
836 4283 1137 4350 nonnihil
1191 4284 1462 4351 delinire
1519 4293 1787 4368 queant.
1864 4283 2206 4368 Siquidem
2258 4295 2333 4350 ut
2386 4308 2534 4369 per-

590 4372 834 4439 multos
876 4391 1021 4437 esse
1056 4370 1499 4450 concedamus,
1537 4372 1676 4438 vita
1710 4370 1939 4453 procul
1973 4373 2151 4436 omni
2186 4372 2538 4438 ambitione

591 4457 967 4540 composita,
1011 4477 1208 4521 aurae
1247 4455 1579 4541 popularis
1620 4457 1891 4521 minime
1925 4464 2334 4541 appetentes:
2378 4480 2540 4542 pau·
2589 4487 2592 4500 ·

591 4544 886 4611 cissimos
944 4549 1169 4607 tamen
1220 4543 1505 4624 reperias
1520 4593 1536 4621 ,
1602 4542 1711 4609 vel
1764 4562 1991 4607 eorum
2045 4543 2157 4627 qui
2215 4543 2542 4610 habentur

594 4628 835 4711 alioqui
892 4626 1427 4705 moderatissimi,
1485 4628 1595 4710 qui
1651 4628 1709 4693 si
1763 4630 1961 4694 totius
2001 4629 2246 4696 theatri
2303 4630 2540 4713 plausu

593 4714 1014 4798 accipiantur,
1059 4714 1296 4778 animis
1340 4713 1733 4798 auribusque
1776 4714 2135 4792 offirmatis,
2183 4716 2355 4780 nihil
2396 4737 2537 4781 mo-

595 4807 887 4867 veantur.
950 4800 1155 4882 Atqui
1198 4799 1310 4864 ubi
1352 4807 1418 4863 te
1462 4798 1572 4864 vel
1604 4800 1933 4866 tantillum
1976 4798 2377 4884 palpandum
2421 4823 2538 4884 po-

593 4886 729 4971 puli
782 4885 1120 4952 blanditiis
1170 4883 1699 4969 titillandumque
1743 4885 2026 4964 dederis,
2074 4897 2166 4964 te,
2226 4908 2345 4954 nec
2387 4909 2537 4954 sen-

594 4974 885 5050 tientem,
930 4992 1065 5037 non
1109 4970 1252 5035 dico
1291 4971 1361 5036 111
1405 4972 1789 5054 cupiditates
1831 4993 2169 5055 nunquam
2203 4981 2397 5039 antea
2429 4992 2538 5039 co-

598 5059 835 5143 gitatas
850 5109 865 5136 ,
921 5056 1040 5123 sed
1083 5057 1154 5120 in
1210 5057 1415 5139 ipsius
1469 5059 1567 5123 tui
1609 5057 2002 5130 oblivionem
2045 5077 2318 5141 prorsus
2361 5057 2536 5123 abri-

595 5145 792 5228 pient.
878 5142 960 5209 Id
1002 5142 1354 5227 spectaculi
1399 5166 1602 5225 quum
1637 5145 1855 5208 animo
1894 5164 2038 5208 meo
2082 5163 2536 5227 proponerem,

595 5250 729 5297 non
773 5228 990 5309 modo,
1037 5228 1210 5313 quod
1254 5229 1382 5294 iam
1429 5251 1641 5311 nuper
1696 5249 1839 5292 sum
1886 5228 2248 5308 confessus,
2294 5226 2537 5296 subdu-

2583 2230 2588 2263 *
2635 2223 2845 2290 bitavi
2890 2243 3089 2307 quam
3132 2222 3203 2287 in
3244 2230 3504 2306 partem
3547 2243 3722 2288 esses
3764 2232 4147 2307 accepturus
4180 2226 4592 2311 obstreperas

2637 2309 2800 2375 istas
2843 2330 3023 2375 meas
3056 2327 3276 2375 voces:
3315 2306 3430 2374 sed
3465 2308 3730 2375 substiti
3764 2310 3964 2375 etiam
4000 2316 4145 2390 [pag.
4171 2318 4275 2390 46]
4318 2312 4591 2395 paulum

2638 2395 2711 2460 in
2752 2395 2896 2478 ipsa
2939 2393 3264 2461 scribendi
3306 2393 3719 2478 cogitatione,
3767 2403 3836 2460 et
3876 2416 4117 2479 parum
4158 2398 4381 2477 abfuit,
4430 2401 4590 2483 quin

2638 2481 2984 2547 consilium
3027 2501 3295 2565 prorsus
3329 2480 3705 2546 abiicerem:
3753 2482 3927 2565 quod
3961 2482 4133 2549 inter
4167 2505 4401 2551 suaves
4446 2486 4590 2554 illas

2639 2564 2955 2633 Sirenum
2980 2566 3311 2632 cantiones
3344 2566 3553 2631 ullum
3592 2568 3772 2633 sanis
3796 2564 3847 2651 ¹)
3883 2569 4169 2635 consiliis
4188 2569 4408 2636 locum
4431 2571 4586 2649 fore,

2639 2650 2963 2719 confidere
2997 2652 3113 2718 vix
3153 2652 3488 2718 audebam.
3537 2652 3898 2718 Enimvero
3920 2675 4122 2737 quum
4149 2676 4410 2722 mecum
4445 2680 4588 2723 rur·

2640 2760 2786 2803 sum
2841 2748 3242 2820 reputarem,
3311 2744 3587 2821 quantos
3654 2738 3725 2803 in
3779 2739 4076 2823 scopulos
4131 2742 4468 2807 incautum
4525 2754 4587 2810 te

2639 2823 2836 2907 paulo
2880 2821 3027 2906 post
3069 2823 3364 2888 illisurae
3400 2834 3619 2889 8888111
3654 2822 3780 2890 1188
3815 2826 4014 2908 ipsae,
4051 2846 4216 2910 quae
4252 2850 4431 2894 nunc
4465 2829 4585 2895 tibi

2640 2910 2930 2975 suaviter
2964 2908 3257 2975 arrident
3273 2909 3645 2975 illecebrae:
3682 2908 3807 2976 hoc
3843 2930 3949 2975 me
3973 2912 4298 2980 amicitiae
4324 2923 4586 2980 nostrae

2639 2997 2876 3075 veteri,
2934 2997 3389 3079 fraternaeque
3443 3016 3651 3079 paene
3705 2998 4144 3065 coniunctioni
4201 3003 4432 3083 putavi
4476 3000 4586 3066 de-

2637 3081 2810 3161 bere,
2854 3102 2940 3146 ne
2982 3083 3053 3146 in
3097 3081 3430 3146 exitialem
3472 3082 3734 3148 ruinam
3783 3083 3940 3148 ferri
3997 3093 4061 3150 te
4104 3087 4315 3151 sciens
4371 3108 4448 3154 88
4489 3088 4586 3155 vi-

2640 3167 2821 3246 dens,
2864 3187 3069 3249 quum
3111 3168 3567 3252 praecipitanti
3617 3188 3890 3234 manum
3935 3169 4089 3236 dare
4130 3170 4349 3251 liceat,
4396 3171 4587 3240 dissi-

2639 3253 2900 3318 mulem.
2978 3253 3129 3318 Non
3173 3252 3593 3319 dissimulabo
3639 3255 3871 3337 igitur,
3917 3264 3986 3320 81
4027 3265 4398 3323 extremum
4443 3258 4583 3338 hoc,

2640 3337 2814 3422 quod
2860 3360 2900 3403 a
2942 3359 3049 3404 me
3091 3338 3311 3405 deberi
3340 3340 3640 3405 existimo
3671 3340 4141 3406 necessitudini
4185 3355 4465 3423 nostrae,
4491 3345 4584 3410 of-

2640 3425 2861 3491 ficium
2883 3424 3271 3508 persolvam.
3352 3425 3558 3491 Ouius
3591 3425 3649 3492 si
3681 3426 3933 3492 fructus
3968 3427 4202 3511 aliquis
4237 3430 4580 3510 exstiterit,

2639 3510 2900 3593 qualem
2921 3532 3255 3595 emergere
3284 3519 3352 3576 81
3374 3511 3798 3576 vehementer
3821 3512 4008 3596 cupio
4034 3523 4102 3578 et
4134 3513 4416 3580 libenter
4438 3537 4471 3580 s

2639 3613 2799 3676 rem,
2824 3618 3135 3681 magnam
3156 3597 3364 3663 labori
3396 3616 3543 3661 meo
3581 3598 3863 3682 gratiam
3897 3600 4036 3682 ipse
4069 3599 4392 3667 retuleris.
4463 3537 4583 3668 gg

2639 3683 2875 3762 minus,
2922 3704 3136 3767 neque
3178 3682 3271 3748 sic
3315 3689 3538 3748 tamen
3582 3703 3815 3766 operae
3857 3684 4244 3767 poenitebit:
4301 3708 4470 3770 quae
4512 3697 4585 3753 ut

2640 3768 2759 3832 tibi
2804 3768 2891 3832 sit
2933 3776 3001 3834 81
3042 3768 3188 3834 81118
3231 3766 3635 3852 quibusdam,
3682 3769 3791 3835 vel
3835 3770 4034 3834 etiam
4077 3778 4362 3851 centum,
4405 3774 4462 3839 si
4505 3773 4585 3838 li-

2640 3853 2769 3933 bet,
2814 3875 2889 3920 88
2924 3854 3103 3919 1111118
3137 3853 3483 3920 lectoribus
3518 3855 3938 3933 infructuosa,
3975 3857 4325 3923 nonnullos
4360 3867 4586 3925 tamen

2639 3941 2778 4005 fore
2819 3940 3016 4024 plane
3059 3939 3313 4006 confido
3331 3992 3346 4019 ,
3393 3941 3503 4025 qui
3547 3939 3631 4006 ad
3673 3960 3810 4005 rem
3856 3962 4066 4026 usque
4107 3941 4267 4008 adeo
4323 3944 4583 4022 seriam,

2640 4026 2847 4092 animi
2887 4026 3323 4092 intentionem
3357 4027 3625 4110 propius
3659 4026 4123 4093 admovebant.
4189 4026 4386 4109 Quan
4430 4051 4588 4096 uam

2639 4112 2817 4177 enim
2862 4113 2975 4196 qui
3032 4133 3115 4177 ex
3159 4112 3271 4178 illo
3333 4132 3639 4178 romanae
3681 4132 3948 4178 mensae
3992 4113 4193 4180 calice
4236 4136 4417 4183 seme
4479 4117 4589 4183 vel

2639 4198 3006 4266 hauserunt
3047 4199 3154 4264 vel
3196 4198 3535 4264 minimam
3582 4207 3837 4283 guttam
3889 4198 4276 4290 delibarunt,
4319 4221 4431 4266 888
4475 4224 4590 4268 ve-

2639 4286 2849 4351 nefica
2890 4284 3003 4348 illa
3057 4286 3320 4368 potione
3362 4285 3573 4350 ebrios
3625 4284 3761 4349 fere
3805 4305 4030 4351 omnes
4073 4284 4400 4353 videmus:
4459 4289 4590 4354 nisi

2641 4378 2864 4436 tamen
2919 4370 3344 4436 vehementer
3400 4369 3589 4436 fallor
3640 4391 3770 4434 non
3828 4371 3920 4435 sic
3973 4391 4200 4437 omnes
4243 4372 4437 4439 obstu
4484 4395 4591 4440 ue-

2644 4465 2830 4535 runt,
2895 4464 2971 4521 ut
3023 4477 3154 4521 non
3209 4458 3461 4540 possint
3512 4477 3685 4519 unus
3743 4462 3810 4520 et
3863 4456 4030 4521 alter
4093 4457 4257 4523 meis
4324 4479 4446 4525 8811
4475 4461 4587 4539 818,

2686 4543 2879 4608 uibus
2937 4540 3043 4609 hic
3099 4563 3327 4608 eorum
3383 4540 3816 4605 somnolentia
3874 4549 4233 4641 pungetur,
4292 4545 4589 4610 excitari.
4661 4595 4672 4600 -

2644 4564 3091 4708 Quamobrem
3144 4628 3315 4694 hanc
3369 4625 3711 4709 epistolam
3768 4626 3860 4691 sic
3925 4628 4044 4693 tibi
4098 4625 4453 4710 destinavi,
4513 4641 4592 4695 ut

2641 4715 2751 4796 qui
2794 4714 2865 4779 in
2900 4711 3128 4780 eadem
3171 4714 3278 4797 (ut
3311 4710 3573 4791 dicitur)
3611 4719 3831 4777 mcum
3866 4714 4019 4779 navi
4057 4714 4411 4794 vehuntur,
4447 4737 4592 4781 om·—

2642 4820 2761 4864 nes
2804 4800 2926 4866 sibi
2953 4800 3264 4882 scriptam
3300 4796 3509 4862 intelli
3647 4807 3692 4862 t.
3760 4797 3933 4863 Nam
3961 4821 4170 4883 neque
4204 4800 4276 4864 111
4312 4821 4447 4866 11118
4485 4822 4594 4868 88·

2642 4883 2911 4951 cerdotii
2954 4905 3191 4969 genere
3234 4889 3487 4948 tractan
3538 4901 3575 4945 o
3619 4882 3821 4967 (quod
3863 4884 3983 4950 tibi
4020 4886 4179 4952 satis
4221 4887 4395 4970 erat)
4443 4907 4598 4954 eam

2640 4990 3040 5047 consumere,
3085 4969 3199 5034 sed
3237 4988 3356 5053 per
3399 4969 3772 5035 universam
3817 4979 4186 5038 vestrarum
4221 4993 4422 5055 opum
4462 4973 4600 5039 col-

2781 5242 2838 5310 1)
2877 5241 3025 5297 Edd.
3067 5240 3406 5296 1552-1611
3445 5243 3612 5298 male-
3657 5246 3805 5302 satis.
3882 5243 4076 5299 Gallus
4110 5245 4332 5301 soram:
4371 5248 4600 5302 88111818.

3547 5341 3598 5380 x
