4984 5975
423 246 430 277 l

321 534 447 612 dat,
497 518 980 615 praetermittit,
1024 531 1352 617 indulget,
1399 530 1482 596 ad
1526 552 1691 615 opus
1734 530 1983 597 illectat
2023 531 2237 615 magis

319 640 491 703 quam
544 618 734 701 cogit.
824 615 1264 698 Quamobrem
1318 618 1562 683 Petrus
1617 619 1688 682 in
1744 636 1863 681 sua
1906 618 2235 694 canonica,

321 725 439 769 1166
469 702 612 768 vult
645 702 940 768 dominos
975 723 1118 769 esse
1153 702 1466 787 dyscolos,
1512 703 1636 769 hoc
1681 709 1783 769 est
1825 722 2132 782 morosos,
2171 710 2241 767 et

318 790 501 856 servis
541 788 855 855 difficiles.
884 789 933 874 ¹)

472 874 634 956 Quid
679 876 844 939 enim
896 874 1386 959 memorabilius]
1455 875 1610 940 Alia
1657 876 1821 939 r'atio
1882 872 2237 956 amplifica-

316 961 505 1026 tionis.
563 960 908 1045 Imperant
940 961 1117 1059 leges
1149 961 1426 1044 privatis
1460 959 1850 1026 hominibus.
1916 956 2238 1025 Statuunt

316 1045 471 1130 leges
511 1044 669 1128 quid
712 1047 946 1111 marito
981 1046 1175 1111 hceat
1209 1048 1278 1110 in
1313 1067 1606 1125 uxorem,
1655 1045 1809 1128 quid
1889 1045 2014 1110 atri
2049 1046 2121 1109 in
2155 1044 2235 1109 li-

317 1130 493 1210 beros,
529 1131 686 1215 quid
715 1130 978 1196 domino
1010 1132 1082 1196 in
1117 1153 1355 1198 servos.
1418 1131 1495 1198 Si
1517 1139 1820 1215 transgre
1865 1131 2018 1209 itur,
2053 1150 2237 1212 prae-

318 1226 605 1282 sentanea
658 1227 760 1283 est
813 1217 992 1282 ultio.
1081 1216 1448 1283 Prohibent
1492 1217 1697 1301 leges,
1749 1210 1846 1281 ‘ne
1901 1217 2061 1282 civis
2104 1216 2233 1282 civi

318 1301 604 1368 damnum
643 1302 768 1368 det.
859 1301 1052 1384 Quod
1093 1304 1146 1368 si
1189 1303 1348 1369 civis
1393 1314 1619 1369 contra
1661 1304 1874 1369 civem
1913 1301 2075 1368 velit
2117 1322 2233 1366 ex-

317 1389 475 1470 sequi
516 1389 765 1454 rabiem
810 1397 879 1453 et
920 1390 1279 1467 saevitiam,
1325 1410 1457 1453 non
1500 1389 1754 1473 poterit,
1799 1410 1882 1452 ne
1919 1409 2067 1453 cum
2104 1386 2233 1451 dis-

316 1474 560 1539 crimine
618 1474 880 1557 quidem
936 1476 1166 1623 capxirtis
1220 1486 1287 1540 et
1339 1476 1768 1539 fortunarum.
1859 1472 2011 1539 Alia
2052 1472 2234 1555 prin-

318 1559 455 1641 cipis
508 1569 609 1626 est
659 1560 937 1627 licentia.
1095 1561 1249 1626 erba
1308 1582 1379 1625 re
1428 1561 1482 1625 's
1535 1567 1690 1625 sunt
1729 1559 2020 1641 imperia.
2109 1560 2234 1622 At-

318 1664 446 1727 que,
502 1654 580 1709 ut
632 1647 726 1710 ait
766 1645 1098 1711 Homerus
1140 1647 1211 1710 in
1250 1667 1375 1729 quo
1421 1667 1528 1710 am
1573 1646 1847 1730 hymno,
1896 1642 2050 1727 ᾰμφ’
2095 1645 2236 1717 ἔπος

316 1752 369 1791 τε
397 1735 486 1792 καὶ
520 1734 705 1817 ἔργον.
794 1730 1053 1797 Deinde
1101 1752 1261 1814 opus
1311 1753 1504 1797 suum
1552 1730 1856 1796 omnibus
1900 1728 2232 1814 approbat,

319 1836 524 1899 nempe
546 1817 968 1883 laudantibus
990 1817 1163 1899 quod
1198 1818 1522 1901 corrigere
1557 1838 1689 1881 non
1724 1824 2016 1900 possunt.
2084 1815 2237 1880 Non

319 1911 450 1965 sunt
483 1902 748 1981 tribuni,
794 1903 904 1984 qui
948 1903 1389 1981 intercedant;
1433 1923 1567 1967 non
1612 1913 1713 1967 est
1754 1902 2076 1984 superior,
2123 1900 2238 1982 qui

318 1988 675 2069 appelletur.
760 1987 830 2054 Is
872 1989 1078 2073 igitur
1119 1989 1224 2054 cui
1280 1988 1573 2053 omnium
1617 2008 1938 2054 consensu
1982 2005 2238 2051 summa

318 2093 513 2137 rerum
566 2075 659 2139 sic
716 2082 816 2138 cst
872 2073 1114 2151 delata,
1172 2072 1408 2157 quibus
1463 2073 1767 2139 laudibus
1833 2093 1948 2154 pro
2001 2071 2234 2136 merito

317 2159 658 2238 extolletur,
696 2161 768 2223 si.
803 2159 924 2224 sibi
970 2160 1109 2242 ipse
1151 2160 1653 2242 temperantiam
1694 2158 2132 2241 imperaverit,
2178 2156 2235 2220 si

317 2244 737 2310 intercesserit
767 2245 909 2323 sibi,
953 2245 1010 2315 si
1046 2245 1129 2310 ad
1175 2267 1246 2310 se
1286 2247 1522 2328 ipsum,
1568 2244 1682 2309 sed
1726 2243 2234 2321 clementiorem,

318 2329 780 2409 provocaverit?

469 2416 663 2480 Nemo
700 2417 1198 2498 interroyaturus
1239 2414 1355 2503 est]
1409 2415 1616 2479 Verbi
1675 2415 1869 2479 huius
1915 2413 2238 2496 elegantia

318 2521 431 2565 non
481 2514 579 2566 est
636 2501 941 2584 vulgaris.
1041 2501 1326 2566 Ponitur
1390 2502 1568 2566 enim
1623 2521 1738 2583 pro
1805 2514 2108 2565 accusare
2173 2510 2239 2563 et

317 2587 621 2666 postulare
665 2585 839 2671 apud
882 2587 1181 2652 iudicem.
1254 2585 1480 2668 Quare
1523 2586 1780 2668 saepius
1818 2584 2053 2651 dicitur
2087 2605 2234 2650 cum

318 2671 541 2738 adiecto
580 2672 839 2757 legibus
882 2673 1306 2756 interrogare.
1396 2671 1623 2738 Cicero
1665 2692 1784 2754 pro
1828 2670 2043 2736 Domo
2088 2690 2235 2735 sua:

318 2754 464 2837 Quis
502 2779 608 2823 me
648 2778 933 2841 unquam
969 2759 1105 2822 ulla
1138 2759 1281 2843 lege
1315 2756 1788 2842 interrogavit?
1833 2758 1978 2839 quis
2013 2764 2238 2839 postu-

319 2840 499 2907 lavit?
551 2844 698 2927 quis
758 2844 928 2909 diem
989 2844 1196 2908 dixit?
1288 2843 1617 2909 Salustius
1673 2844 1744 2907 in
1790 2841 2102 2907 Catilina:
2158 2840 2234 2906 P.

319 2928 733 3013 11611-6611162)
791 2941 856 2995 et
899 2930 976 2996 P.
1025 2928 1212 3017 Sylla
1265 2930 1587 3015 designati
1642 2927 1941 2996 consules
1983 2927 2238 3012 legibus

320 3017 575 3081 ambitus
639 3017 1053 3100 interrogati,
1124 3037 1369 3100 poenas
1443 3016 1773 3081 dederant.
1881 3015 2082 3079 Item:
2148 3015 2242 3078 Et

320 3099 441 3182 ipoe
500 3102 760 3166 Plautia
811 3102 954 3185 lege
1006 3101 1451 3185 interrogatus
1517 3113 1657 3165 erat
1723 3103 1804 3168 ab
1870 3101 1950 3166 L.
2005 3098 2234 3165 Paulo,

319 3184 532 3252 Livius
574 3187 739 3253 libro
783 3188 1111 3252 tricesimo
1155 3197 1408 3254 octavo:
1467 3187 1605 3252 Alii
1657 3188 1988 3252 neminem
2030 3207 2237 3250 unum

320 3283 552 3342 tantum
609 3273 893 3338 eminere
950 3275 1158 3339 civem
1214 3273 1479 3348 debere,
1537 3282 1612 3337 ut
1663 3273 1918 3357 legibus
1957 3272 2235 3337 interro·

321 3357 448 3438 gari
497 3380 625 3422 non
678 3359 899 3441 possit.
989 3360 1253 3424 Tacitus
1305 3358 1413 3424 lib.
1461 3357 1690 3423 XIII:
1751 3356 1928 3423 Sane
1971 3357 2235 3440 pepige-

321 3451 411 3506 rat
457 3443 701 3521 Pallas,
757 3465 840 3508 ne
896 3446 1278 3527 cuiusquam
1334 3444 1490 3509 facti
1543 3445 1613 3509 in
1661 3445 2089 3527 praeteritum
2133 3443 2235 3505 in-

321 3535 753 3612 terrogaretur.
839 3531 934 3594 Et
975 3530 1084 3595 lib.
1131 3530 1353 3595 XIV:
1402 3531 1776 3594 Damnatus
1808 3528 2041 3594 iisdem
2084 3548 2236 3593 con-

323 3612 541 3680 sulibus
583 3616 977 3697 Tarquinius
993 3617 1051 3701 ⁸)
1107 3617 1376 3681 Priscus
1421 3615 1950 3698 repetundarum,
1995 3613 2236 3696 Bithy-

322 3698 410 3763 nis
444 3700 1004 3784 interrogantibus.
1078 3702 1307 3768 Cicero
1349 3701 1537 3767 offic.
1575 3700 1627 3765 1.
1677 3700 1844 3765 dixit
1887 3698 2234 3782 appellare,
2321 3751 2328 3758 .

323 3792 380 3846 et
414 3785 771 3871 Philippica
811 3787 901 3851 11.
950 3787 1348 3870 appellatum
1393 3785 1472 3850 de
1515 3786 1806 3868 pecunia.

323 3965 417 4018 ms
453 3870 691 4021 isspsum
731 3872 854 3936 sibi
903 3893 1163 3938 manum
1214 3870 1491 3958 iniicere]
1550 3872 1628 3937 Id
1683 3884 1783 3936 est
1834 3892 1985 3936 suos
2042 3871 2236 3935 aflec-

324 4059 474 4106 nere.

654 3965 956 4023 testatem
1014 3958 1337 4043 redigere,
1396 3965 1463 4021 et
1504 3958 1682 4022 intra
1727 3956 1990 4021 modum
2032 3957 2236 4022 conti-

604 4043 873 4127 ergilius
918 4043 1244 4109 Aeneidos
1285 4044 1410 4108 X.:

837 4146 1075 4200 Iniecere
1111 4163 1324 4201 manum
1358 4146 1580 4200 Parcae.

323 4226 666 4296 Traxerunt
705 4230 996 4297 debitum
1040 4232 1162 4297 sibi
1178 4284 1192 4308 ‚
1237 4233 1452 4316 inquit
1494 4229 1786 4310 Servius,
1832 4239 1898 4295 et
1940 4251 2238 4298 sermone

322 4333 459 4381 usus
506 4325 603 4382 est
655 4317 836 4383 iuris.
939 4317 1111 4383 Nam
1164 4339 1402 4382 manus
1460 4317 1720 4382 iniectio
1764 4316 2033 4396 dicitur,
2079 4337 2238 4400 quo·

323 4399 428 4466 ties
474 4402 651 4467 nulla
702 4402 937 4470 iudicis
993 4405 1346 4469 autoritate
1401 4410 1807 4486 exspectata,
1866 4422 2004 4466 rem
2049 4402 2238 4468 nobis

322 4483 578 4553 debitam
621 4488 1045 4555 vindicamus.
1136 4489 1330 4555 Hanc
1373 4487 1588 4554 Servii
1633 4488 2237 4569 interpretationem

321 4573 668 4655 comprobat
705 4595 970 4639 carmen
1015 4573 1243 4640 Ovidii
1285 4574 1669 4658 Elegiarum
1709 4574 1795 4637 I.:

597 4675 674 4729 Et
707 4677 896 4744 dicam,
932 4693 1052 4731 mea
1088 4684 1236 4731 sunt:
1274 4677 1604 4744 iniiciamque
1639 4691 1846 4729 manus.
1905 4743 1914 4753 ι

327 4763 382 4820 et
415 4757 566 4827 libro
605 4762 915 4829 secundo:

443 4980 496 5047 1)
553 4984 778 5038 Videtur
823 4985 1085 5052 respicere
1129 4983 1206 5038 ad
1254 4982 1455 5052 Ephes.
1515 4984 1607 5038 VI.
1657 4983 1692 5036 9
1737 4990 1833 5038 aut
1888 4980 1998 5038 Col.
2045 4980 2085 5036 1
2095 4984 2152 5037 V.
2191 4983 2239 5054 1.-

326 5044 458 5103 Nam
488 5052 639 5119 apud
675 5052 894 5107 Petrum
939 5052 1072 5108 haee
1103 5069 1216 5107 non
1259 5052 1526 5121 lequntur.
1613 5051 1807 5107 Verum
1841 5068 1940 5107 nec
1974 5048 2239 5109 δύσκολος

320 5117 581 5182 mulinum
616 5126 708 5175 est.
783 5119 1058 5175 Caeterum
1103 5120 1255 5175 vides
1299 5136 1417 5174 eum
1464 5120 1531 5174 de
1569 5120 1724 5176 Petri
1754 5122 2022 5176 canonica
2059 5120 2240 5176 dicere

457 5189 470 5203 ’
497 5190 680 5244 mea.
933 5188 996 5253 2)
1036 5187 1130 5245 sie
1163 5204 1344 5243 omnes
1443 5194 1590 5243 aeter
1623 5190 1794 5244 Amet.
1827 5190 1928 5245 uba·
1957 5189 2240 5245 Antonius.

356 5256 378 5317 )
409 5256 570 5325 dpu’d
613 5257 856 5312 Tacitum
890 5258 1051 5313 hodie
1083 5258 1310 5313 λοῦσέν·
1392 5259 1667 5326 arquitius.

323 349 392 412 53
1848 343 2139 431 LIBER
2182 344 2236 409 L
2310 343 2615 412 oAPu'r
2657 344 2739 410 V.
3994 380 4003 393 -
4217 352 4299 412 54

2652 533 2891 588 Iniiciam
2925 533 3169 589 dominas
3202 534 3259 588 in
3292 549 3413 589 mea
3447 535 3566 589 iura
3600 551 3808 591 manus.

2346 619 2725 685 Gulielmus
2768 618 3098 699 Budaeus,
3143 620 3431 703 primum
3475 621 3571 685 rei
3621 620 3947 686 literariae
3988 622 4185 689 decus
4228 633 4299 690 et

2344 704 2675 784 columen,
2732 705 2917 771 cuius
2969 706 3284 773 beneficio
3330 705 3620 788 palmam
3672 707 4058 772 eruditionis
4102 709 4294 776 hodie

2344 791 2468 856 sibi
2523 790 2831 856 vendicat
2894 800 3118 856 nostra
3171 791 3421 871 Gallia,
3490 790 3839 876 diligenter
3908 800 3976 858 et
4043 796 4293 878 copiose

2344 877 2630 959 explicat
2664 876 2861 942 huius
2896 876 3289 959 loquutionis
3322 878 3802 960 proprietatem.
3860 876 3996 944 Sed
4031 879 4292 962 quando

2341 961 2525 1026 addit
2600 963 2989 1028 recentiores
3068 962 3250 1029 nullo
3326 963 3591 1047 antiquo
3667 964 3965 1046 exemplo
4027 967 4293 1032 iniicere

2340 1069 2612 1112 manum
2663 1068 2981 1131 usurpare
3038 1053 3187 1126 [pag.
3225 1052 3337 1128 43]
3392 1069 3512 1131 pro
3557 1070 3632 1114 eo
3676 1049 3846 1131 quod
3890 1049 4089 1115 latine
4133 1051 4287 1117 dici-

2338 1138 2452 1197 tur
2504 1134 2738 1198 afferre
2793 1133 2899 1198 vel
2953 1133 3196 1199 inferre
3249 1155 3514 1215 manus,
3578 1133 3646 1198 id
3700 1155 3855 1199 vero
3912 1156 3996 1200 an
4061 1157 4291 1220 perpe-

2339 1225 2531 1283 tuum
2588 1220 2676 1283 sit
2689 1269 2705 1297 ,
2763 1218 2873 1284 alii
2931 1218 3237 1296 viderint.
3334 1220 3481 1304 Ego
3534 1220 3704 1303 apud
3747 1220 4100 1285 Horatium
4140 1223 4291 1287 inii-

2339 1325 2485 1369 cere
2530 1324 2767 1369 manus
2811 1305 3208 1397 interpretor
3248 1305 3509 1370 inferre.
3599 1304 3886 1371 Carmen
3931 1314 4060 1372 est:

3156 1424 3239 1479 Ne
3276 1425 3418 1479 male
3457 1425 3659 1494 dispari

2821 1492 3224 1547 Incontinentes
3258 1495 3458 1548 inficiat
3490 1510 3695 1562 manus,

2817 1561 2893 1615 Et
2927 1561 3137 1615 scindat
3170 1562 3482 1617 haerentem
3519 1579 3774 1618 coronam

2820 1629 3060 1683 Crinibus
3096 1631 3516 1709 immeritamque
3550 1638 3774 1686 vestem.

2338 1730 2510 1795 Item
2554 1731 2727 1814 apud
2768 1731 3074 1798 Curtium
3130 1732 3240 1798 lib.
3287 1733 3407 1798 X.:
3462 1734 3614 1798 Non
3657 1744 4002 1801 contentus
4043 1737 4289 1820 suppli-

2339 1817 2436 1882 cio
2478 1817 2756 1883 insontis
2800 1817 3020 1900 spado,
3065 1819 3203 1900 ipse
3245 1819 3564 1884 morituro
3608 1841 3874 1885 manum
3919 1822 4157 1887 iniecit.

2522 1919 2807 1986 Occidere
2844 1926 3055 1986 contra
3100 1919 3314 2008 leyem]
3385 1919 3589 1987 Salva
3631 1944 3736 1988 res
3780 1930 3896 2002 est,
3943 1925 4054 1989 ubi
4089 1925 4288 1989 semel

2341 2004 2506 2071 haec
2550 2006 2856 2089 cogitatio
2898 2006 3098 2071 subiit
3152 2007 3537 2072 memoriam
3581 2009 3910 2091 principis.
3984 2009 4148 2075 -Hoc
4191 2018 4291 2075 est

2342 2092 2513 2155 enim
2573 2092 2746 2173 quod
2803 2091 3017 2175 perdit
3057 2105 3401 2176 tyrannos,
3458 2114 3659 2175 quum
3701 2094 4041 2162 licentiosa
4085 2095 4288 2161 domi-

2340 2177 2604 2241 natione
2632 2179 2680 2261 ι)
2737 2177 3027 2242 eximere
3081 2198 3150 2243 se
3204 2178 3434 2243 turbae
3489 2179 3732 2244 volunt.
3835 2178 3947 2246 Sic
4000 2181 4289 2265 loquitur

2343 2264 2591 2327 Atreus
2637 2262 2814 2346 apud
2857 2262 3202 2328 Senecam:

2856 2382 3055 2451 Pietas,
3093 2383 3429 2451 sanctitas,²)
3468 2382 3604 2437 fides

2618 2450 2836 2505 Privata
2871 2452 3013 2505 bona
3048 2458 3197 2505 sunt:
3234 2467 3340 2518 qua
3373 2453 3536 2520 iuvat,
3573 2468 3728 2519 reges
3766 2461 3908 2506 eant.

2342 2550 2606 2633 Quanto
2660 2553 2824 2618 illud
2866 2553 3143 2619 melius?
3202 2553 3517 2620 Occidere
3560 2556 4041 2634 immerentem,
4086 2555 4286 2621 latro·

2340 2660 2503 2704 num
2550 2645 2616 2702 et
2656 2648 3097 2723 grassatorum
3142 2639 3286 2705 laus
3330 2649 3446 2706 est.
3530 2641 3805 2723 Eripere
3850 2640 4049 2707 vitam
4097 2662 4287 2707 nemo

2339 2746 2472 2789 non
2519 2724 2765 2789 homini
2810 2732 3040 2808 potest,
3086 2726 3291 2791 vitam
3336 2727 3641 2806 tribuere,
3689 2728 3946 2811 regium
3986 2734 4102 2792 est.

2516 2809 2821 2893 Maynam
2850 2808 3209 2898 fortunam]
3257 2810 3460 2876 Aliud
3493 2820 3595 2877 est
3623 2820 4081 2895 argumentum
4114 2813 4285 2878 eius-

2343 2896 2491 2960 dem
2532 2896 2833 2973 rationis,
2880 2896 3050 2980 quod
3094 2897 3186 2962 sic
3228 2897 3300 2961 in
3340 2897 3617 2963 formam
3662 2897 4024 2981 syllogismi
4068 2898 4287 2983 colligi

2339 2989 2569 3065 potest.
2660 2982 2907 3067 Magna
2949 2982 3211 3047 fortuna
3251 3005 3567 3068 magnum
3612 2985 3904 3049 animum
3944 2983 4285 3070 desiderat.

2341 3069 2630 3152 Magnus
2684 3070 2942 3134 animus
2999 3077 3099 3134 est
3150 3068 3444 3153 placidus
3501 3078 3568 3136 et
3616 3069 4025 3148 moderatus,
4070 3078 4138 3136 et
4176 3073 4288 3155 qui

2342 3154 2425 3218 ad
2481 3154 2840 3237 quamlibet
2902 3155 3326 3220 offensionem
3386 3156 3465 3221 de
3520 3155 3729 3240 gradu
3780 3177 3911 3221 non
3967 3154 4284 3224 deiicitur.

2341 3241 2523 3323 Ergo
2563 3241 2883 3323 princeps,
2932 3247 3006 3304 ut
3045 3260 3391 3322 personam
3437 3242 3751 3324 principis
3795 3243 4131 3323 sustineat,
4177 3241 4288 3308 de-

2340 3325 2451 3390 bet
2509 3326 2832 3390 inoffensa
2897 3326 3100 3390 animi
3164 3327 3489 3409 aequitate
3544 3326 3933 3392 offensiones
4000 3337 4288 3393 contem-

2342 3432 2497 3476 nere
2539 3421 2608 3475 et
2649 3411 2945 3476 iniurias.
3034 3410 3166 3477 Hic
3218 3432 3352 3475 non
3396 3412 3750 3477 admodum
3791 3412 4013 3478 laboro
4053 3423 4131 3477 ut
4169 3434 4289 3496 per

2341 3497 2563 3562 omnia
2606 3497 2893 3561 serviam
2933 3496 3186 3579 legibus
3230 3495 3744 3578 dialecticorum,
3789 3497 3978 3563 modo
4023 3519 4287 3563 sensum

2341 3582 2624 3647 fideliter
2667 3603 2991 3666 assequar.

2514 3683 2821 3768 Maqnam
2860 3683 3208 3771 fortunam]
3272 3685 3421 3750 Non
3466 3693 3725 3750 tantum
3769 3685 3918 3766 quia
3962 3683 4285 3751 secundae

2341 3792 2464 3847 res,
2524 3779 2597 3834 ut
2640 3771 2730 3834 ait
2772 3769 2964 3849 Cato,
3022 3791 3062 3835 a
3103 3777 3280 3836 recte
3334 3770 3729 3837 consulendo
3788 3778 3983 3850 atque
4040 3769 4286 3835 intelli·

2342 3856 2557 3939 gendo
2600 3863 3054 3920 transvorsum
3098 3855 3363 3921 trudere
3405 3856 3615 3922 solent
3666 3855 3996 3920 hominem
4038 3854 4289 3920 laetitia

2341 3940 2786 4006 exsultantem
2857 3947 2924 4005 et
3002 3942 3449 4007 ferocientem:
3543 3940 3657 4007 sed
3732 3938 3903 4023 quod
3978 3940 4286 4023 plerique,

2341 4028 2548 4091 animi
2602 4027 2964 4093 abiectioris
2979 4079 2994 4106 ,
3052 4026 3134 4092 ad
3189 4026 3411 4092 sordes
3455 4028 3593 4091 nati
3608 4078 3624 4104 ,
3680 4025 4007 4090 illustrem
4061 4047 4288 4112 gerere

2342 4133 2693 4196 personam
2751 4133 2884 4178 non
2937 4123 3231 4196 possunt.
3333 4111 3788 4178 Succumbunt
3853 4112 4029 4176 enim
4082 4113 4284 4192 oneri,

2342 4209 2410 4264 et
2461 4219 2583 4264 suo
2638 4197 2981 4282 splendore
3032 4200 3623 4282 praestringuntur.
3715 4195 3828 4263 Sic
3885 4196 4153 4264 Curtius
4208 4197 4289 4263 de

2343 4283 2751 4350 Alexandro:
2812 4283 3121 4349 Nondum
3176 4284 3440 4348 fortuna
3495 4304 3562 4347 66
3607 4283 3747 4349 eius
3797 4282 4015 4347 animo
4059 4304 4287 4366 super-

2341 4369 2615 4434 fuderat.
2726 4369 2903 4436 Hinc
2966 4376 3034 4435 et
3088 4369 3202 4433 illa
3259 4375 3672 4434 emanarunt:
3750 4369 3890 4434 Nec
3956 4369 4288 4435 fortunam

2342 4456 2517 4539 capit
2553 4456 2693 4539 ipse
2736 4476 2939 4521 suam.
3031 4455 3226 4520 Item:

2618 4557 2692 4611 Ut
2725 4565 2784 4611 tu
2821 4556 3105 4626 fortunam,
3143 4558 3219 4610 sic
3255 4572 3355 4610 nos
3391 4562 3464 4623 te,
3502 4556 3675 4625 celse,
3711 4556 3962 4611 feremus.

2343 4658 2622 4727 Ovidius
2663 4659 2733 4724 in
2778 4659 3217 4727 consolatione
3261 4656 3344 4723 ad
3385 4658 3685 4724 Liviam:

2617 4779 2883 4848 Imposuit
2916 4786 2970 4832 te
3004 4779 3117 4832 alto
3153 4777 3386 4846 fortuna,
3421 4778 3597 4832 locum
3634 4795 3701 4833 ue
3736 4785 3922 4833 tenere

2718 4847 2881 4902 Iussit
2913 4848 3251 4914 honoratum,
3288 4846 3458 4912 Livia,
3496 4862 3564 4915 pe
3617 4861 3677 4900 er
3713 4862 3864 4901 onus.

2483 5120 2543 5189 1)
2581 5118 2730 5174 Ead.
2766 5119 3090 5175 renuntiares
3123 5119 3253 5174 inde
3284 5121 3355 5175 ab
3390 5135 3442 5175 a.
3480 5118 3643 5172 1611.-
3678 5119 4035 5174 damnatione.
4223 5116 4287 5182 2)

2345 5189 2422 5244 111
2454 5188 2785 5243 edium
2828 5186 3258 5256 heuveddorum
3292 5190 3579 5245 εον-ἄκων.-
3614 5187 3900 5254 Sanctitas,
3937 5189 4129 5256 pietas.
4195 5184 4295 5240 Sic

2345 5272 2556 5328 qaoque
2587 5256 2670 5311 ed.
2702 5256 2878 5311 Amet.
3811 5340 3879 5392 4*
3962 5313 3969 5324 ,
