<?xml version="1.0" encoding="UTF-8"?>
<!DOCTYPE html PUBLIC "-//W3C//DTD XHTML 1.0 Transitional//EN"
    "http://www.w3.org/TR/xhtml1/DTD/xhtml1-transitional.dtd">
<html xmlns="http://www.w3.org/1999/xhtml" xml:lang="en" lang="en">
 <head>
  <title>
</title>
<meta http-equiv="Content-Type" content="text/html;charset=utf-8" />
  <meta name='ocr-system' content='tesseract 3.04.00' />
  <meta name='ocr-capabilities' content='ocr_page ocr_carea ocr_par ocr_line ocrx_word'/>
</head>
<body>
  <div class='ocr_page' id='page_1' title='image "./ioanniscalvinio14unkngoog_0249.png"; bbox 0 0 4984 5975; ppageno 0'>
   <div class='ocr_carea' id='block_1_1' title="bbox 392 300 518 364">
    <p class='ocr_par' dir='ltr' id='par_1_1' title="bbox 392 300 518 364">
     <span class='ocr_line' id='line_1_1' title="bbox 392 300 518 364; baseline -0.016 0"><span class='ocrx_word' id='word_1_1' title='bbox 392 300 518 364; x_wconf 75' lang='lat'><strong><em>373</em></strong></span> 
     </span>
    </p>
   </div>
   <div class='ocr_carea' id='block_1_2' title="bbox 370 483 2335 4505">
    <p class='ocr_par' dir='ltr' id='par_1_2' title="bbox 370 483 2335 4505">
     <span class='ocr_line' id='line_1_2' title="bbox 384 483 2328 568; baseline 0 -19"><span class='ocrx_word' id='word_1_2' title='bbox 384 489 742 568; x_wconf 72' lang='lat' dir='ltr'><strong><em>yumentum</em></strong></span> <span class='ocrx_word' id='word_1_3' title='bbox 783 490 964 566; x_wconf 86' lang='lat' dir='ltr'><strong><em>atque</em></strong></span> <span class='ocrx_word' id='word_1_4' title='bbox 1004 485 1339 564; x_wconf 85' lang='lat' dir='ltr'><strong><em>indicium,</em></strong></span> <span class='ocrx_word' id='word_1_5' title='bbox 1397 483 1742 566; x_wconf 85' lang='lat' dir='ltr'><strong><em>Separatus</em></strong></span> <span class='ocrx_word' id='word_1_6' title='bbox 1796 502 1902 567; x_wconf 75' lang='lat' dir='ltr'><strong><em>eqo</em></strong></span> <span class='ocrx_word' id='word_1_7' title='bbox 1957 484 2029 548; x_wconf 89' lang='lat' dir='ltr'><strong><em>in</em></strong></span> <span class='ocrx_word' id='word_1_8' title='bbox 2073 504 2328 568; x_wconf 78' lang='lat' dir='ltr'><strong><em>evanqe-</em></strong></span> 
     </span>
     <span class='ocr_line' id='line_1_3' title="bbox 387 568 2331 652; baseline 0 -17"><span class='ocrx_word' id='word_1_9' title='bbox 387 570 550 635; x_wconf 76' lang='lat' dir='ltr'><strong><em>lium</em></strong></span> <span class='ocrx_word' id='word_1_10' title='bbox 588 569 741 650; x_wconf 88' lang='lat' dir='ltr'><strong><em>Dei,</em></strong></span> <span class='ocrx_word' id='word_1_11' title='bbox 790 571 1026 652; x_wconf 87' lang='lat' dir='ltr'><strong><em>inquit,</em></strong></span> <span class='ocrx_word' id='word_1_12' title='bbox 1082 571 1250 652; x_wconf 87' lang='lat' dir='ltr'><strong><em>quod</em></strong></span> <span class='ocrx_word' id='word_1_13' title='bbox 1288 571 1679 652; x_wconf 74' lang='lat' dir='ltr'><strong><em>promiserat</em></strong></span> <span class='ocrx_word' id='word_1_14' title='bbox 1722 590 1844 650; x_wconf 84' lang='lat' dir='ltr'><strong><em>per</em></strong></span> <span class='ocrx_word' id='word_1_15' title='bbox 1878 568 2219 652; x_wconf 75' lang='lat' dir='ltr'><strong><em>prophetas</em></strong></span> <span class='ocrx_word' id='word_1_16' title='bbox 2258 569 2331 635; x_wconf 88' lang='lat' dir='ltr'><strong><em>in</em></strong></span> 
     </span>
     <span class='ocr_line' id='line_1_4' title="bbox 387 655 2333 739; baseline -0.001 -17"><span class='ocrx_word' id='word_1_17' title='bbox 387 656 731 739; x_wconf 80' lang='lat' dir='ltr'><strong><em>scripturis</em></strong></span> <span class='ocrx_word' id='word_1_18' title='bbox 779 657 1012 722; x_wconf 88' lang='lat' dir='ltr'><strong><em>sanctis</em></strong></span> <span class='ocrx_word' id='word_1_19' title='bbox 1051 657 1127 722; x_wconf 91' lang='lat' dir='ltr'><strong><em>de</em></strong></span> <span class='ocrx_word' id='word_1_20' title='bbox 1175 656 1309 738; x_wconf 73' lang='lat' dir='ltr'><strong><em>filio</em></strong></span> <span class='ocrx_word' id='word_1_21' title='bbox 1363 676 1501 735; x_wconf 84' lang='lat' dir='ltr'><strong><em>suo,</em></strong></span> <span class='ocrx_word' id='word_1_22' title='bbox 1550 657 1753 739; x_wconf 82' lang='lat' dir='ltr'><strong><em>qenito</em></strong></span> <span class='ocrx_word' id='word_1_23' title='bbox 1807 655 2057 736; x_wconf 85' lang='lat' dir='ltr'><strong><em>quidem</em></strong></span> <span class='ocrx_word' id='word_1_24' title='bbox 2109 677 2186 720; x_wconf 71' lang='lat' dir='ltr'><strong><em>ea:</em></strong></span> <span class='ocrx_word' id='word_1_25' title='bbox 2240 675 2333 721; x_wconf 89' lang='lat' dir='ltr'><strong><em>se-</em></strong></span> 
     </span>
     <span class='ocr_line' id='line_1_5' title="bbox 388 741 2330 821; baseline -0.001 -14"><span class='ocrx_word' id='word_1_26' title='bbox 388 743 558 808; x_wconf 84' lang='lat' dir='ltr'><strong><em>mine</em></strong></span> <span class='ocrx_word' id='word_1_27' title='bbox 600 747 745 820; x_wconf 81' lang='lat' dir='ltr'><strong><em>[pag.</em></strong></span> <span class='ocrx_word' id='word_1_28' title='bbox 792 747 898 821; x_wconf 84' lang='lat'><strong><em>10]</em></strong></span> <span class='ocrx_word' id='word_1_29' title='bbox 937 741 1180 820; x_wconf 85' lang='lat' dir='ltr'><strong><em>David,</em></strong></span> <span class='ocrx_word' id='word_1_30' title='bbox 1226 743 1569 807; x_wconf 87' lang='lat' dir='ltr'><strong><em>secundum</em></strong></span> <span class='ocrx_word' id='word_1_31' title='bbox 1608 761 1881 819; x_wconf 69' lang='lat' dir='ltr'><strong><em>cernent,</em></strong></span> <span class='ocrx_word' id='word_1_32' title='bbox 1934 742 2330 806; x_wconf 63' lang='lat' dir='ltr'><strong><em>determinato</em></strong></span> 
     </span>
     <span class='ocr_line' id='line_1_6' title="bbox 387 826 2331 911; baseline -0.002 -18"><span class='ocrx_word' id='word_1_33' title='bbox 387 833 599 893; x_wconf 89' lang='lat' dir='ltr'><strong><em>autem</em></strong></span> <span class='ocrx_word' id='word_1_34' title='bbox 639 833 697 891; x_wconf 90' lang='lat' dir='ltr'><strong><em>et</em></strong></span> <span class='ocrx_word' id='word_1_35' title='bbox 736 827 1042 894; x_wconf 88' lang='lat' dir='ltr'><strong><em>declarato</em></strong></span> <span class='ocrx_word' id='word_1_36' title='bbox 1086 826 1223 908; x_wconf 74' lang='lat' dir='ltr'><strong><em>filio</em></strong></span> <span class='ocrx_word' id='word_1_37' title='bbox 1267 827 1395 893; x_wconf 89' lang='lat' dir='ltr'><strong><em>Dei</em></strong></span> <span class='ocrx_word' id='word_1_38' title='bbox 1449 829 1519 892; x_wconf 88' lang='lat' dir='ltr'><strong><em>in</em></strong></span> <span class='ocrx_word' id='word_1_39' title='bbox 1549 828 1836 909; x_wconf 86' lang='lat' dir='ltr'><strong><em>potentia</em></strong></span> <span class='ocrx_word' id='word_1_40' title='bbox 1867 849 1989 911; x_wconf 89' lang='lat' dir='ltr'><strong><em>per</em></strong></span> <span class='ocrx_word' id='word_1_41' title='bbox 2029 827 2331 909; x_wconf 66' lang='lat' dir='ltr'><strong><em>spir-itum</em></strong></span> 
     </span>
     <span class='ocr_line' id='line_1_7' title="bbox 386 911 2331 995; baseline -0.002 -16"><span class='ocrx_word' id='word_1_42' title='bbox 386 914 753 993; x_wconf 84' lang='lat' dir='ltr'><strong><em>sanctitatis,</em></strong></span> <span class='ocrx_word' id='word_1_43' title='bbox 795 913 904 979; x_wconf 77' lang='lat' dir='ltr'><strong><em>hoc</em></strong></span> <span class='ocrx_word' id='word_1_44' title='bbox 936 918 1043 993; x_wconf 89' lang='lat' dir='ltr'><strong><em>est,</em></strong></span> <span class='ocrx_word' id='word_1_45' title='bbox 1083 913 1155 976; x_wconf 89' lang='lat' dir='ltr'><strong><em>in</em></strong></span> <span class='ocrx_word' id='word_1_46' title='bbox 1176 914 1458 994; x_wconf 87' lang='lat' dir='ltr'><strong><em>potentia</em></strong></span> <span class='ocrx_word' id='word_1_47' title='bbox 1489 912 1836 995; x_wconf 80' lang='lat' dir='ltr'><strong><em>spirituali,</em></strong></span> <span class='ocrx_word' id='word_1_48' title='bbox 1877 935 2036 995; x_wconf 86' lang='lat' dir='ltr'><strong><em>quae</em></strong></span> <span class='ocrx_word' id='word_1_49' title='bbox 2058 911 2331 995; x_wconf 82' lang='lat' dir='ltr'><strong><em>propria</em></strong></span> 
     </span>
     <span class='ocr_line' id='line_1_8' title="bbox 386 997 2331 1081; baseline -0.001 -17"><span class='ocrx_word' id='word_1_50' title='bbox 386 998 520 1064; x_wconf 89' lang='lat' dir='ltr'><strong><em>Dei</em></strong></span> <span class='ocrx_word' id='word_1_51' title='bbox 549 1001 822 1081; x_wconf 84' lang='lat' dir='ltr'><strong><em>potentia</em></strong></span> <span class='ocrx_word' id='word_1_52' title='bbox 862 1003 982 1064; x_wconf 83' lang='lat' dir='ltr'><strong><em>est.-</em></strong></span> <span class='ocrx_word' id='word_1_53' title='bbox 1023 998 1189 1081; x_wconf 90' lang='lat' dir='ltr'><strong><em>quod</em></strong></span> <span class='ocrx_word' id='word_1_54' title='bbox 1230 1019 1353 1064; x_wconf 86' lang='lat' dir='ltr'><strong><em>non</em></strong></span> <span class='ocrx_word' id='word_1_55' title='bbox 1392 1018 1648 1080; x_wconf 90' lang='lat' dir='ltr'><strong><em>corpore</em></strong></span> <span class='ocrx_word' id='word_1_56' title='bbox 1688 997 1895 1078; x_wconf 88' lang='lat' dir='ltr'><strong><em>Deus,</em></strong></span> <span class='ocrx_word' id='word_1_57' title='bbox 1949 1001 2059 1065; x_wconf 90' lang='lat' dir='ltr'><strong><em>sed</em></strong></span> <span class='ocrx_word' id='word_1_58' title='bbox 2099 998 2331 1080; x_wconf 85' lang='lat' dir='ltr'><strong><em>spiritu</em></strong></span> 
     </span>
     <span class='ocr_line' id='line_1_9' title="bbox 386 1083 2332 1168; baseline -0.001 -20"><span class='ocrx_word' id='word_1_59' title='bbox 386 1085 716 1150; x_wconf 85' lang='lat' dir='ltr'><strong><em>mirabilia</em></strong></span> <span class='ocrx_word' id='word_1_60' title='bbox 752 1106 876 1150; x_wconf 87' lang='lat' dir='ltr'><strong><em>sua</em></strong></span> <span class='ocrx_word' id='word_1_61' title='bbox 916 1085 1065 1168; x_wconf 77' lang='lat' dir='ltr'><strong><em>aqit.</em></strong></span> <span class='ocrx_word' id='word_1_62' title='bbox 1154 1083 1479 1168; x_wconf 77' lang='lat' dir='ltr'><strong><em>Imperare</em></strong></span> <span class='ocrx_word' id='word_1_63' title='bbox 1521 1084 1685 1148; x_wconf 86' lang='lat' dir='ltr'><strong><em>enim</em></strong></span> <span class='ocrx_word' id='word_1_64' title='bbox 1738 1086 1965 1164; x_wconf 85' lang='lat' dir='ltr'><strong><em>ventis,</em></strong></span> <span class='ocrx_word' id='word_1_65' title='bbox 2024 1089 2079 1149; x_wconf 88' lang='lat' dir='ltr'><strong><em>et</em></strong></span> <span class='ocrx_word' id='word_1_66' title='bbox 2133 1085 2332 1150; x_wconf 88' lang='lat' dir='ltr'><strong><em>caecis</em></strong></span> 
     </span>
     <span class='ocr_line' id='line_1_10' title="bbox 385 1169 2332 1252; baseline -0.001 -17"><span class='ocrx_word' id='word_1_67' title='bbox 385 1169 566 1236; x_wconf 83' lang='lat' dir='ltr'><strong><em>verbo</em></strong></span> <span class='ocrx_word' id='word_1_68' title='bbox 610 1170 817 1236; x_wconf 89' lang='lat' dir='ltr'><strong><em>lumen</em></strong></span> <span class='ocrx_word' id='word_1_69' title='bbox 856 1170 1135 1250; x_wconf 79' lang='lat' dir='ltr'><strong><em>reddere,</em></strong></span> <span class='ocrx_word' id='word_1_70' title='bbox 1191 1175 1247 1234; x_wconf 93' lang='lat' dir='ltr'><strong><em>et</em></strong></span> <span class='ocrx_word' id='word_1_71' title='bbox 1295 1176 1566 1235; x_wconf 87' lang='lat' dir='ltr'><strong><em>mortuos</em></strong></span> <span class='ocrx_word' id='word_1_72' title='bbox 1608 1171 1900 1248; x_wconf 79' lang='lat' dir='ltr'><strong><em>excitare,</em></strong></span> <span class='ocrx_word' id='word_1_73' title='bbox 1957 1190 2082 1236; x_wconf 89' lang='lat' dir='ltr'><strong><em>non</em></strong></span> <span class='ocrx_word' id='word_1_74' title='bbox 2122 1190 2332 1252; x_wconf 89' lang='lat' dir='ltr'><strong><em>corpo-</em></strong></span> 
     </span>
     <span class='ocr_line' id='line_1_11' title="bbox 384 1254 2332 1339; baseline -0.002 -17"><span class='ocrx_word' id='word_1_75' title='bbox 384 1276 512 1334; x_wconf 87' lang='lat' dir='ltr'><strong><em>rea,</em></strong></span> <span class='ocrx_word' id='word_1_76' title='bbox 554 1257 662 1321; x_wconf 84' lang='lat' dir='ltr'><strong><em>sed</em></strong></span> <span class='ocrx_word' id='word_1_77' title='bbox 699 1256 1041 1339; x_wconf 71' lang='lat' dir='ltr'><strong><em>spirituali,</em></strong></span> <span class='ocrx_word' id='word_1_78' title='bbox 1086 1276 1244 1336; x_wconf 87' lang='lat' dir='ltr'><strong><em>quae</em></strong></span> <span class='ocrx_word' id='word_1_79' title='bbox 1278 1257 1488 1322; x_wconf 85' lang='lat' dir='ltr'><strong><em>eadem</em></strong></span> <span class='ocrx_word' id='word_1_80' title='bbox 1523 1261 1577 1317; x_wconf 89' lang='lat' dir='ltr'><strong><em>et</em></strong></span> <span class='ocrx_word' id='word_1_81' title='bbox 1612 1256 1835 1320; x_wconf 83' lang='lat' dir='ltr'><strong><em>divina</em></strong></span> <span class='ocrx_word' id='word_1_82' title='bbox 1866 1262 1971 1334; x_wconf 89' lang='lat' dir='ltr'><strong><em>est,</em></strong></span> <span class='ocrx_word' id='word_1_83' title='bbox 2011 1254 2196 1336; x_wconf 75' lang='lat' dir='ltr'><strong><em>fiebat</em></strong></span> <span class='ocrx_word' id='word_1_84' title='bbox 2215 1274 2332 1335; x_wconf 87' lang='lat' dir='ltr'><strong><em>po-</em></strong></span> 
     </span>
     <span class='ocr_line' id='line_1_12' title="bbox 385 1339 2331 1424; baseline -0.001 -17"><span class='ocrx_word' id='word_1_85' title='bbox 385 1347 613 1407; x_wconf 85' lang='lat' dir='ltr'><strong><em>testate.</em></strong></span> <span class='ocrx_word' id='word_1_86' title='bbox 681 1342 1142 1407; x_wconf 88' lang='lat' dir='ltr'><strong><em>Declarabatur</em></strong></span> <span class='ocrx_word' id='word_1_87' title='bbox 1175 1343 1372 1424; x_wconf 75' lang='lat' dir='ltr'><strong><em>iqitur</em></strong></span> <span class='ocrx_word' id='word_1_88' title='bbox 1409 1340 1698 1406; x_wconf 76' lang='lat' dir='ltr'><strong><em>Christus</em></strong></span> <span class='ocrx_word' id='word_1_89' title='bbox 1733 1339 1857 1404; x_wconf 90' lang='lat' dir='ltr'><strong><em>Dei</em></strong></span> <span class='ocrx_word' id='word_1_90' title='bbox 1888 1341 2072 1421; x_wconf 71' lang='lat' dir='ltr'><strong><em>filius</em></strong></span> <span class='ocrx_word' id='word_1_91' title='bbox 2104 1361 2180 1405; x_wconf 77' lang='lat' dir='ltr'><strong><em>ex</em></strong></span> <span class='ocrx_word' id='word_1_92' title='bbox 2213 1341 2331 1405; x_wconf 77' lang='lat' dir='ltr'><strong><em>hac</em></strong></span> 
     </span>
     <span class='ocr_line' id='line_1_13' title="bbox 382 1425 2331 1510; baseline -0.002 -18"><span class='ocrx_word' id='word_1_93' title='bbox 382 1428 714 1509; x_wconf 73' lang='lat' dir='ltr'><strong><em>spirituali</em></strong></span> <span class='ocrx_word' id='word_1_94' title='bbox 746 1429 1039 1510; x_wconf 80' lang='lat' dir='ltr'><strong><em>potentia,</em></strong></span> <span class='ocrx_word' id='word_1_95' title='bbox 1082 1447 1240 1508; x_wconf 88' lang='lat' dir='ltr'><strong><em>quae</em></strong></span> <span class='ocrx_word' id='word_1_96' title='bbox 1272 1427 1410 1492; x_wconf 89' lang='lat' dir='ltr'><strong><em>sola</em></strong></span> <span class='ocrx_word' id='word_1_97' title='bbox 1440 1427 1663 1491; x_wconf 84' lang='lat' dir='ltr'><strong><em>divina</em></strong></span> <span class='ocrx_word' id='word_1_98' title='bbox 1696 1431 1799 1490; x_wconf 90' lang='lat' dir='ltr'><strong><em>est.</em></strong></span> <span class='ocrx_word' id='word_1_99' title='bbox 1866 1426 1957 1491; x_wconf 88' lang='lat' dir='ltr'><strong><em>Et</em></strong></span> <span class='ocrx_word' id='word_1_100' title='bbox 1989 1427 2152 1508; x_wconf 86' lang='lat' dir='ltr'><strong><em>quod</em></strong></span> <span class='ocrx_word' id='word_1_101' title='bbox 2188 1425 2331 1491; x_wconf 88' lang='lat' dir='ltr'><strong><em>sub-</em></strong></span> 
     </span>
     <span class='ocr_line' id='line_1_14' title="bbox 382 1513 2330 1595; baseline -0.002 -17"><span class='ocrx_word' id='word_1_102' title='bbox 382 1514 596 1595; x_wconf 77' lang='lat' dir='ltr'><strong><em>iunqit</em></strong></span> <span class='ocrx_word' id='word_1_103' title='bbox 632 1513 896 1592; x_wconf 77' lang='lat' dir='ltr'><strong><em>Paulus,</em></strong></span> <span class='ocrx_word' id='word_1_104' title='bbox 940 1534 1015 1577; x_wconf 76' lang='lat' dir='ltr'><strong><em>ez:</em></strong></span> <span class='ocrx_word' id='word_1_105' title='bbox 1051 1513 1453 1578; x_wconf 73' lang='lat' dir='ltr'><strong><em>suscitatione</em></strong></span> <span class='ocrx_word' id='word_1_106' title='bbox 1495 1532 1537 1576; x_wconf 91' lang='lat' dir='ltr'><strong><em>a</em></strong></span> <span class='ocrx_word' id='word_1_107' title='bbox 1578 1513 1873 1578; x_wconf 76' lang='lat' dir='ltr'><strong><em>mortuis:</em></strong></span> <span class='ocrx_word' id='word_1_108' title='bbox 1916 1533 2043 1578; x_wconf 89' lang='lat' dir='ltr'><strong><em>non</em></strong></span> <span class='ocrx_word' id='word_1_109' title='bbox 2085 1518 2214 1577; x_wconf 87' lang='lat' dir='ltr'><strong><em>tam</em></strong></span> <span class='ocrx_word' id='word_1_110' title='bbox 2256 1532 2330 1575; x_wconf 90' lang='lat' dir='ltr'><strong><em>ea</em></strong></span> 
     </span>
     <span class='ocr_line' id='line_1_15' title="bbox 383 1596 2333 1680; baseline -0.003 -16"><span class='ocrx_word' id='word_1_111' title='bbox 383 1598 665 1680; x_wconf 65' lang='grc' dir='ltr'><em>ᾳαὶᾱωη,</em></span> <span class='ocrx_word' id='word_1_112' title='bbox 722 1620 850 1680; x_wconf 88' lang='lat' dir='ltr'><strong><em>qua</em></strong></span> <span class='ocrx_word' id='word_1_113' title='bbox 891 1619 1115 1680; x_wconf 85' lang='lat' dir='ltr'><strong><em>corpus</em></strong></span> <span class='ocrx_word' id='word_1_114' title='bbox 1158 1598 1400 1662; x_wconf 66' lang='lat' dir='ltr'><strong><em>Lazari</em></strong></span> <span class='ocrx_word' id='word_1_115' title='bbox 1416 1650 1428 1676; x_wconf 88' lang='lat'>‚</span> <span class='ocrx_word' id='word_1_116' title='bbox 1488 1604 1600 1662; x_wconf 88' lang='lat' dir='ltr'><strong><em>aut</em></strong></span> <span class='ocrx_word' id='word_1_117' title='bbox 1647 1596 1856 1679; x_wconf 77' lang='lat' dir='ltr'><strong><em>filium</em></strong></span> <span class='ocrx_word' id='word_1_118' title='bbox 1912 1599 2161 1678; x_wconf 83' lang='lat' dir='ltr'><strong><em>viduae,</em></strong></span> <span class='ocrx_word' id='word_1_119' title='bbox 2220 1601 2333 1662; x_wconf 88' lang='lat' dir='ltr'><strong><em>aut</em></strong></span> 
     </span>
     <span class='ocr_line' id='line_1_16' title="bbox 370 1683 2332 1768; baseline -0.001 -19"><span class='ocrx_word' id='word_1_120' title='bbox 370 1685 699 1768; x_wconf 86' lang='lat' dir='ltr'><strong><em>principis</em></strong></span> <span class='ocrx_word' id='word_1_121' title='bbox 718 1705 1062 1767; x_wconf 72' lang='lat' dir='ltr'><strong><em>synaqoqae</em></strong></span> <span class='ocrx_word' id='word_1_122' title='bbox 1088 1683 1296 1764; x_wconf 69' lang='lat' dir='ltr'><strong><em>filiam</em></strong></span> <span class='ocrx_word' id='word_1_123' title='bbox 1329 1684 1720 1767; x_wconf 79' lang='lat' dir='ltr'><strong><em>(quanquam</em></strong></span> <span class='ocrx_word' id='word_1_124' title='bbox 1737 1683 1864 1749; x_wconf 89' lang='lat' dir='ltr'><strong><em>ista</em></strong></span> <span class='ocrx_word' id='word_1_125' title='bbox 1882 1705 2123 1766; x_wconf 89' lang='lat' dir='ltr'><strong><em>quoque</em></strong></span> <span class='ocrx_word' id='word_1_126' title='bbox 2142 1703 2332 1764; x_wconf 90' lang='lat' dir='ltr'><strong><em>opera</em></strong></span> 
     </span>
     <span class='ocr_line' id='line_1_17' title="bbox 383 1769 2332 1854; baseline -0.001 -20"><span class='ocrx_word' id='word_1_127' title='bbox 383 1769 516 1835; x_wconf 88' lang='lat' dir='ltr'><strong><em>Dei</em></strong></span> <span class='ocrx_word' id='word_1_128' title='bbox 557 1775 760 1854; x_wconf 88' lang='lat' dir='ltr'><strong><em>erant)</em></strong></span> <span class='ocrx_word' id='word_1_129' title='bbox 804 1791 1017 1835; x_wconf 85' lang='lat' dir='ltr'><strong><em>verum</em></strong></span> <span class='ocrx_word' id='word_1_130' title='bbox 1058 1790 1132 1834; x_wconf 91' lang='lat' dir='ltr'><strong><em>ea</em></strong></span> <span class='ocrx_word' id='word_1_131' title='bbox 1173 1771 1359 1833; x_wconf 89' lang='lat' dir='ltr'><strong><em>etiam</em></strong></span> <span class='ocrx_word' id='word_1_132' title='bbox 1401 1770 1794 1834; x_wconf 76' lang='lat' dir='ltr'><strong><em>suscitatione</em></strong></span> <span class='ocrx_word' id='word_1_133' title='bbox 1828 1771 2053 1853; x_wconf 73' lang='lat' dir='ltr'><strong><em>maqis,</em></strong></span> <span class='ocrx_word' id='word_1_134' title='bbox 2097 1790 2223 1851; x_wconf 88' lang='lat' dir='ltr'><strong><em>qua</em></strong></span> <span class='ocrx_word' id='word_1_135' title='bbox 2265 1789 2332 1833; x_wconf 90' lang='lat' dir='ltr'><strong><em>se</em></strong></span> 
     </span>
     <span class='ocr_line' id='line_1_18' title="bbox 381 1853 2332 1939; baseline -0.001 -19"><span class='ocrx_word' id='word_1_136' title='bbox 381 1857 598 1936; x_wconf 87' lang='lat' dir='ltr'><strong><em>ipsum</em></strong></span> <span class='ocrx_word' id='word_1_137' title='bbox 649 1856 1003 1934; x_wconf 79' lang='lat' dir='ltr'><strong><em>suscitavit,</em></strong></span> <span class='ocrx_word' id='word_1_138' title='bbox 1061 1861 1172 1921; x_wconf 86' lang='lat' dir='ltr'><strong><em>aut</em></strong></span> <span class='ocrx_word' id='word_1_139' title='bbox 1222 1861 1374 1921; x_wconf 89' lang='lat' dir='ltr'><strong><em>certe</em></strong></span> <span class='ocrx_word' id='word_1_140' title='bbox 1402 1858 1450 1936; x_wconf 90' lang='lat'><strong><em>¹)</em></strong></span> <span class='ocrx_word' id='word_1_141' title='bbox 1503 1874 1631 1937; x_wconf 90' lang='lat' dir='ltr'><strong><em>qua</em></strong></span> <span class='ocrx_word' id='word_1_142' title='bbox 1674 1853 1963 1921; x_wconf 88' lang='lat' dir='ltr'><strong><em>Mariam</em></strong></span> <span class='ocrx_word' id='word_1_143' title='bbox 2008 1854 2332 1939; x_wconf 77' lang='lat' dir='ltr'><strong><em>Maqdale-</em></strong></span> 
     </span>
     <span class='ocr_line' id='line_1_19' title="bbox 381 1939 2334 2024; baseline -0.001 -18"><span class='ocrx_word' id='word_1_144' title='bbox 381 1961 507 2006; x_wconf 82' lang='lat' dir='ltr'><strong><em>nae</em></strong></span> <span class='ocrx_word' id='word_1_145' title='bbox 547 1962 590 2005; x_wconf 89' lang='lat' dir='ltr'><strong><em>a</em></strong></span> <span class='ocrx_word' id='word_1_146' title='bbox 633 1941 975 2006; x_wconf 76' lang='lat' dir='ltr'><strong><em>daemoniis</em></strong></span> <span class='ocrx_word' id='word_1_147' title='bbox 1017 1946 1259 2022; x_wconf 80' lang='lat' dir='ltr'><strong><em>septem,</em></strong></span> <span class='ocrx_word' id='word_1_148' title='bbox 1304 1939 1695 2005; x_wconf 72' lang='lat' dir='ltr'><strong><em>Matthaeum</em></strong></span> <span class='ocrx_word' id='word_1_149' title='bbox 1727 1963 1771 2005; x_wconf 90' lang='lat' dir='ltr'><strong><em>a</em></strong></span> <span class='ocrx_word' id='word_1_150' title='bbox 1809 1940 2133 2024; x_wconf 81' lang='lat' dir='ltr'><strong><em>teloneo,2)</em></strong></span> <span class='ocrx_word' id='word_1_151' title='bbox 2177 1940 2334 2004; x_wconf 85' lang='lat' dir='ltr'><strong><em>mul-</em></strong></span> 
     </span>
     <span class='ocr_line' id='line_1_20' title="bbox 382 2027 2332 2108; baseline -0.001 -17"><span class='ocrx_word' id='word_1_152' title='bbox 382 2032 479 2091; x_wconf 88' lang='lat' dir='ltr'><strong><em>tos</em></strong></span> <span class='ocrx_word' id='word_1_153' title='bbox 521 2048 565 2091; x_wconf 88' lang='lat' dir='ltr'><strong><em>a</em></strong></span> <span class='ocrx_word' id='word_1_154' title='bbox 608 2033 851 2091; x_wconf 86' lang='lat' dir='ltr'><strong><em>terrena</em></strong></span> <span class='ocrx_word' id='word_1_155' title='bbox 893 2032 949 2091; x_wconf 90' lang='lat' dir='ltr'><strong><em>et</em></strong></span> <span class='ocrx_word' id='word_1_156' title='bbox 988 2027 1364 2091; x_wconf 88' lang='lat' dir='ltr'><strong><em>moribunda</em></strong></span> <span class='ocrx_word' id='word_1_157' title='bbox 1404 2027 1562 2102; x_wconf 83' lang='lat' dir='ltr'><strong><em>vita,</em></strong></span> <span class='ocrx_word' id='word_1_158' title='bbox 1619 2047 1792 2090; x_wconf 88' lang='lat' dir='ltr'><strong><em>omne</em></strong></span> <span class='ocrx_word' id='word_1_159' title='bbox 1832 2027 2097 2106; x_wconf 85' lang='lat' dir='ltr'><strong><em>denique</em></strong></span> <span class='ocrx_word' id='word_1_160' title='bbox 2133 2045 2332 2108; x_wconf 76' lang='lat' dir='ltr'><strong><em>yenus</em></strong></span> 
     </span>
     <span class='ocr_line' id='line_1_21' title="bbox 380 2111 2333 2193; baseline -0.001 -17"><span class='ocrx_word' id='word_1_161' title='bbox 380 2112 733 2177; x_wconf 73' lang='lat' dir='ltr'><strong><em>humanum</em></strong></span> <span class='ocrx_word' id='word_1_162' title='bbox 787 2134 830 2177; x_wconf 89' lang='lat' dir='ltr'><strong><em>a</em></strong></span> <span class='ocrx_word' id='word_1_163' title='bbox 872 2117 1116 2193; x_wconf 82' lang='lat' dir='ltr'><strong><em>peccato</em></strong></span> <span class='ocrx_word' id='word_1_164' title='bbox 1169 2120 1225 2175; x_wconf 84' lang='lat' dir='ltr'><strong><em>et</em></strong></span> <span class='ocrx_word' id='word_1_165' title='bbox 1263 2111 1504 2193; x_wconf 88' lang='lat' dir='ltr'><strong><em>peccati</em></strong></span> <span class='ocrx_word' id='word_1_166' title='bbox 1556 2117 1774 2190; x_wconf 88' lang='lat' dir='ltr'><strong><em>morte,</em></strong></span> <span class='ocrx_word' id='word_1_167' title='bbox 1829 2117 1884 2175; x_wconf 89' lang='lat' dir='ltr'><strong><em>et</em></strong></span> <span class='ocrx_word' id='word_1_168' title='bbox 1939 2132 1983 2175; x_wconf 88' lang='lat' dir='ltr'><strong><em>a</em></strong></span> <span class='ocrx_word' id='word_1_169' title='bbox 2027 2116 2333 2191; x_wconf 81' lang='lat' dir='ltr'><strong><em>potestate</em></strong></span> 
     </span>
     <span class='ocr_line' id='line_1_22' title="bbox 380 2196 2334 2279; baseline -0.001 -18"><span class='ocrx_word' id='word_1_170' title='bbox 380 2196 581 2263; x_wconf 78' lang='lat' dir='ltr'><strong><em>huius</em></strong></span> <span class='ocrx_word' id='word_1_171' title='bbox 623 2198 845 2262; x_wconf 88' lang='lat' dir='ltr'><strong><em>mundi</em></strong></span> <span class='ocrx_word' id='word_1_172' title='bbox 888 2198 1292 2275; x_wconf 86' lang='lat' dir='ltr'><strong><em>tenebrarum,</em></strong></span> <span class='ocrx_word' id='word_1_173' title='bbox 1335 2198 1421 2261; x_wconf 87' lang='lat' dir='ltr'><strong><em>ad</em></strong></span> <span class='ocrx_word' id='word_1_174' title='bbox 1462 2198 1767 2262; x_wconf 87' lang='lat' dir='ltr'><strong><em>coelestem</em></strong></span> <span class='ocrx_word' id='word_1_175' title='bbox 1800 2197 2209 2279; x_wconf 86' lang='lat' dir='ltr'><strong><em>appetendam</em></strong></span> <span class='ocrx_word' id='word_1_176' title='bbox 2243 2202 2334 2260; x_wconf 85' lang='lat' dir='ltr'><strong><em>at-</em></strong></span> 
     </span>
     <span class='ocr_line' id='line_1_23' title="bbox 377 2282 2332 2366; baseline -0.001 -20"><span class='ocrx_word' id='word_1_177' title='bbox 377 2304 503 2366; x_wconf 89' lang='lat' dir='ltr'><strong><em>que</em></strong></span> <span class='ocrx_word' id='word_1_178' title='bbox 543 2284 920 2365; x_wconf 86' lang='lat' dir='ltr'><strong><em>sperandam</em></strong></span> <span class='ocrx_word' id='word_1_179' title='bbox 954 2288 1009 2346; x_wconf 90' lang='lat' dir='ltr'><strong><em>et</em></strong></span> <span class='ocrx_word' id='word_1_180' title='bbox 1039 2282 1457 2365; x_wconf 76' lang='lat' dir='ltr'><strong><em>coquationem</em></strong></span> <span class='ocrx_word' id='word_1_181' title='bbox 1489 2288 1546 2345; x_wconf 90' lang='lat' dir='ltr'><strong><em>et</em></strong></span> <span class='ocrx_word' id='word_1_182' title='bbox 1580 2284 1776 2348; x_wconf 87' lang='lat' dir='ltr'><strong><em>lucem</em></strong></span> <span class='ocrx_word' id='word_1_183' title='bbox 1791 2286 1848 2363; x_wconf 73' lang='lat'><strong><em>⁸)</em></strong></span> <span class='ocrx_word' id='word_1_184' title='bbox 1885 2283 2189 2360; x_wconf 66' lang='lat' dir='ltr'><strong><em>excitavit,</em></strong></span> <span class='ocrx_word' id='word_1_185' title='bbox 2230 2282 2332 2356; x_wconf 86' lang='lat' dir='ltr'><strong><em>de-</em></strong></span> 
     </span>
     <span class='ocr_line' id='line_1_24' title="bbox 373 2367 2335 2535; baseline -0.001 -16"><span class='ocrx_word' id='word_1_186' title='bbox 373 2370 860 2535; x_wconf 54' lang='lat' dir='ltr'><strong><em>mim?</em></strong></span> <span class='ocrx_word' id='word_1_187' title='bbox 867 2367 2335 2534; x_wconf 49' lang='lat' dir='ltr'><strong><em>,ss‘ssiferjtjwhfflssm-mffffffaeffissgg</em></strong></span> 
     </span>
     <span class='ocr_line' id='line_1_25' title="bbox 378 2505 2333 2623; baseline -0.001 -19"><span class='ocrx_word' id='word_1_188' title='bbox 378 2560 534 2623; x_wconf 77' lang='lat' dir='ltr'><strong><em>erqa</em></strong></span> <span class='ocrx_word' id='word_1_189' title='bbox 575 2505 690 2604; x_wconf 60' lang='lat' dir='ltr'><strong><em>n’os</em></strong></span> <span class='ocrx_word' id='word_1_190' title='bbox 729 2538 1102 2619; x_wconf 77' lang='lat' dir='ltr'><strong><em>beneficium,</em></strong></span> <span class='ocrx_word' id='word_1_191' title='bbox 1136 2539 1668 2621; x_wconf 88' lang='lat' dir='ltr'><strong><em>praecipuumque</em></strong></span> <span class='ocrx_word' id='word_1_192' title='bbox 1710 2540 1781 2604; x_wconf 89' lang='lat' dir='ltr'><strong><em>in</em></strong></span> <span class='ocrx_word' id='word_1_193' title='bbox 1823 2559 1887 2603; x_wconf 93' lang='lat' dir='ltr'><strong><em>eo</em></strong></span> <span class='ocrx_word' id='word_1_194' title='bbox 1928 2540 2067 2621; x_wconf 92' lang='lat' dir='ltr'><strong><em>ipso</em></strong></span> <span class='ocrx_word' id='word_1_195' title='bbox 2099 2538 2333 2603; x_wconf 87' lang='lat' dir='ltr'><strong><em>divini-</em></strong></span> 
     </span>
     <span class='ocr_line' id='line_1_26' title="bbox 382 2624 2331 2707; baseline 0 -18"><span class='ocrx_word' id='word_1_196' title='bbox 382 2625 537 2689; x_wconf 87' lang='lat' dir='ltr'><strong><em>tatis</em></strong></span> <span class='ocrx_word' id='word_1_197' title='bbox 573 2630 1024 2707; x_wconf 79' lang='lat' dir='ltr'><strong><em>arqumentum,</em></strong></span> <span class='ocrx_word' id='word_1_198' title='bbox 1059 2625 1294 2690; x_wconf 86' lang='lat' dir='ltr'><strong><em>idcirco</em></strong></span> <span class='ocrx_word' id='word_1_199' title='bbox 1335 2629 1393 2687; x_wconf 89' lang='lat' dir='ltr'><strong><em>et</em></strong></span> <span class='ocrx_word' id='word_1_200' title='bbox 1430 2625 1786 2689; x_wconf 87' lang='lat' dir='ltr'><strong><em>institutum</em></strong></span> <span class='ocrx_word' id='word_1_201' title='bbox 1819 2646 1863 2689; x_wconf 90' lang='lat' dir='ltr'><strong><em>a</em></strong></span> <span class='ocrx_word' id='word_1_202' title='bbox 1886 2624 2024 2691; x_wconf 90' lang='lat' dir='ltr'><strong><em>Deo</em></strong></span> <span class='ocrx_word' id='word_1_203' title='bbox 2066 2625 2138 2687; x_wconf 87' lang='lat' dir='ltr'><strong><em>in</em></strong></span> <span class='ocrx_word' id='word_1_204' title='bbox 2177 2625 2331 2689; x_wconf 88' lang='lat' dir='ltr'><strong><em>mis-</em></strong></span> 
     </span>
     <span class='ocr_line' id='line_1_27' title="bbox 379 2708 2332 2791; baseline -0.002 -14"><span class='ocrx_word' id='word_1_205' title='bbox 379 2711 555 2777; x_wconf 80' lang='lat' dir='ltr'><strong><em>sione</em></strong></span> <span class='ocrx_word' id='word_1_206' title='bbox 585 2710 715 2791; x_wconf 75' lang='lat' dir='ltr'><strong><em>filii</em></strong></span> <span class='ocrx_word' id='word_1_207' title='bbox 755 2710 876 2789; x_wconf 89' lang='lat' dir='ltr'><strong><em>sui,</em></strong></span> <span class='ocrx_word' id='word_1_208' title='bbox 920 2715 976 2774; x_wconf 88' lang='lat' dir='ltr'><strong><em>et</em></strong></span> <span class='ocrx_word' id='word_1_209' title='bbox 1016 2709 1094 2774; x_wconf 87' lang='lat' dir='ltr'><strong><em>ab</em></strong></span> <span class='ocrx_word' id='word_1_210' title='bbox 1134 2711 1274 2789; x_wconf 90' lang='lat' dir='ltr'><strong><em>ipso</em></strong></span> <span class='ocrx_word' id='word_1_211' title='bbox 1312 2708 1449 2789; x_wconf 71' lang='lat' dir='ltr'><strong><em>filio</em></strong></span> <span class='ocrx_word' id='word_1_212' title='bbox 1486 2716 1861 2790; x_wconf 87' lang='lat' dir='ltr'><strong><em>susceptum,</em></strong></span> <span class='ocrx_word' id='word_1_213' title='bbox 1906 2716 1963 2773; x_wconf 92' lang='lat' dir='ltr'><strong><em>et</em></strong></span> <span class='ocrx_word' id='word_1_214' title='bbox 2001 2729 2115 2775; x_wconf 87' lang='lat' dir='ltr'><strong><em>suo</em></strong></span> <span class='ocrx_word' id='word_1_215' title='bbox 2158 2710 2332 2774; x_wconf 85' lang='lat' dir='ltr'><strong><em>nobis</em></strong></span> 
     </span>
     <span class='ocr_line' id='line_1_28' title="bbox 380 2794 2329 2878; baseline 0 -17"><span class='ocrx_word' id='word_1_216' title='bbox 380 2800 650 2878; x_wconf 79' lang='lat' dir='ltr'><strong><em>tempore</em></strong></span> <span class='ocrx_word' id='word_1_217' title='bbox 681 2816 806 2875; x_wconf 91' lang='lat' dir='ltr'><strong><em>per</em></strong></span> <span class='ocrx_word' id='word_1_218' title='bbox 846 2815 986 2860; x_wconf 88' lang='lat' dir='ltr'><strong><em>eum</em></strong></span> <span class='ocrx_word' id='word_1_219' title='bbox 1029 2797 1247 2861; x_wconf 79' lang='lat' dir='ltr'><strong><em>datmn</em></strong></span> <span class='ocrx_word' id='word_1_220' title='bbox 1290 2794 1705 2877; x_wconf 79' lang='lat' dir='ltr'><strong><em>tributmnque</em></strong></span> <span class='ocrx_word' id='word_1_221' title='bbox 1747 2801 1865 2860; x_wconf 86' lang='lat' dir='ltr'><strong><em>est.-</em></strong></span> <span class='ocrx_word' id='word_1_222' title='bbox 1921 2802 1993 2859; x_wconf 90' lang='lat' dir='ltr'><strong><em>ut</em></strong></span> <span class='ocrx_word' id='word_1_223' title='bbox 2046 2795 2329 2861; x_wconf 84' lang='lat' dir='ltr'><strong><em>omnibus</em></strong></span> 
     </span>
     <span class='ocr_line' id='line_1_29' title="bbox 382 2877 2329 2960; baseline -0.001 -14"><span class='ocrx_word' id='word_1_224' title='bbox 382 2887 443 2946; x_wconf 90' lang='lat' dir='ltr'><strong><em>et</em></strong></span> <span class='ocrx_word' id='word_1_225' title='bbox 478 2882 719 2947; x_wconf 86' lang='lat' dir='ltr'><strong><em>divinis</em></strong></span> <span class='ocrx_word' id='word_1_226' title='bbox 761 2886 819 2946; x_wconf 90' lang='lat' dir='ltr'><strong><em>et</em></strong></span> <span class='ocrx_word' id='word_1_227' title='bbox 858 2881 1155 2947; x_wconf 75' lang='lat' dir='ltr'><strong><em>humanis</em></strong></span> <span class='ocrx_word' id='word_1_228' title='bbox 1195 2880 1266 2944; x_wconf 91' lang='lat' dir='ltr'><strong><em>in</em></strong></span> <span class='ocrx_word' id='word_1_229' title='bbox 1308 2900 1433 2945; x_wconf 90' lang='lat' dir='ltr'><strong><em>uno</em></strong></span> <span class='ocrx_word' id='word_1_230' title='bbox 1481 2877 1727 2945; x_wconf 80' lang='lat' dir='ltr'><strong><em>Christo</em></strong></span> <span class='ocrx_word' id='word_1_231' title='bbox 1778 2881 2087 2960; x_wconf 86' lang='lat' dir='ltr'><strong><em>consiliis,</em></strong></span> <span class='ocrx_word' id='word_1_232' title='bbox 2142 2881 2329 2946; x_wconf 75' lang='lat' dir='ltr'><strong><em>auxi-</em></strong></span> 
     </span>
     <span class='ocr_line' id='line_1_30' title="bbox 382 2966 2332 3050; baseline 0.001 -19"><span class='ocrx_word' id='word_1_233' title='bbox 382 2966 513 3046; x_wconf 85' lang='lat' dir='ltr'><strong><em>liis,</em></strong></span> <span class='ocrx_word' id='word_1_234' title='bbox 554 2966 1006 3050; x_wconf 81' lang='lat' dir='ltr'><strong><em>virtutibusque</em></strong></span> <span class='ocrx_word' id='word_1_235' title='bbox 1046 2966 1253 3032; x_wconf 88' lang='lat' dir='ltr'><strong><em>adiuti</em></strong></span> <span class='ocrx_word' id='word_1_236' title='bbox 1290 2985 1403 3031; x_wconf 89' lang='lat' dir='ltr'><strong><em>nos</em></strong></span> <span class='ocrx_word' id='word_1_237' title='bbox 1445 2966 1697 3032; x_wconf 83' lang='lat' dir='ltr'><strong><em>animas</em></strong></span> <span class='ocrx_word' id='word_1_238' title='bbox 1739 2966 1877 3033; x_wconf 89' lang='lat' dir='ltr'><strong><em>Deo</em></strong></span> <span class='ocrx_word' id='word_1_239' title='bbox 1913 2972 2163 3033; x_wconf 88' lang='lat' dir='ltr'><strong><em>nostras</em></strong></span> <span class='ocrx_word' id='word_1_240' title='bbox 2204 2967 2332 3032; x_wconf 89' lang='lat' dir='ltr'><strong><em>sal-</em></strong></span> 
     </span>
     <span class='ocr_line' id='line_1_31' title="bbox 384 3052 2328 3135; baseline 0.001 -17"><span class='ocrx_word' id='word_1_241' title='bbox 384 3074 500 3118; x_wconf 87' lang='lat' dir='ltr'><strong><em>vas</em></strong></span> <span class='ocrx_word' id='word_1_242' title='bbox 551 3054 768 3119; x_wconf 81' lang='lat' dir='ltr'><strong><em>sistere</em></strong></span> <span class='ocrx_word' id='word_1_243' title='bbox 810 3052 1160 3135; x_wconf 71' lang='lat' dir='ltr'><strong><em>possemus.</em></strong></span> <span class='ocrx_word' id='word_1_244' title='bbox 1257 3052 1463 3117; x_wconf 85' lang='lat' dir='ltr'><strong><em>Tanta</em></strong></span> <span class='ocrx_word' id='word_1_245' title='bbox 1520 3056 1664 3131; x_wconf 79' lang='lat' dir='ltr'><strong><em>[pag.</em></strong></span> <span class='ocrx_word' id='word_1_246' title='bbox 1709 3058 1816 3133; x_wconf 91' lang='lat'><strong><em>11]</em></strong></span> <span class='ocrx_word' id='word_1_247' title='bbox 1874 3060 1962 3119; x_wconf 83' lang='lat' dir='ltr'><strong><em>est</em></strong></span> <span class='ocrx_word' id='word_1_248' title='bbox 2015 3054 2328 3134; x_wconf 78' lang='lat' dir='ltr'><strong><em>nobilitas,</em></strong></span> 
     </span>
     <span class='ocr_line' id='line_1_32' title="bbox 383 3137 2333 3222; baseline 0.002 -19"><span class='ocrx_word' id='word_1_249' title='bbox 383 3144 515 3203; x_wconf 85' lang='lat' dir='ltr'><strong><em>tam</em></strong></span> <span class='ocrx_word' id='word_1_250' title='bbox 555 3140 804 3222; x_wconf 75' lang='lat' dir='ltr'><strong><em>insiqne</em></strong></span> <span class='ocrx_word' id='word_1_251' title='bbox 836 3140 1143 3220; x_wconf 88' lang='lat' dir='ltr'><strong><em>pretium,</em></strong></span> <span class='ocrx_word' id='word_1_252' title='bbox 1199 3144 1329 3202; x_wconf 88' lang='lat' dir='ltr'><strong><em>tam</em></strong></span> <span class='ocrx_word' id='word_1_253' title='bbox 1376 3137 1646 3220; x_wconf 81' lang='lat' dir='ltr'><strong><em>qrandis</em></strong></span> <span class='ocrx_word' id='word_1_254' title='bbox 1686 3140 2035 3205; x_wconf 68' lang='lat' dir='ltr'><strong><em>aestimatio</em></strong></span> <span class='ocrx_word' id='word_1_255' title='bbox 2077 3139 2333 3206; x_wconf 79' lang='lat' dir='ltr'><strong><em>huiusce</em></strong></span> 
     </span>
     <span class='ocr_line' id='line_1_33' title="bbox 382 3224 2327 3306; baseline 0.001 -18"><span class='ocrx_word' id='word_1_256' title='bbox 382 3226 495 3303; x_wconf 89' lang='lat' dir='ltr'><strong><em>rei,</em></strong></span> <span class='ocrx_word' id='word_1_257' title='bbox 539 3245 697 3306; x_wconf 86' lang='lat' dir='ltr'><strong><em>quae</em></strong></span> <span class='ocrx_word' id='word_1_258' title='bbox 731 3226 951 3289; x_wconf 90' lang='lat' dir='ltr'><strong><em>anima</em></strong></span> <span class='ocrx_word' id='word_1_259' title='bbox 991 3224 1266 3289; x_wconf 77' lang='lat' dir='ltr'><strong><em>hominis</em></strong></span> <span class='ocrx_word' id='word_1_260' title='bbox 1307 3229 1410 3304; x_wconf 89' lang='lat' dir='ltr'><strong><em>est,</em></strong></span> <span class='ocrx_word' id='word_1_261' title='bbox 1452 3229 1523 3287; x_wconf 89' lang='lat' dir='ltr'><strong><em>ut</em></strong></span> <span class='ocrx_word' id='word_1_262' title='bbox 1562 3244 1681 3305; x_wconf 88' lang='lat' dir='ltr'><strong><em>quo</em></strong></span> <span class='ocrx_word' id='word_1_263' title='bbox 1718 3245 1795 3289; x_wconf 88' lang='lat' dir='ltr'><strong><em>ne</em></strong></span> <span class='ocrx_word' id='word_1_264' title='bbox 1837 3246 1912 3289; x_wconf 92' lang='lat' dir='ltr'><strong><em>ea</em></strong></span> <span class='ocrx_word' id='word_1_265' title='bbox 1943 3226 2327 3306; x_wconf 75' lang='lat' dir='ltr'><strong><em>perderetur,</em></strong></span> 
     </span>
     <span class='ocr_line' id='line_1_34' title="bbox 384 3308 2331 3392; baseline 0 -17"><span class='ocrx_word' id='word_1_266' title='bbox 384 3311 494 3376; x_wconf 89' lang='lat' dir='ltr'><strong><em>sed</em></strong></span> <span class='ocrx_word' id='word_1_267' title='bbox 537 3315 594 3374; x_wconf 88' lang='lat' dir='ltr'><strong><em>et</em></strong></span> <span class='ocrx_word' id='word_1_268' title='bbox 626 3310 761 3376; x_wconf 92' lang='lat' dir='ltr'><strong><em>Deo</em></strong></span> <span class='ocrx_word' id='word_1_269' title='bbox 801 3311 932 3391; x_wconf 87' lang='lat' dir='ltr'><strong><em>ipsi</em></strong></span> <span class='ocrx_word' id='word_1_270' title='bbox 975 3315 1031 3373; x_wconf 88' lang='lat' dir='ltr'><strong><em>et</em></strong></span> <span class='ocrx_word' id='word_1_271' title='bbox 1070 3308 1251 3373; x_wconf 90' lang='lat' dir='ltr'><strong><em>nobis</em></strong></span> <span class='ocrx_word' id='word_1_272' title='bbox 1284 3309 1629 3390; x_wconf 76' lang='lat' dir='ltr'><strong><em>lucrifieret,</em></strong></span> <span class='ocrx_word' id='word_1_273' title='bbox 1674 3312 2049 3375; x_wconf 87' lang='lat' dir='ltr'><strong><em>conturbatis</em></strong></span> <span class='ocrx_word' id='word_1_274' title='bbox 2071 3312 2331 3392; x_wconf 85' lang='lat' dir='ltr'><strong><em>penitus</em></strong></span> 
     </span>
     <span class='ocr_line' id='line_1_35' title="bbox 382 3395 2329 3478; baseline 0 -17"><span class='ocrx_word' id='word_1_275' title='bbox 382 3396 573 3461; x_wconf 86' lang='lat' dir='ltr'><strong><em>totius</em></strong></span> <span class='ocrx_word' id='word_1_276' title='bbox 613 3401 878 3461; x_wconf 87' lang='lat' dir='ltr'><strong><em>naturae</em></strong></span> <span class='ocrx_word' id='word_1_277' title='bbox 919 3395 1182 3478; x_wconf 75' lang='lat' dir='ltr'><strong><em>leqibus,</em></strong></span> <span class='ocrx_word' id='word_1_278' title='bbox 1237 3400 1419 3476; x_wconf 89' lang='lat' dir='ltr'><strong><em>atque</em></strong></span> <span class='ocrx_word' id='word_1_279' title='bbox 1462 3396 1678 3461; x_wconf 81' lang='lat' dir='ltr'><strong><em>ordine</em></strong></span> <span class='ocrx_word' id='word_1_280' title='bbox 1720 3415 1930 3459; x_wconf 76' lang='lat' dir='ltr'><strong><em>rerum</em></strong></span> <span class='ocrx_word' id='word_1_281' title='bbox 1959 3402 2329 3477; x_wconf 87' lang='lat' dir='ltr'><strong><em>permutato,</em></strong></span> 
     </span>
     <span class='ocr_line' id='line_1_36' title="bbox 383 3480 2329 3561; baseline 0.001 -16"><span class='ocrx_word' id='word_1_282' title='bbox 383 3487 442 3545; x_wconf 87' lang='lat' dir='ltr'><strong><em>et</em></strong></span> <span class='ocrx_word' id='word_1_283' title='bbox 480 3480 664 3547; x_wconf 83' lang='lat' dir='ltr'><strong><em>Deus</em></strong></span> <span class='ocrx_word' id='word_1_284' title='bbox 708 3482 1085 3546; x_wconf 79' lang='lat' dir='ltr'><strong><em>descenderet</em></strong></span> <span class='ocrx_word' id='word_1_285' title='bbox 1123 3480 1197 3544; x_wconf 85' lang='lat' dir='ltr'><strong><em>in</em></strong></span> <span class='ocrx_word' id='word_1_286' title='bbox 1239 3486 1460 3559; x_wconf 88' lang='lat' dir='ltr'><strong><em>terras,</em></strong></span> <span class='ocrx_word' id='word_1_287' title='bbox 1502 3485 1575 3544; x_wconf 89' lang='lat' dir='ltr'><strong><em>ut</em></strong></span> <span class='ocrx_word' id='word_1_288' title='bbox 1610 3480 1783 3561; x_wconf 77' lang='lat' dir='ltr'><strong><em>fieret</em></strong></span> <span class='ocrx_word' id='word_1_289' title='bbox 1824 3480 2014 3560; x_wconf 80' lang='lat' dir='ltr'><strong><em>homo,</em></strong></span> <span class='ocrx_word' id='word_1_290' title='bbox 2059 3487 2114 3544; x_wconf 88' lang='lat' dir='ltr'><strong><em>et</em></strong></span> <span class='ocrx_word' id='word_1_291' title='bbox 2155 3482 2329 3547; x_wconf 75' lang='lat' dir='ltr'><strong><em>bom0</em></strong></span> 
     </span>
     <span class='ocr_line' id='line_1_37' title="bbox 379 3564 2330 3736; baseline 0 -18"><span class='ocrx_word' id='word_1_292' title='bbox 379 3568 839 3718; x_wconf 53' lang='lat' dir='ltr'><strong><em>mm?</em></strong></span> <span class='ocrx_word' id='word_1_293' title='bbox 860 3566 1302 3736; x_wconf 52' lang='grc' dir='ltr'><strong><em>(ῧθῗῖὠαῖἷ)</em></strong></span> <span class='ocrx_word' id='word_1_294' title='bbox 1324 3565 1736 3731; x_wconf 47' lang='lat' dir='ltr'><strong><em>&amp;tim</em></strong></span> <span class='ocrx_word' id='word_1_295' title='bbox 1778 3564 2330 3718; x_wconf 53' lang='grc' dir='ltr'><strong><em>εὲἒξῗιῖΐῗηῗῶῗ</em></strong></span> 
     </span>
     <span class='ocr_line' id='line_1_38' title="bbox 1308 3700 1625 3730; baseline 0 -16"><span class='ocrx_word' id='word_1_296' title='bbox 1308 3700 1328 3714; x_wconf 92' lang='grc'><em>.</em></span> <span class='ocrx_word' id='word_1_297' title='bbox 1557 3701 1573 3730; x_wconf 93' lang='grc'>,</span> <span class='ocrx_word' id='word_1_298' title='bbox 1618 3716 1625 3723; x_wconf 70' lang='grc'><strong>,</strong></span> 
     </span>
     <span class='ocr_line' id='line_1_39' title="bbox 381 3737 2332 3818; baseline 0 -15"><span class='ocrx_word' id='word_1_299' title='bbox 381 3738 500 3803; x_wconf 89' lang='lat' dir='ltr'><strong><em>bus</em></strong></span> <span class='ocrx_word' id='word_1_300' title='bbox 540 3739 805 3817; x_wconf 85' lang='lat' dir='ltr'><strong><em>nostris,</em></strong></span> <span class='ocrx_word' id='word_1_301' title='bbox 859 3738 929 3804; x_wconf 85' lang='lat' dir='ltr'><strong><em>id</em></strong></span> <span class='ocrx_word' id='word_1_302' title='bbox 981 3742 1099 3816; x_wconf 89' lang='lat' dir='ltr'><strong><em>est,</em></strong></span> <span class='ocrx_word' id='word_1_303' title='bbox 1138 3737 1631 3818; x_wconf 84' lang='lat' dir='ltr'><strong><em>nobismetipsis</em></strong></span> <span class='ocrx_word' id='word_1_304' title='bbox 1674 3739 1870 3802; x_wconf 84' lang='lat' dir='ltr'><strong><em>vitam</em></strong></span> <span class='ocrx_word' id='word_1_305' title='bbox 1911 3739 2332 3804; x_wconf 83' lang='lat' dir='ltr'><strong><em>inveniamus.-</em></strong></span> 
     </span>
     <span class='ocr_line' id='line_1_40' title="bbox 381 3823 2329 3906; baseline 0.002 -19"><span class='ocrx_word' id='word_1_306' title='bbox 381 3845 503 3906; x_wconf 87' lang='lat' dir='ltr'><strong><em>quo</em></strong></span> <span class='ocrx_word' id='word_1_307' title='bbox 542 3825 789 3889; x_wconf 84' lang='lat' dir='ltr'><strong><em>nullum</em></strong></span> <span class='ocrx_word' id='word_1_308' title='bbox 832 3829 1110 3904; x_wconf 86' lang='lat' dir='ltr'><strong><em>optatum</em></strong></span> <span class='ocrx_word' id='word_1_309' title='bbox 1149 3823 1556 3888; x_wconf 73' lang='lat' dir='ltr'><strong><em>vehementius</em></strong></span> <span class='ocrx_word' id='word_1_310' title='bbox 1571 3874 1585 3902; x_wconf 90' lang='lat'>‚</span> <span class='ocrx_word' id='word_1_311' title='bbox 1628 3823 1873 3888; x_wconf 87' lang='lat' dir='ltr'><strong><em>nullum</em></strong></span> <span class='ocrx_word' id='word_1_312' title='bbox 1913 3825 2137 3890; x_wconf 89' lang='lat' dir='ltr'><strong><em>bonum</em></strong></span> <span class='ocrx_word' id='word_1_313' title='bbox 2180 3827 2329 3890; x_wconf 87' lang='lat' dir='ltr'><strong><em>inte-</em></strong></span> 
     </span>
     <span class='ocr_line' id='line_1_41' title="bbox 379 3908 2329 3993; baseline 0 -18"><span class='ocrx_word' id='word_1_314' title='bbox 379 3911 543 3988; x_wconf 85' lang='lat' dir='ltr'><strong><em>rius,</em></strong></span> <span class='ocrx_word' id='word_1_315' title='bbox 585 3930 693 3974; x_wconf 88' lang='lat' dir='ltr'><strong><em>nec</em></strong></span> <span class='ocrx_word' id='word_1_316' title='bbox 732 3910 941 3993; x_wconf 81' lang='lat' dir='ltr'><strong><em>maqis</em></strong></span> <span class='ocrx_word' id='word_1_317' title='bbox 984 3910 1374 3975; x_wconf 84' lang='lat' dir='ltr'><strong><em>coniunctum</em></strong></span> <span class='ocrx_word' id='word_1_318' title='bbox 1415 3930 1489 3975; x_wconf 90' lang='lat' dir='ltr'><strong><em>ac</em></strong></span> <span class='ocrx_word' id='word_1_319' title='bbox 1528 3908 1854 3990; x_wconf 80' lang='lat' dir='ltr'><strong><em>familiare</em></strong></span> <span class='ocrx_word' id='word_1_320' title='bbox 1894 3911 2071 3976; x_wconf 87' lang='lat' dir='ltr'><strong><em>nobis</em></strong></span> <span class='ocrx_word' id='word_1_321' title='bbox 2110 3912 2329 3977; x_wconf 85' lang='lat' dir='ltr'><strong><em>adesse</em></strong></span> 
     </span>
     <span class='ocr_line' id='line_1_42' title="bbox 372 3995 2329 4077; baseline 0.001 -17"><span class='ocrx_word' id='word_1_322' title='bbox 372 4001 589 4077; x_wconf 88' lang='lat' dir='ltr'><strong><em>potest.</em></strong></span> <span class='ocrx_word' id='word_1_323' title='bbox 685 3996 997 4076; x_wconf 77' lang='lat' dir='ltr'><strong><em>Quantum</em></strong></span> <span class='ocrx_word' id='word_1_324' title='bbox 1041 3996 1207 4059; x_wconf 86' lang='lat' dir='ltr'><strong><em>enim</em></strong></span> <span class='ocrx_word' id='word_1_325' title='bbox 1244 4015 1373 4061; x_wconf 91' lang='lat' dir='ltr'><strong><em>sese</em></strong></span> <span class='ocrx_word' id='word_1_326' title='bbox 1412 3995 1626 4077; x_wconf 79' lang='lat' dir='ltr'><strong><em>diliqit</em></strong></span> <span class='ocrx_word' id='word_1_327' title='bbox 1677 3998 2132 4077; x_wconf 87' lang='lat' dir='ltr'><strong><em>unusquisque,</em></strong></span> <span class='ocrx_word' id='word_1_328' title='bbox 2194 4003 2329 4061; x_wconf 90' lang='lat' dir='ltr'><strong><em>tan-</em></strong></span> 
     </span>
     <span class='ocr_line' id='line_1_43' title="bbox 382 4081 2324 4166; baseline 0.001 -21"><span class='ocrx_word' id='word_1_329' title='bbox 382 4087 516 4146; x_wconf 87' lang='lat' dir='ltr'><strong><em>tum</em></strong></span> <span class='ocrx_word' id='word_1_330' title='bbox 556 4082 688 4163; x_wconf 88' lang='lat' dir='ltr'><strong><em>ipsi</em></strong></span> <span class='ocrx_word' id='word_1_331' title='bbox 730 4081 909 4147; x_wconf 87' lang='lat' dir='ltr'><strong><em>salus</em></strong></span> <span class='ocrx_word' id='word_1_332' title='bbox 950 4101 1104 4145; x_wconf 88' lang='lat' dir='ltr'><strong><em>cara</em></strong></span> <span class='ocrx_word' id='word_1_333' title='bbox 1145 4086 1237 4144; x_wconf 92' lang='lat' dir='ltr'><strong><em>est</em></strong></span> <span class='ocrx_word' id='word_1_334' title='bbox 1276 4101 1427 4145; x_wconf 85' lang='lat' dir='ltr'><strong><em>sua.-</em></strong></span> <span class='ocrx_word' id='word_1_335' title='bbox 1483 4101 1639 4162; x_wconf 86' lang='lat' dir='ltr'><strong><em>quae</em></strong></span> <span class='ocrx_word' id='word_1_336' title='bbox 1691 4081 1752 4145; x_wconf 88' lang='lat' dir='ltr'><strong><em>si</em></strong></span> <span class='ocrx_word' id='word_1_337' title='bbox 1805 4083 2156 4166; x_wconf 76' lang='lat' dir='ltr'><strong><em>neqliqatur</em></strong></span> <span class='ocrx_word' id='word_1_338' title='bbox 2199 4089 2257 4147; x_wconf 89' lang='lat' dir='ltr'><strong><em>et</em></strong></span> <span class='ocrx_word' id='word_1_339' title='bbox 2267 4084 2324 4161; x_wconf 87' lang='lat'><strong><em>⁴)</em></strong></span> 
     </span>
     <span class='ocr_line' id='line_1_44' title="bbox 382 4166 2333 4250; baseline 0.001 -18"><span class='ocrx_word' id='word_1_340' title='bbox 382 4167 738 4246; x_wconf 76' lang='lat' dir='ltr'><strong><em>obiiciatur,</em></strong></span> <span class='ocrx_word' id='word_1_341' title='bbox 774 4167 935 4248; x_wconf 86' lang='lat' dir='ltr'><strong><em>quod</em></strong></span> <span class='ocrx_word' id='word_1_342' title='bbox 969 4167 1215 4231; x_wconf 88' lang='lat' dir='ltr'><strong><em>tandem</em></strong></span> <span class='ocrx_word' id='word_1_343' title='bbox 1248 4167 1369 4231; x_wconf 91' lang='lat' dir='ltr'><strong><em>erit</em></strong></span> <span class='ocrx_word' id='word_1_344' title='bbox 1388 4166 1752 4249; x_wconf 88' lang='lat' dir='ltr'><strong><em>praemium</em></strong></span> <span class='ocrx_word' id='word_1_345' title='bbox 1785 4169 1950 4248; x_wconf 88' lang='lat' dir='ltr'><strong><em>quod</em></strong></span> <span class='ocrx_word' id='word_1_346' title='bbox 1972 4169 2181 4248; x_wconf 88' lang='lat' dir='ltr'><strong><em>possit</em></strong></span> <span class='ocrx_word' id='word_1_347' title='bbox 2201 4189 2333 4250; x_wconf 85' lang='lat' dir='ltr'><strong><em>par</em></strong></span> 
     </span>
     <span class='ocr_line' id='line_1_45' title="bbox 381 4252 2331 4336; baseline -0.001 -17"><span class='ocrx_word' id='word_1_348' title='bbox 381 4252 681 4334; x_wconf 73' lang='lat' dir='ltr'><strong><em>acquiri?</em></strong></span> <span class='ocrx_word' id='word_1_349' title='bbox 772 4254 975 4333; x_wconf 73' lang='lat' dir='ltr'><strong><em>Quam</em></strong></span> <span class='ocrx_word' id='word_1_350' title='bbox 1017 4253 1183 4316; x_wconf 88' lang='lat' dir='ltr'><strong><em>enim</em></strong></span> <span class='ocrx_word' id='word_1_351' title='bbox 1224 4253 1483 4336; x_wconf 80' lang='lat' dir='ltr'><strong><em>diqnam</em></strong></span> <span class='ocrx_word' id='word_1_352' title='bbox 1523 4253 1782 4331; x_wconf 84' lang='lat' dir='ltr'><strong><em>accipiet</em></strong></span> <span class='ocrx_word' id='word_1_353' title='bbox 1832 4253 2008 4320; x_wconf 76' lang='lat' dir='ltr'><strong><em>homo</em></strong></span> <span class='ocrx_word' id='word_1_354' title='bbox 2060 4275 2331 4335; x_wconf 85' lang='lat' dir='ltr'><strong><em>compen-</em></strong></span> 
     </span>
     <span class='ocr_line' id='line_1_46' title="bbox 381 4337 2332 4421; baseline 0.001 -17"><span class='ocrx_word' id='word_1_355' title='bbox 381 4339 683 4404; x_wconf 87' lang='lat' dir='ltr'><strong><em>sationem</em></strong></span> <span class='ocrx_word' id='word_1_356' title='bbox 714 4358 839 4419; x_wconf 87' lang='lat' dir='ltr'><strong><em>pro</em></strong></span> <span class='ocrx_word' id='word_1_357' title='bbox 892 4340 1111 4403; x_wconf 89' lang='lat' dir='ltr'><strong><em>anima</em></strong></span> <span class='ocrx_word' id='word_1_358' title='bbox 1160 4359 1310 4417; x_wconf 88' lang='lat' dir='ltr'><strong><em>sua,</em></strong></span> <span class='ocrx_word' id='word_1_359' title='bbox 1364 4339 1573 4421; x_wconf 89' lang='lat' dir='ltr'><strong><em>inquit</em></strong></span> <span class='ocrx_word' id='word_1_360' title='bbox 1614 4337 1958 4418; x_wconf 79' lang='lat' dir='ltr'><strong><em>Dominus,</em></strong></span> <span class='ocrx_word' id='word_1_361' title='bbox 2013 4345 2125 4404; x_wconf 89' lang='lat' dir='ltr'><strong><em>aut</em></strong></span> <span class='ocrx_word' id='word_1_362' title='bbox 2175 4341 2332 4420; x_wconf 90' lang='lat' dir='ltr'><strong><em>quid</em></strong></span> 
     </span>
     <span class='ocr_line' id='line_1_47' title="bbox 374 4423 2329 4505; baseline -0.001 -14"><span class='ocrx_word' id='word_1_363' title='bbox 374 4425 664 4505; x_wconf 84' lang='lat' dir='ltr'><strong><em>proderit</em></strong></span> <span class='ocrx_word' id='word_1_364' title='bbox 710 4423 951 4489; x_wconf 76' lang='lat' dir='ltr'><strong><em>homini</em></strong></span> <span class='ocrx_word' id='word_1_365' title='bbox 964 4475 980 4503; x_wconf 89' lang='lat'><strong><em>,</em></strong></span> <span class='ocrx_word' id='word_1_366' title='bbox 1038 4424 1134 4490; x_wconf 86' lang='lat' dir='ltr'><strong><em>vel</em></strong></span> <span class='ocrx_word' id='word_1_367' title='bbox 1184 4425 1246 4489; x_wconf 92' lang='lat' dir='ltr'><strong><em>si</em></strong></span> <span class='ocrx_word' id='word_1_368' title='bbox 1288 4425 1655 4489; x_wconf 85' lang='lat' dir='ltr'><strong><em>universum</em></strong></span> <span class='ocrx_word' id='word_1_369' title='bbox 1701 4424 2003 4489; x_wconf 77' lang='lat' dir='ltr'><strong><em>mundum</em></strong></span> <span class='ocrx_word' id='word_1_370' title='bbox 2045 4425 2329 4503; x_wconf 85' lang='lat' dir='ltr'><strong><em>lueretur,</em></strong></span> 
     </span>
    </p>
   </div>
   <div class='ocr_carea' id='block_1_3' title="bbox 384 4729 2337 5007">
    <p class='ocr_par' dir='ltr' id='par_1_3' title="bbox 384 4729 2337 5007">
     <span class='ocr_line' id='line_1_48' title="bbox 528 4729 2336 4854; baseline 0.001 -71"><span class='ocrx_word' id='word_1_371' title='bbox 528 4730 588 4798; x_wconf 92' lang='lat'><strong><em>1)</em></strong></span> <span class='ocrx_word' id='word_1_372' title='bbox 625 4729 781 4784; x_wconf 84' lang='lat' dir='ltr'><strong><em>Haec</em></strong></span> <span class='ocrx_word' id='word_1_373' title='bbox 812 4732 1005 4785; x_wconf 83' lang='lat' dir='ltr'><strong><em>verba.-</em></strong></span> <span class='ocrx_word' id='word_1_374' title='bbox 1047 4747 1155 4810; x_wconf 58' lang='lat' dir='ltr'><strong><em>qipa</em></strong></span> <span class='ocrx_word' id='word_1_375' title='bbox 1191 4747 1248 4784; x_wconf 83' lang='lat' dir='ltr'><strong><em>se</em></strong></span> <span class='ocrx_word' id='word_1_376' title='bbox 1284 4732 1459 4800; x_wconf 82' lang='lat' dir='ltr'><strong><em>ipsum</em></strong></span> <span class='ocrx_word' id='word_1_377' title='bbox 1496 4732 1790 4854; x_wconf 44' lang='lat' dir='ltr'><strong><em>suscitavi&amp;</em></strong></span> <span class='ocrx_word' id='word_1_378' title='bbox 1826 4739 1921 4786; x_wconf 80' lang='lat' dir='ltr'><strong><em>aut</em></strong></span> <span class='ocrx_word' id='word_1_379' title='bbox 1957 4740 2104 4787; x_wconf 82' lang='lat' dir='ltr'><strong><em>certe</em></strong></span> <span class='ocrx_word' id='word_1_380' title='bbox 2169 4733 2336 4802; x_wconf 74' lang='lat' dir='ltr'><strong><em>neqli-</em></strong></span> 
     </span>
     <span class='ocr_line' id='line_1_49' title="bbox 384 4774 2335 4923; baseline -0.001 -70"><span class='ocrx_word' id='word_1_381' title='bbox 384 4800 573 4881; x_wconf 72' lang='lat' dir='ltr'><strong><em>yentia</em></strong></span> <span class='ocrx_word' id='word_1_382' title='bbox 618 4801 938 4881; x_wconf 73' lang='lat' dir='ltr'><strong><em>correctoris</em></strong></span> <span class='ocrx_word' id='word_1_383' title='bbox 984 4798 1301 4853; x_wconf 73' lang='lat' dir='ltr'><strong><em>exciderunt</em></strong></span> <span class='ocrx_word' id='word_1_384' title='bbox 1330 4801 1427 4882; x_wconf 34' lang='lat' dir='ltr'><strong><em>&#39;in&#39;</em></strong></span> <span class='ocrx_word' id='word_1_385' title='bbox 1450 4800 1685 4854; x_wconf 76' lang='lat' dir='ltr'><strong><em>editione</em></strong></span> <span class='ocrx_word' id='word_1_386' title='bbox 1787 4802 2040 4882; x_wconf 73' lang='lat' dir='ltr'><strong><em>enevensi</em></strong></span> <span class='ocrx_word' id='word_1_387' title='bbox 2075 4774 2259 4923; x_wconf 49' lang='lat'><strong><em>¹5⁴3}</em></strong></span> <span class='ocrx_word' id='word_1_388' title='bbox 2284 4808 2335 4883; x_wconf 72' lang='lat' dir='ltr'><strong><em>et</em></strong></span> 
     </span>
     <span class='ocr_line' id='line_1_50' title="bbox 388 4868 2337 5007; baseline 0.001 -16"><span class='ocrx_word' id='word_1_389' title='bbox 388 4884 470 4991; x_wconf 67' lang='lat'><em>«⁸1⁸⁶</em></span> <span class='ocrx_word' id='word_1_390' title='bbox 542 4883 812 4990; x_wconf 45' lang='lat' dir='ltr'><strong><em>“agitatu</em></strong></span> <span class='ocrx_word' id='word_1_391' title='bbox 845 4868 1669 5007; x_wconf 44' lang='lat' dir='ltr'><strong><em>ommgsoessgmusoetgg</em></strong></span> <span class='ocrx_word' id='word_1_392' title='bbox 1701 4869 1909 5001; x_wconf 39' lang='lat' dir='ltr'><strong><em>hafflig)</em></strong></span> <span class='ocrx_word' id='word_1_393' title='bbox 1926 4885 2158 4993; x_wconf 53' lang='lat' dir='ltr'><strong><em>qffl&#39;ilig</em></strong></span> <span class='ocrx_word' id='word_1_394' title='bbox 2174 4886 2337 5006; x_wconf 44' lang='lat' dir='ltr'><strong><em>prta:f</em></strong></span> 
     </span>
    </p>
   </div>
   <div class='ocr_carea' id='block_1_4' title="bbox 387 5004 2352 5075">
    <p class='ocr_par' dir='ltr' id='par_1_4' title="bbox 387 5004 2352 5075">
     <span class='ocr_line' id='line_1_51' title="bbox 387 5004 2352 5075; baseline 0.001 -16"><span class='ocrx_word' id='word_1_395' title='bbox 387 5021 517 5075; x_wconf 84' lang='lat' dir='ltr'><strong><em>ceps</em></strong></span> <span class='ocrx_word' id='word_1_396' title='bbox 562 5011 613 5059; x_wconf 86' lang='lat' dir='ltr'><strong><em>et</em></strong></span> <span class='ocrx_word' id='word_1_397' title='bbox 658 5005 1013 5074; x_wconf 72' lang='lat' dir='ltr'><strong><em>apoqraphon</em></strong></span> <span class='ocrx_word' id='word_1_398' title='bbox 1058 5004 1515 5073; x_wconf 66' lang='lat' dir='ltr'><strong><em>Argentoratense</em></strong></span> <span class='ocrx_word' id='word_1_399' title='bbox 1554 5006 1806 5061; x_wconf 81' lang='lat' dir='ltr'><strong><em>mendose</em></strong></span> <span class='ocrx_word' id='word_1_400' title='bbox 1849 5007 2076 5062; x_wconf 75' lang='lat' dir='ltr'><strong><em>habent.-</em></strong></span> <span class='ocrx_word' id='word_1_401' title='bbox 2129 5007 2352 5061; x_wconf 66' lang='lat' dir='ltr'><strong><em>ducem:</em></strong></span> 
     </span>
    </p>
   </div>
   <div class='ocr_carea' id='block_1_5' title="bbox 388 5073 2335 5223">
    <p class='ocr_par' dir='ltr' id='par_1_5' title="bbox 388 5073 2335 5223">
     <span class='ocr_line' id='line_1_52' title="bbox 394 5073 2335 5145; baseline 0 -16"><span class='ocrx_word' id='word_1_402' title='bbox 394 5074 596 5129; x_wconf 77' lang='lat' dir='ltr'><strong><em>Gallus</em></strong></span> <span class='ocrx_word' id='word_1_403' title='bbox 631 5078 853 5129; x_wconf 82' lang='lat' dir='ltr'><strong><em>omnino</em></strong></span> <span class='ocrx_word' id='word_1_404' title='bbox 889 5090 999 5127; x_wconf 86' lang='lat' dir='ltr'><strong><em>non</em></strong></span> <span class='ocrx_word' id='word_1_405' title='bbox 1035 5076 1209 5141; x_wconf 77' lang='lat' dir='ltr'><strong><em>vertit,</em></strong></span> <span class='ocrx_word' id='word_1_406' title='bbox 1246 5073 1457 5127; x_wconf 83' lang='lat' dir='ltr'><strong><em>dicens.-</em></strong></span> <span class='ocrx_word' id='word_1_407' title='bbox 1507 5077 1540 5129; x_wconf 65' lang='grc' dir='ltr'>ὲ</span> <span class='ocrx_word' id='word_1_408' title='bbox 1584 5091 1688 5130; x_wconf 85' lang='lat' dir='ltr'><strong><em>une</em></strong></span> <span class='ocrx_word' id='word_1_409' title='bbox 1735 5092 2029 5145; x_wconf 77' lang='lat' dir='ltr'><strong><em>esperanee</em></strong></span> <span class='ocrx_word' id='word_1_410' title='bbox 2081 5075 2335 5130; x_wconf 68' lang='lat' dir='ltr'><strong><em>d’affinite</em></strong></span> 
     </span>
     <span class='ocr_line' id='line_1_53' title="bbox 388 5143 1073 5223; baseline -0.003 -25"><span class='ocrx_word' id='word_1_411' title='bbox 388 5152 448 5198; x_wconf 79' lang='lat' dir='ltr'><strong><em>et</em></strong></span> <span class='ocrx_word' id='word_1_412' title='bbox 483 5144 817 5223; x_wconf 62' lang='lat' dir='ltr'><strong><em>compaigqie</em></strong></span> <span class='ocrx_word' id='word_1_413' title='bbox 855 5143 1073 5198; x_wconf 79' lang='lat' dir='ltr'><strong><em>celeste.</em></strong></span> 
     </span>
    </p>
   </div>
   <div class='ocr_carea' id='block_1_6' title="bbox 391 5140 2337 5281">
    <p class='ocr_par' dir='ltr' id='par_1_6' title="bbox 391 5140 2337 5281">
     <span class='ocr_line' id='line_1_54' title="bbox 1262 5140 2337 5214; baseline 0.005 -19"><span class='ocrx_word' id='word_1_414' title='bbox 1262 5140 1321 5207; x_wconf 74' lang='lat'><strong><em>4)</em></strong></span> <span class='ocrx_word' id='word_1_415' title='bbox 1360 5150 1430 5209; x_wconf 84' lang='lat' dir='ltr'><strong><em>et,</em></strong></span> <span class='ocrx_word' id='word_1_416' title='bbox 1466 5145 1721 5197; x_wconf 73' lang='lat' dir='ltr'><strong><em>omissum</em></strong></span> <span class='ocrx_word' id='word_1_417' title='bbox 1756 5150 1836 5199; x_wconf 81' lang='lat' dir='ltr'><strong><em>est</em></strong></span> <span class='ocrx_word' id='word_1_418' title='bbox 1869 5148 1932 5199; x_wconf 83' lang='lat' dir='ltr'><strong><em>in</em></strong></span> <span class='ocrx_word' id='word_1_419' title='bbox 1964 5144 2047 5200; x_wconf 83' lang='lat' dir='ltr'><strong><em>ed.</em></strong></span> <span class='ocrx_word' id='word_1_420' title='bbox 2076 5145 2337 5214; x_wconf 78' lang='lat' dir='ltr'><strong><em>principe</em></strong></span> 
     </span>
     <span class='ocr_line' id='line_1_55' title="bbox 391 5211 1399 5281; baseline 0.004 -17"><span class='ocrx_word' id='word_1_421' title='bbox 391 5211 777 5281; x_wconf 58' lang='lat' dir='ltr'><strong><em>[maydunensi.</em></strong></span> <span class='ocrx_word' id='word_1_422' title='bbox 1379 5236 1399 5247; x_wconf 83' lang='lat'>-</span> 
     </span>
    </p>
   </div>
   <div class='ocr_carea' id='block_1_7' title="bbox 1755 278 3012 363">
    <p class='ocr_par' dir='ltr' id='par_1_7' title="bbox 1755 278 3012 363">
     <span class='ocr_line' id='line_1_56' title="bbox 1755 278 3012 363; baseline 0.001 -2"><span class='ocrx_word' id='word_1_423' title='bbox 1755 278 2214 363; x_wconf 73' lang='lat' dir='ltr'>EPISTOLA</span> <span class='ocrx_word' id='word_1_424' title='bbox 2253 295 2384 361; x_wconf 85' lang='lat' dir='ltr'><strong><em>AD</em></strong></span> <span class='ocrx_word' id='word_1_425' title='bbox 2430 294 3012 362; x_wconf 67' lang='lat' dir='ltr'><strong><em>GENEVA&#39;JJES.</em></strong></span> 
     </span>
    </p>
   </div>
   <div class='ocr_carea' id='block_1_8' title="bbox 2380 488 2394 5256">
    <p class='ocr_par' dir='ltr' id='par_1_8' title="bbox 2380 488 2394 5256">
     <span class='ocr_line' id='line_1_57' title="bbox 2380 488 2394 5256; baseline 0 0"><span class='ocrx_word' id='word_1_426' title='bbox 2380 488 2394 5256; x_wconf 95' lang='lat' dir='ltr'><strong><em> </em></strong></span> 
     </span>
    </p>
   </div>
   <div class='ocr_carea' id='block_1_9' title="bbox 4268 301 4402 365">
    <p class='ocr_par' dir='ltr' id='par_1_9' title="bbox 4268 301 4402 365">
     <span class='ocr_line' id='line_1_58' title="bbox 4268 301 4402 365; baseline 0.03 -5"><span class='ocrx_word' id='word_1_427' title='bbox 4268 301 4402 365; x_wconf 77' lang='lat'><strong><em>374</em></strong></span> 
     </span>
    </p>
   </div>
   <div class='ocr_carea' id='block_1_10' title="bbox 2424 484 4402 4420">
    <p class='ocr_par' dir='ltr' id='par_1_10' title="bbox 2424 484 4402 4420">
     <span class='ocr_line' id='line_1_59' title="bbox 2434 484 4396 572; baseline 0.002 -23"><span class='ocrx_word' id='word_1_428' title='bbox 2434 484 2686 550; x_wconf 88' lang='lat' dir='ltr'><strong><em>animae</em></strong></span> <span class='ocrx_word' id='word_1_429' title='bbox 2743 488 2950 551; x_wconf 86' lang='lat' dir='ltr'><strong><em>autem</em></strong></span> <span class='ocrx_word' id='word_1_430' title='bbox 3003 504 3157 550; x_wconf 88' lang='lat' dir='ltr'><strong><em>suae</em></strong></span> <span class='ocrx_word' id='word_1_431' title='bbox 3195 485 3511 551; x_wconf 87' lang='lat' dir='ltr'><strong><em>iacturam</em></strong></span> <span class='ocrx_word' id='word_1_432' title='bbox 3542 485 3836 566; x_wconf 84' lang='lat' dir='ltr'><strong><em>patiatur</em></strong></span> <span class='ocrx_word' id='word_1_433' title='bbox 3853 485 3889 550; x_wconf 77' lang='lat'><strong><em>,2</em></strong></span> <span class='ocrx_word' id='word_1_434' title='bbox 3981 485 4156 553; x_wconf 87' lang='lat' dir='ltr'><strong><em>Haec</em></strong></span> <span class='ocrx_word' id='word_1_435' title='bbox 4191 487 4396 572; x_wconf 75' lang='lat' dir='ltr'><strong><em>iqitur</em></strong></span> 
     </span>
     <span class='ocr_line' id='line_1_60' title="bbox 2433 571 4394 655; baseline 0.002 -20"><span class='ocrx_word' id='word_1_436' title='bbox 2433 575 2562 635; x_wconf 86' lang='lat' dir='ltr'><strong><em>tam</em></strong></span> <span class='ocrx_word' id='word_1_437' title='bbox 2614 571 2858 652; x_wconf 88' lang='lat' dir='ltr'><strong><em>ampla,</em></strong></span> <span class='ocrx_word' id='word_1_438' title='bbox 2919 576 3049 635; x_wconf 88' lang='lat' dir='ltr'><strong><em>tam</em></strong></span> <span class='ocrx_word' id='word_1_439' title='bbox 3101 590 3280 651; x_wconf 89' lang='lat' dir='ltr'><strong><em>cara,</em></strong></span> <span class='ocrx_word' id='word_1_440' title='bbox 3335 575 3467 636; x_wconf 89' lang='lat' dir='ltr'><strong><em>tam</em></strong></span> <span class='ocrx_word' id='word_1_441' title='bbox 3504 572 3788 651; x_wconf 90' lang='lat' dir='ltr'><strong><em>pretiosa</em></strong></span> <span class='ocrx_word' id='word_1_442' title='bbox 3829 572 4173 653; x_wconf 79' lang='lat' dir='ltr'><strong><em>professio,</em></strong></span> <span class='ocrx_word' id='word_1_443' title='bbox 4230 594 4394 655; x_wconf 89' lang='lat' dir='ltr'><strong><em>quae</em></strong></span> 
     </span>
     <span class='ocr_line' id='line_1_61' title="bbox 2431 656 4388 739; baseline 0.002 -18"><span class='ocrx_word' id='word_1_444' title='bbox 2431 661 2678 721; x_wconf 88' lang='lat' dir='ltr'><strong><em>nostrae</em></strong></span> <span class='ocrx_word' id='word_1_445' title='bbox 2717 657 2969 722; x_wconf 87' lang='lat' dir='ltr'><strong><em>animae</em></strong></span> <span class='ocrx_word' id='word_1_446' title='bbox 3008 656 3186 722; x_wconf 88' lang='lat' dir='ltr'><strong><em>salus</em></strong></span> <span class='ocrx_word' id='word_1_447' title='bbox 3228 657 3565 739; x_wconf 87' lang='lat' dir='ltr'><strong><em>unicuique</em></strong></span> <span class='ocrx_word' id='word_1_448' title='bbox 3607 662 3888 722; x_wconf 71' lang='lat' dir='ltr'><strong><em>nostoum</em></strong></span> <span class='ocrx_word' id='word_1_449' title='bbox 3938 662 4054 736; x_wconf 91' lang='lat' dir='ltr'><strong><em>est,</em></strong></span> <span class='ocrx_word' id='word_1_450' title='bbox 4110 660 4279 724; x_wconf 83' lang='lat' dir='ltr'><strong><em>omni</em></strong></span> <span class='ocrx_word' id='word_1_451' title='bbox 4321 659 4388 724; x_wconf 86' lang='lat' dir='ltr'><strong><em>vi</em></strong></span> 
     </span>
     <span class='ocr_line' id='line_1_62' title="bbox 2432 741 4387 824; baseline 0.002 -18"><span class='ocrx_word' id='word_1_452' title='bbox 2432 747 2489 806; x_wconf 90' lang='lat' dir='ltr'><strong><em>et</em></strong></span> <span class='ocrx_word' id='word_1_453' title='bbox 2530 747 2750 808; x_wconf 87' lang='lat' dir='ltr'><strong><em>conatu</em></strong></span> <span class='ocrx_word' id='word_1_454' title='bbox 2790 741 2969 807; x_wconf 90' lang='lat' dir='ltr'><strong><em>nobis</em></strong></span> <span class='ocrx_word' id='word_1_455' title='bbox 3016 741 3339 807; x_wconf 85' lang='lat' dir='ltr'><strong><em>retinenda</em></strong></span> <span class='ocrx_word' id='word_1_456' title='bbox 3392 748 3511 807; x_wconf 80' lang='lat' dir='ltr'><strong><em>est.-</em></strong></span> <span class='ocrx_word' id='word_1_457' title='bbox 3567 743 3880 824; x_wconf 81' lang='lat' dir='ltr'><strong><em>siquidem</em></strong></span> <span class='ocrx_word' id='word_1_458' title='bbox 3930 749 4174 808; x_wconf 89' lang='lat' dir='ltr'><strong><em>caetera</em></strong></span> <span class='ocrx_word' id='word_1_459' title='bbox 4227 743 4387 810; x_wconf 88' lang='lat' dir='ltr'><strong><em>bona</em></strong></span> 
     </span>
     <span class='ocr_line' id='line_1_63' title="bbox 2431 827 4386 981; baseline 0.002 -3"><span class='ocrx_word' id='word_1_460' title='bbox 2431 827 3807 980; x_wconf 51' lang='lat' dir='ltr'><strong><em>{ffttstffbffifflzsssttfflztsstss</em></strong></span> <span class='ocrx_word' id='word_1_461' title='bbox 3855 829 4105 979; x_wconf 42' lang='lat' dir='ltr'><strong><em>tzitta</em></strong></span> <span class='ocrx_word' id='word_1_462' title='bbox 4128 832 4386 981; x_wconf 51' lang='grc' dir='ltr'><strong><em>Ὑίἷέέἐ</em></strong></span> 
     </span>
     <span class='ocr_line' id='line_1_64' title="bbox 2430 1000 4392 1081; baseline 0.001 -17"><span class='ocrx_word' id='word_1_463' title='bbox 2430 1000 2638 1064; x_wconf 88' lang='lat' dir='ltr'><strong><em>solum</em></strong></span> <span class='ocrx_word' id='word_1_464' title='bbox 2666 1005 2966 1081; x_wconf 82' lang='lat' dir='ltr'><strong><em>nostrum,</em></strong></span> <span class='ocrx_word' id='word_1_465' title='bbox 3000 1002 3111 1066; x_wconf 87' lang='lat' dir='ltr'><strong><em>sed</em></strong></span> <span class='ocrx_word' id='word_1_466' title='bbox 3133 1020 3273 1065; x_wconf 85' lang='lat' dir='ltr'><strong><em>vere</em></strong></span> <span class='ocrx_word' id='word_1_467' title='bbox 3303 1005 3537 1064; x_wconf 88' lang='lat' dir='ltr'><strong><em>nosmet</em></strong></span> <span class='ocrx_word' id='word_1_468' title='bbox 3555 1001 3687 1081; x_wconf 89' lang='lat' dir='ltr'><strong><em>ipsi</em></strong></span> <span class='ocrx_word' id='word_1_469' title='bbox 3718 1000 3892 1064; x_wconf 83' lang='lat' dir='ltr'><strong><em>istud</em></strong></span> <span class='ocrx_word' id='word_1_470' title='bbox 3922 1001 4133 1081; x_wconf 88' lang='lat' dir='ltr'><strong><em>ipsum</em></strong></span> <span class='ocrx_word' id='word_1_471' title='bbox 4203 1021 4392 1066; x_wconf 84' lang='lat' dir='ltr'><strong><em>onum</em></strong></span> 
     </span>
     <span class='ocr_line' id='line_1_65' title="bbox 2432 1086 4385 1169; baseline 0 -19"><span class='ocrx_word' id='word_1_472' title='bbox 2432 1105 2669 1150; x_wconf 87' lang='lat' dir='ltr'><strong><em>sumus.</em></strong></span> <span class='ocrx_word' id='word_1_473' title='bbox 2766 1086 2941 1167; x_wconf 74' lang='lat' dir='ltr'><strong><em>Quod</em></strong></span> <span class='ocrx_word' id='word_1_474' title='bbox 2974 1087 3088 1168; x_wconf 89' lang='lat' dir='ltr'><strong><em>qui</em></strong></span> <span class='ocrx_word' id='word_1_475' title='bbox 3126 1086 3459 1169; x_wconf 76' lang='lat' dir='ltr'><strong><em>neqlexerit</em></strong></span> <span class='ocrx_word' id='word_1_476' title='bbox 3498 1091 3680 1167; x_wconf 89' lang='lat' dir='ltr'><strong><em>atque</em></strong></span> <span class='ocrx_word' id='word_1_477' title='bbox 3722 1086 4020 1166; x_wconf 87' lang='lat' dir='ltr'><strong><em>amiserit,</em></strong></span> <span class='ocrx_word' id='word_1_478' title='bbox 4063 1087 4125 1150; x_wconf 89' lang='lat' dir='ltr'><strong><em>is</em></strong></span> <span class='ocrx_word' id='word_1_479' title='bbox 4166 1107 4242 1150; x_wconf 89' lang='lat' dir='ltr'><strong><em>ne</em></strong></span> <span class='ocrx_word' id='word_1_480' title='bbox 4284 1087 4385 1152; x_wconf 90' lang='lat' dir='ltr'><strong><em>bo-</em></strong></span> 
     </span>
     <span class='ocr_line' id='line_1_66' title="bbox 2432 1171 4387 1255; baseline 0 -20"><span class='ocrx_word' id='word_1_481' title='bbox 2432 1191 2589 1235; x_wconf 88' lang='lat' dir='ltr'><strong><em>num</em></strong></span> <span class='ocrx_word' id='word_1_482' title='bbox 2627 1172 2879 1252; x_wconf 85' lang='lat' dir='ltr'><strong><em>quidem</em></strong></span> <span class='ocrx_word' id='word_1_483' title='bbox 2920 1172 3103 1237; x_wconf 88' lang='lat' dir='ltr'><strong><em>aliud</em></strong></span> <span class='ocrx_word' id='word_1_484' title='bbox 3143 1171 3362 1236; x_wconf 75' lang='lat' dir='ltr'><strong><em>habere</em></strong></span> <span class='ocrx_word' id='word_1_485' title='bbox 3403 1172 3609 1237; x_wconf 86' lang='lat' dir='ltr'><strong><em>ullum</em></strong></span> <span class='ocrx_word' id='word_1_486' title='bbox 3643 1172 3896 1253; x_wconf 86' lang='lat' dir='ltr'><strong><em>poterit,</em></strong></span> <span class='ocrx_word' id='word_1_487' title='bbox 3953 1192 4073 1252; x_wconf 90' lang='lat' dir='ltr'><strong><em>quo</em></strong></span> <span class='ocrx_word' id='word_1_488' title='bbox 4110 1173 4387 1255; x_wconf 81' lang='lat' dir='ltr'><strong><em>fruatur,</em></strong></span> 
     </span>
     <span class='ocr_line' id='line_1_67' title="bbox 2434 1257 4386 1339; baseline 0.001 -20"><span class='ocrx_word' id='word_1_489' title='bbox 2434 1258 2664 1338; x_wconf 87' lang='lat' dir='ltr'><strong><em>quippe</em></strong></span> <span class='ocrx_word' id='word_1_490' title='bbox 2705 1278 2897 1338; x_wconf 89' lang='lat' dir='ltr'><strong><em>quum</em></strong></span> <span class='ocrx_word' id='word_1_491' title='bbox 2938 1259 3076 1337; x_wconf 88' lang='lat' dir='ltr'><strong><em>ipse</em></strong></span> <span class='ocrx_word' id='word_1_492' title='bbox 3115 1257 3225 1323; x_wconf 89' lang='lat' dir='ltr'><strong><em>ille</em></strong></span> <span class='ocrx_word' id='word_1_493' title='bbox 3265 1258 3376 1339; x_wconf 89' lang='lat' dir='ltr'><strong><em>qui</em></strong></span> <span class='ocrx_word' id='word_1_494' title='bbox 3419 1258 3726 1322; x_wconf 81' lang='lat' dir='ltr'><strong><em>debuisset</em></strong></span> <span class='ocrx_word' id='word_1_495' title='bbox 3761 1258 3918 1338; x_wconf 84' lang='lat' dir='ltr'><strong><em>frui,</em></strong></span> <span class='ocrx_word' id='word_1_496' title='bbox 3962 1257 4098 1322; x_wconf 90' lang='lat' dir='ltr'><strong><em>iam</em></strong></span> <span class='ocrx_word' id='word_1_497' title='bbox 4138 1278 4206 1322; x_wconf 93' lang='lat' dir='ltr'><strong><em>se</em></strong></span> <span class='ocrx_word' id='word_1_498' title='bbox 4237 1260 4386 1338; x_wconf 84' lang='lat' dir='ltr'><strong><em>pri-</em></strong></span> 
     </span>
     <span class='ocr_line' id='line_1_68' title="bbox 2433 1342 4386 1427; baseline 0.001 -21"><span class='ocrx_word' id='word_1_499' title='bbox 2433 1362 2609 1406; x_wconf 87' lang='lat' dir='ltr'><strong><em>mum</em></strong></span> <span class='ocrx_word' id='word_1_500' title='bbox 2639 1344 3012 1423; x_wconf 85' lang='lat' dir='ltr'><strong><em>prodiderit.</em></strong></span> <span class='ocrx_word' id='word_1_501' title='bbox 3034 1343 3092 1427; x_wconf 82' lang='lat'><strong><em>⁸)</em></strong></span> <span class='ocrx_word' id='word_1_502' title='bbox 3156 1342 3581 1425; x_wconf 81' lang='lat' dir='ltr'><strong><em>Assequimur</em></strong></span> <span class='ocrx_word' id='word_1_503' title='bbox 3604 1363 3798 1424; x_wconf 89' lang='lat' dir='ltr'><strong><em>porro</em></strong></span> <span class='ocrx_word' id='word_1_504' title='bbox 3832 1343 4054 1407; x_wconf 87' lang='lat' dir='ltr'><strong><em>bonum</em></strong></span> <span class='ocrx_word' id='word_1_505' title='bbox 4088 1342 4197 1409; x_wconf 78' lang='lat' dir='ltr'><strong><em>hoc</em></strong></span> <span class='ocrx_word' id='word_1_506' title='bbox 4236 1347 4386 1422; x_wconf 76' lang='lat' dir='ltr'><strong><em>[pag.</em></strong></span> 
     </span>
     <span class='ocr_line' id='line_1_69' title="bbox 2442 1427 4390 1510; baseline 0.001 -19"><span class='ocrx_word' id='word_1_507' title='bbox 2442 1432 2544 1505; x_wconf 86' lang='lat'><strong><em>12]</em></strong></span> <span class='ocrx_word' id='word_1_508' title='bbox 2603 1433 2848 1493; x_wconf 80' lang='lat' dir='ltr'><strong><em>nostrae</em></strong></span> <span class='ocrx_word' id='word_1_509' title='bbox 2894 1434 3232 1510; x_wconf 82' lang='lat' dir='ltr'><strong><em>perpetuae</em></strong></span> <span class='ocrx_word' id='word_1_510' title='bbox 3293 1429 3740 1509; x_wconf 79' lang='lat' dir='ltr'><strong><em>universaeque</em></strong></span> <span class='ocrx_word' id='word_1_511' title='bbox 3783 1427 4044 1493; x_wconf 81' lang='lat' dir='ltr'><strong><em>&#39;salutis</em></strong></span> <span class='ocrx_word' id='word_1_512' title='bbox 4060 1479 4074 1507; x_wconf 90' lang='lat'>‚</span> <span class='ocrx_word' id='word_1_513' title='bbox 4137 1427 4263 1509; x_wconf 74' lang='lat' dir='ltr'><strong><em>fide</em></strong></span> <span class='ocrx_word' id='word_1_514' title='bbox 4315 1429 4390 1492; x_wconf 89' lang='lat' dir='ltr'><strong><em>in</em></strong></span> 
     </span>
     <span class='ocr_line' id='line_1_70' title="bbox 2436 1512 4390 1595; baseline 0 -18"><span class='ocrx_word' id='word_1_515' title='bbox 2436 1512 2645 1577; x_wconf 88' lang='lat' dir='ltr'><strong><em>Deum</em></strong></span> <span class='ocrx_word' id='word_1_516' title='bbox 2694 1514 2830 1579; x_wconf 90' lang='lat' dir='ltr'><strong><em>sola</em></strong></span> <span class='ocrx_word' id='word_1_517' title='bbox 2885 1520 2943 1579; x_wconf 88' lang='lat' dir='ltr'><strong><em>et</em></strong></span> <span class='ocrx_word' id='word_1_518' title='bbox 2993 1516 3063 1579; x_wconf 92' lang='lat' dir='ltr'><strong><em>in</em></strong></span> <span class='ocrx_word' id='word_1_519' title='bbox 3118 1514 3334 1579; x_wconf 86' lang='lat' dir='ltr'><strong><em>Iesum</em></strong></span> <span class='ocrx_word' id='word_1_520' title='bbox 3381 1512 3714 1579; x_wconf 79' lang='lat' dir='ltr'><strong><em>Christum.</em></strong></span> <span class='ocrx_word' id='word_1_521' title='bbox 3811 1514 4016 1595; x_wconf 75' lang='lat' dir='ltr'><strong><em>Quum</em></strong></span> <span class='ocrx_word' id='word_1_522' title='bbox 4071 1514 4208 1580; x_wconf 90' lang='lat' dir='ltr'><strong><em>dico</em></strong></span> <span class='ocrx_word' id='word_1_523' title='bbox 4260 1513 4390 1595; x_wconf 78' lang='lat' dir='ltr'><strong><em>fide</em></strong></span> 
     </span>
     <span class='ocr_line' id='line_1_71' title="bbox 2434 1594 4388 1683; baseline 0 -20"><span class='ocrx_word' id='word_1_524' title='bbox 2434 1600 2590 1677; x_wconf 89' lang='lat' dir='ltr'><strong><em>sola,</em></strong></span> <span class='ocrx_word' id='word_1_525' title='bbox 2631 1619 2758 1663; x_wconf 86' lang='lat' dir='ltr'><strong><em>non</em></strong></span> <span class='ocrx_word' id='word_1_526' title='bbox 2792 1600 2885 1665; x_wconf 88' lang='lat' dir='ltr'><strong><em>ita</em></strong></span> <span class='ocrx_word' id='word_1_527' title='bbox 2918 1600 3207 1683; x_wconf 76' lang='lat' dir='ltr'><strong><em>intelliqo,</em></strong></span> <span class='ocrx_word' id='word_1_528' title='bbox 3250 1594 3767 1682; x_wconf 73' lang='lat' dir='ltr'><strong><em>quemadmodum</em></strong></span> <span class='ocrx_word' id='word_1_529' title='bbox 3802 1600 3911 1664; x_wconf 88' lang='lat' dir='ltr'><strong><em>isti</em></strong></span> <span class='ocrx_word' id='word_1_530' title='bbox 3946 1620 4258 1664; x_wconf 86' lang='lat' dir='ltr'><strong><em>novarum</em></strong></span> <span class='ocrx_word' id='word_1_531' title='bbox 4292 1619 4388 1663; x_wconf 90' lang='lat' dir='ltr'><strong><em>re-</em></strong></span> 
     </span>
     <span class='ocr_line' id='line_1_72' title="bbox 2434 1685 4388 1769; baseline 0.001 -20"><span class='ocrx_word' id='word_1_532' title='bbox 2434 1705 2581 1749; x_wconf 88' lang='lat' dir='ltr'><strong><em>rum</em></strong></span> <span class='ocrx_word' id='word_1_533' title='bbox 2622 1690 2960 1765; x_wconf 87' lang='lat' dir='ltr'><strong><em>repertores</em></strong></span> <span class='ocrx_word' id='word_1_534' title='bbox 3004 1687 3382 1769; x_wconf 74' lang='lat' dir='ltr'><strong><em>intelliyunt,</em></strong></span> <span class='ocrx_word' id='word_1_535' title='bbox 3428 1691 3497 1749; x_wconf 86' lang='lat' dir='ltr'><strong><em>ut</em></strong></span> <span class='ocrx_word' id='word_1_536' title='bbox 3538 1685 3780 1749; x_wconf 86' lang='lat' dir='ltr'><strong><em>seclusa</em></strong></span> <span class='ocrx_word' id='word_1_537' title='bbox 3822 1686 4107 1764; x_wconf 87' lang='lat' dir='ltr'><strong><em>caritate,</em></strong></span> <span class='ocrx_word' id='word_1_538' title='bbox 4154 1690 4210 1750; x_wconf 90' lang='lat' dir='ltr'><strong><em>et</em></strong></span> <span class='ocrx_word' id='word_1_539' title='bbox 4252 1705 4388 1750; x_wconf 88' lang='lat' dir='ltr'><strong><em>cae-</em></strong></span> 
     </span>
     <span class='ocr_line' id='line_1_73' title="bbox 2433 1769 4388 1853; baseline -0.001 -18"><span class='ocrx_word' id='word_1_540' title='bbox 2433 1771 2585 1835; x_wconf 85' lang='lat' dir='ltr'><strong><em>teris</em></strong></span> <span class='ocrx_word' id='word_1_541' title='bbox 2628 1769 3007 1836; x_wconf 76' lang='lat' dir='ltr'><strong><em>christianae</em></strong></span> <span class='ocrx_word' id='word_1_542' title='bbox 3045 1772 3269 1836; x_wconf 88' lang='lat' dir='ltr'><strong><em>mentis</em></strong></span> <span class='ocrx_word' id='word_1_543' title='bbox 3311 1770 3543 1853; x_wconf 72' lang='lat' dir='ltr'><strong><em>officiis</em></strong></span> <span class='ocrx_word' id='word_1_544' title='bbox 3557 1822 3571 1849; x_wconf 93' lang='lat'><strong><em>,</em></strong></span> <span class='ocrx_word' id='word_1_545' title='bbox 3623 1771 3826 1835; x_wconf 89' lang='lat' dir='ltr'><strong><em>solam</em></strong></span> <span class='ocrx_word' id='word_1_546' title='bbox 3877 1772 3947 1834; x_wconf 91' lang='lat' dir='ltr'><strong><em>in</em></strong></span> <span class='ocrx_word' id='word_1_547' title='bbox 3990 1770 4128 1836; x_wconf 89' lang='lat' dir='ltr'><strong><em>Deo</em></strong></span> <span class='ocrx_word' id='word_1_548' title='bbox 4171 1772 4388 1835; x_wconf 87' lang='lat' dir='ltr'><strong><em>credu-</em></strong></span> 
     </span>
     <span class='ocr_line' id='line_1_74' title="bbox 2435 1855 4385 1938; baseline 0 -18"><span class='ocrx_word' id='word_1_549' title='bbox 2435 1856 2672 1920; x_wconf 86' lang='lat' dir='ltr'><strong><em>litatem</em></strong></span> <span class='ocrx_word' id='word_1_550' title='bbox 2694 1862 2749 1920; x_wconf 93' lang='lat' dir='ltr'><strong><em>et</em></strong></span> <span class='ocrx_word' id='word_1_551' title='bbox 2765 1856 3071 1937; x_wconf 75' lang='lat' dir='ltr'><strong><em>fiduciam</em></strong></span> <span class='ocrx_word' id='word_1_552' title='bbox 3103 1858 3301 1938; x_wconf 88' lang='lat' dir='ltr'><strong><em>illam,</em></strong></span> <span class='ocrx_word' id='word_1_553' title='bbox 3338 1878 3464 1938; x_wconf 91' lang='lat' dir='ltr'><strong><em>qua</em></strong></span> <span class='ocrx_word' id='word_1_554' title='bbox 3487 1875 3840 1938; x_wconf 86' lang='lat' dir='ltr'><strong><em>persuasus</em></strong></span> <span class='ocrx_word' id='word_1_555' title='bbox 3872 1876 4015 1921; x_wconf 87' lang='lat' dir='ltr'><strong><em>sum</em></strong></span> <span class='ocrx_word' id='word_1_556' title='bbox 4047 1856 4120 1920; x_wconf 89' lang='lat' dir='ltr'><strong><em>in</em></strong></span> <span class='ocrx_word' id='word_1_557' title='bbox 4145 1855 4385 1921; x_wconf 71' lang='lat' dir='ltr'><strong><em>Christi</em></strong></span> 
     </span>
     <span class='ocr_line' id='line_1_75' title="bbox 2434 1942 4387 2025; baseline 0.001 -20"><span class='ocrx_word' id='word_1_558' title='bbox 2434 1961 2611 2006; x_wconf 89' lang='lat' dir='ltr'><strong><em>cruce</em></strong></span> <span class='ocrx_word' id='word_1_559' title='bbox 2653 1948 2709 2006; x_wconf 91' lang='lat' dir='ltr'><strong><em>et</em></strong></span> <span class='ocrx_word' id='word_1_560' title='bbox 2750 1945 3058 2025; x_wconf 80' lang='lat' dir='ltr'><strong><em>sanquine</em></strong></span> <span class='ocrx_word' id='word_1_561' title='bbox 3098 1963 3238 2008; x_wconf 87' lang='lat' dir='ltr'><strong><em>mea</em></strong></span> <span class='ocrx_word' id='word_1_562' title='bbox 3274 1943 3437 2008; x_wconf 74' lang='lat' dir='ltr'><strong><em>milii</em></strong></span> <span class='ocrx_word' id='word_1_563' title='bbox 3478 1943 3698 2008; x_wconf 89' lang='lat' dir='ltr'><strong><em>delicta</em></strong></span> <span class='ocrx_word' id='word_1_564' title='bbox 3733 1943 3947 2006; x_wconf 88' lang='lat' dir='ltr'><strong><em>omnia</em></strong></span> <span class='ocrx_word' id='word_1_565' title='bbox 3983 1962 4112 2007; x_wconf 90' lang='lat' dir='ltr'><strong><em>esse</em></strong></span> <span class='ocrx_word' id='word_1_566' title='bbox 4157 1942 4387 2025; x_wconf 77' lang='lat' dir='ltr'><strong><em>iqnota.</em></strong></span> 
     </span>
     <span class='ocr_line' id='line_1_76' title="bbox 2436 2026 4389 2109; baseline 0.001 -18"><span class='ocrx_word' id='word_1_567' title='bbox 2436 2026 2561 2092; x_wconf 88' lang='lat' dir='ltr'><strong><em>Est</em></strong></span> <span class='ocrx_word' id='word_1_568' title='bbox 2599 2026 2707 2092; x_wconf 77' lang='lat' dir='ltr'><strong><em>hoc</em></strong></span> <span class='ocrx_word' id='word_1_569' title='bbox 2749 2028 2997 2108; x_wconf 86' lang='lat' dir='ltr'><strong><em>quidem</em></strong></span> <span class='ocrx_word' id='word_1_570' title='bbox 3053 2029 3240 2093; x_wconf 86' lang='lat' dir='ltr'><strong><em>etiam</em></strong></span> <span class='ocrx_word' id='word_1_571' title='bbox 3280 2029 3458 2094; x_wconf 89' lang='lat' dir='ltr'><strong><em>nobis</em></strong></span> <span class='ocrx_word' id='word_1_572' title='bbox 3509 2028 3952 2106; x_wconf 81' lang='lat' dir='ltr'><strong><em>necessa-rium,</em></strong></span> <span class='ocrx_word' id='word_1_573' title='bbox 4009 2027 4389 2109; x_wconf 83' lang='lat' dir='ltr'><strong><em>primusque</em></strong></span> 
     </span>
     <span class='ocr_line' id='line_1_77' title="bbox 2436 2111 4389 2193; baseline 0.002 -19"><span class='ocrx_word' id='word_1_574' title='bbox 2436 2112 2535 2177; x_wconf 77' lang='lat' dir='ltr'><strong><em>hic</em></strong></span> <span class='ocrx_word' id='word_1_575' title='bbox 2576 2111 2754 2178; x_wconf 87' lang='lat' dir='ltr'><strong><em>nobis</em></strong></span> <span class='ocrx_word' id='word_1_576' title='bbox 2784 2117 2961 2193; x_wconf 87' lang='lat' dir='ltr'><strong><em>patet</em></strong></span> <span class='ocrx_word' id='word_1_577' title='bbox 3002 2115 3088 2178; x_wconf 87' lang='lat' dir='ltr'><strong><em>ad</em></strong></span> <span class='ocrx_word' id='word_1_578' title='bbox 3131 2113 3339 2179; x_wconf 89' lang='lat' dir='ltr'><strong><em>Deum</em></strong></span> <span class='ocrx_word' id='word_1_579' title='bbox 3380 2115 3701 2180; x_wconf 84' lang='lat' dir='ltr'><strong><em>introitus.-</em></strong></span> <span class='ocrx_word' id='word_1_580' title='bbox 3757 2113 3865 2178; x_wconf 91' lang='lat' dir='ltr'><strong><em>sed</em></strong></span> <span class='ocrx_word' id='word_1_581' title='bbox 3902 2113 3966 2177; x_wconf 90' lang='lat' dir='ltr'><strong><em>is</em></strong></span> <span class='ocrx_word' id='word_1_582' title='bbox 4018 2118 4222 2178; x_wconf 87' lang='lat' dir='ltr'><strong><em>tamen</em></strong></span> <span class='ocrx_word' id='word_1_583' title='bbox 4264 2133 4389 2177; x_wconf 87' lang='lat' dir='ltr'><strong><em>non</em></strong></span> 
     </span>
     <span class='ocr_line' id='line_1_78' title="bbox 2436 2197 4392 2281; baseline 0 -19"><span class='ocrx_word' id='word_1_584' title='bbox 2436 2203 2527 2262; x_wconf 90' lang='lat' dir='ltr'><strong><em>est</em></strong></span> <span class='ocrx_word' id='word_1_585' title='bbox 2575 2198 2752 2262; x_wconf 85' lang='lat' dir='ltr'><strong><em>satis.</em></strong></span> <span class='ocrx_word' id='word_1_586' title='bbox 2841 2197 3113 2263; x_wconf 86' lang='lat' dir='ltr'><strong><em>Mentem</em></strong></span> <span class='ocrx_word' id='word_1_587' title='bbox 3169 2200 3333 2263; x_wconf 86' lang='lat' dir='ltr'><strong><em>enim</em></strong></span> <span class='ocrx_word' id='word_1_588' title='bbox 3376 2205 3708 2280; x_wconf 88' lang='lat' dir='ltr'><strong><em>praeterea</em></strong></span> <span class='ocrx_word' id='word_1_589' title='bbox 3764 2200 4107 2281; x_wconf 79' lang='lat' dir='ltr'><strong><em>afferamus</em></strong></span> <span class='ocrx_word' id='word_1_590' title='bbox 4162 2202 4392 2279; x_wconf 87' lang='lat' dir='ltr'><strong><em>oportet</em></strong></span> 
     </span>
     <span class='ocr_line' id='line_1_79' title="bbox 2424 2282 4389 2367; baseline 0 -19"><span class='ocrx_word' id='word_1_591' title='bbox 2424 2283 2691 2363; x_wconf 84' lang='lat' dir='ltr'><strong><em>pietatis</em></strong></span> <span class='ocrx_word' id='word_1_592' title='bbox 2722 2283 2980 2366; x_wconf 87' lang='lat' dir='ltr'><strong><em>plenam</em></strong></span> <span class='ocrx_word' id='word_1_593' title='bbox 3023 2306 3172 2367; x_wconf 79' lang='lat' dir='ltr'><strong><em>erqa</em></strong></span> <span class='ocrx_word' id='word_1_594' title='bbox 3213 2305 3527 2349; x_wconf 89' lang='lat' dir='ltr'><strong><em>summum</em></strong></span> <span class='ocrx_word' id='word_1_595' title='bbox 3569 2283 3797 2362; x_wconf 87' lang='lat' dir='ltr'><strong><em>Deum,</em></strong></span> <span class='ocrx_word' id='word_1_596' title='bbox 3841 2285 4257 2364; x_wconf 79' lang='lat' dir='ltr'><strong><em>cupidumque</em></strong></span> <span class='ocrx_word' id='word_1_597' title='bbox 4299 2282 4389 2365; x_wconf 76' lang='lat' dir='ltr'><strong><em>ef-</em></strong></span> 
     </span>
     <span class='ocr_line' id='line_1_80' title="bbox 2431 2368 4392 2454; baseline 0.001 -23"><span class='ocrx_word' id='word_1_598' title='bbox 2431 2368 2685 2448; x_wconf 71' lang='lat' dir='ltr'><strong><em>ficiendi</em></strong></span> <span class='ocrx_word' id='word_1_599' title='bbox 2725 2389 3120 2451; x_wconf 87' lang='lat' dir='ltr'><strong><em>quaecunque</em></strong></span> <span class='ocrx_word' id='word_1_600' title='bbox 3161 2371 3265 2435; x_wconf 87' lang='lat' dir='ltr'><strong><em>illi</em></strong></span> <span class='ocrx_word' id='word_1_601' title='bbox 3301 2376 3488 2454; x_wconf 80' lang='lat' dir='ltr'><strong><em>qrata</em></strong></span> <span class='ocrx_word' id='word_1_602' title='bbox 3540 2370 3701 2435; x_wconf 89' lang='lat' dir='ltr'><strong><em>sint:</em></strong></span> <span class='ocrx_word' id='word_1_603' title='bbox 3757 2371 3829 2434; x_wconf 90' lang='lat' dir='ltr'><strong><em>in</em></strong></span> <span class='ocrx_word' id='word_1_604' title='bbox 3886 2389 4005 2451; x_wconf 88' lang='lat' dir='ltr'><strong><em>quo</em></strong></span> <span class='ocrx_word' id='word_1_605' title='bbox 4047 2370 4392 2449; x_wconf 88' lang='lat' dir='ltr'><strong><em>praecipue</em></strong></span> 
     </span>
     <span class='ocr_line' id='line_1_81' title="bbox 2435 2454 4392 2537; baseline 0.002 -20"><span class='ocrx_word' id='word_1_606' title='bbox 2435 2454 2705 2536; x_wconf 89' lang='lat' dir='ltr'><strong><em>spiritus</em></strong></span> <span class='ocrx_word' id='word_1_607' title='bbox 2744 2456 2947 2520; x_wconf 89' lang='lat' dir='ltr'><strong><em>sancti</em></strong></span> <span class='ocrx_word' id='word_1_608' title='bbox 2988 2457 3088 2520; x_wconf 82' lang='lat' dir='ltr'><strong><em>vis</em></strong></span> <span class='ocrx_word' id='word_1_609' title='bbox 3128 2457 3303 2521; x_wconf 78' lang='lat' dir='ltr'><strong><em>imest.</em></strong></span> <span class='ocrx_word' id='word_1_610' title='bbox 3399 2457 3572 2537; x_wconf 76' lang='lat' dir='ltr'><strong><em>Quae</em></strong></span> <span class='ocrx_word' id='word_1_611' title='bbox 3613 2475 3811 2534; x_wconf 89' lang='lat' dir='ltr'><strong><em>mens,</em></strong></span> <span class='ocrx_word' id='word_1_612' title='bbox 3870 2454 4059 2519; x_wconf 87' lang='lat' dir='ltr'><strong><em>etiam</em></strong></span> <span class='ocrx_word' id='word_1_613' title='bbox 4099 2456 4161 2518; x_wconf 91' lang='lat' dir='ltr'><strong><em>si</em></strong></span> <span class='ocrx_word' id='word_1_614' title='bbox 4203 2456 4392 2520; x_wconf 86' lang='lat' dir='ltr'><strong><em>inter-</em></strong></span> 
     </span>
     <span class='ocr_line' id='line_1_82' title="bbox 2437 2541 4391 2624; baseline -0.001 -20"><span class='ocrx_word' id='word_1_615' title='bbox 2437 2542 2591 2604; x_wconf 88' lang='lat' dir='ltr'><strong><em>dum</em></strong></span> <span class='ocrx_word' id='word_1_616' title='bbox 2632 2541 2718 2605; x_wconf 86' lang='lat' dir='ltr'><strong><em>ad</em></strong></span> <span class='ocrx_word' id='word_1_617' title='bbox 2761 2541 3072 2606; x_wconf 75' lang='lat' dir='ltr'><strong><em>exteriora</em></strong></span> <span class='ocrx_word' id='word_1_618' title='bbox 3121 2562 3309 2623; x_wconf 89' lang='lat' dir='ltr'><strong><em>opera</em></strong></span> <span class='ocrx_word' id='word_1_619' title='bbox 3352 2562 3476 2606; x_wconf 89' lang='lat' dir='ltr'><strong><em>non</em></strong></span> <span class='ocrx_word' id='word_1_620' title='bbox 3489 2541 3942 2624; x_wconf 57' lang='lat' dir='ltr'><strong><em>*proqreditum</em></strong></span> <span class='ocrx_word' id='word_1_621' title='bbox 3997 2541 4144 2621; x_wconf 87' lang='lat' dir='ltr'><strong><em>ipsa</em></strong></span> <span class='ocrx_word' id='word_1_622' title='bbox 4185 2545 4391 2604; x_wconf 82' lang='lat' dir='ltr'><strong><em>tamen</em></strong></span> 
     </span>
     <span class='ocr_line' id='line_1_83' title="bbox 2436 2626 4389 2710; baseline 0 -21"><span class='ocrx_word' id='word_1_623' title='bbox 2436 2645 2515 2689; x_wconf 77' lang='lat' dir='ltr'><strong><em>ex</em></strong></span> <span class='ocrx_word' id='word_1_624' title='bbox 2574 2645 2706 2690; x_wconf 88' lang='lat' dir='ltr'><strong><em>sese</em></strong></span> <span class='ocrx_word' id='word_1_625' title='bbox 2758 2627 2846 2710; x_wconf 82' lang='lat' dir='ltr'><strong><em>ad</em></strong></span> <span class='ocrx_word' id='word_1_626' title='bbox 2907 2626 3051 2691; x_wconf 88' lang='lat' dir='ltr'><strong><em>bene</em></strong></span> <span class='ocrx_word' id='word_1_627' title='bbox 3114 2627 3502 2709; x_wconf 88' lang='lat' dir='ltr'><strong><em>operandum</em></strong></span> <span class='ocrx_word' id='word_1_628' title='bbox 3560 2628 3693 2691; x_wconf 90' lang='lat' dir='ltr'><strong><em>iam</em></strong></span> <span class='ocrx_word' id='word_1_629' title='bbox 3747 2627 3928 2704; x_wconf 46' lang='lat' dir='ltr'><strong><em>‚inuis</em></strong></span> <span class='ocrx_word' id='word_1_630' title='bbox 3981 2630 4221 2706; x_wconf 88' lang='lat' dir='ltr'><strong><em>parata</em></strong></span> <span class='ocrx_word' id='word_1_631' title='bbox 4284 2629 4389 2705; x_wconf 88' lang='lat' dir='ltr'><strong><em>est,</em></strong></span> 
     </span>
     <span class='ocr_line' id='line_1_84' title="bbox 2424 2710 4393 2795; baseline 0 -20"><span class='ocrx_word' id='word_1_632' title='bbox 2424 2716 2908 2794; x_wconf 78' lang='lat' dir='ltr'><strong><em>promptumque</em></strong></span> <span class='ocrx_word' id='word_1_633' title='bbox 2955 2713 3120 2795; x_wconf 78' lang='lat' dir='ltr'><strong><em>qerit</em></strong></span> <span class='ocrx_word' id='word_1_634' title='bbox 3170 2713 3452 2777; x_wconf 85' lang='lat' dir='ltr'><strong><em>studium</em></strong></span> <span class='ocrx_word' id='word_1_635' title='bbox 3503 2718 3575 2778; x_wconf 89' lang='lat' dir='ltr'><strong><em>ut</em></strong></span> <span class='ocrx_word' id='word_1_636' title='bbox 3611 2711 3749 2778; x_wconf 86' lang='lat' dir='ltr'><strong><em>Deo</em></strong></span> <span class='ocrx_word' id='word_1_637' title='bbox 3810 2712 3881 2776; x_wconf 88' lang='lat' dir='ltr'><strong><em>in</em></strong></span> <span class='ocrx_word' id='word_1_638' title='bbox 3930 2711 4167 2776; x_wconf 89' lang='lat' dir='ltr'><strong><em>cunctis</em></strong></span> <span class='ocrx_word' id='word_1_639' title='bbox 4209 2710 4393 2775; x_wconf 88' lang='lat' dir='ltr'><strong><em>rebus</em></strong></span> 
     </span>
     <span class='ocr_line' id='line_1_85' title="bbox 2437 2797 4393 2879; baseline 0.001 -20"><span class='ocrx_word' id='word_1_640' title='bbox 2437 2797 2836 2877; x_wconf 80' lang='lat' dir='ltr'><strong><em>obsequatur.-</em></strong></span> <span class='ocrx_word' id='word_1_641' title='bbox 2888 2799 3000 2879; x_wconf 91' lang='lat' dir='ltr'><strong><em>qui</em></strong></span> <span class='ocrx_word' id='word_1_642' title='bbox 3055 2817 3239 2864; x_wconf 81' lang='lat' dir='ltr'><strong><em>verus</em></strong></span> <span class='ocrx_word' id='word_1_643' title='bbox 3293 2799 3546 2864; x_wconf 86' lang='lat' dir='ltr'><strong><em>divinae</em></strong></span> <span class='ocrx_word' id='word_1_644' title='bbox 3603 2798 3885 2862; x_wconf 87' lang='lat' dir='ltr'><strong><em>iustitiae</em></strong></span> <span class='ocrx_word' id='word_1_645' title='bbox 3941 2798 4013 2861; x_wconf 90' lang='lat' dir='ltr'><strong><em>in</em></strong></span> <span class='ocrx_word' id='word_1_646' title='bbox 4066 2797 4245 2861; x_wconf 89' lang='lat' dir='ltr'><strong><em>nobis</em></strong></span> <span class='ocrx_word' id='word_1_647' title='bbox 4300 2802 4393 2861; x_wconf 88' lang='lat' dir='ltr'><strong><em>est</em></strong></span> 
     </span>
     <span class='ocr_line' id='line_1_86' title="bbox 2436 2881 4389 2964; baseline 0.001 -19"><span class='ocrx_word' id='word_1_648' title='bbox 2436 2881 2701 2946; x_wconf 77' lang='lat' dir='ltr'><strong><em>habitus.</em></strong></span> <span class='ocrx_word' id='word_1_649' title='bbox 2803 2881 3081 2963; x_wconf 81' lang='lat' dir='ltr'><strong><em>Etenim,</em></strong></span> <span class='ocrx_word' id='word_1_650' title='bbox 3160 2882 3315 2964; x_wconf 89' lang='lat' dir='ltr'><strong><em>quid</em></strong></span> <span class='ocrx_word' id='word_1_651' title='bbox 3376 2885 3560 2948; x_wconf 86' lang='lat' dir='ltr'><strong><em>aliud</em></strong></span> <span class='ocrx_word' id='word_1_652' title='bbox 3623 2883 3962 2964; x_wconf 75' lang='lat' dir='ltr'><strong><em>siqnisicat,</em></strong></span> <span class='ocrx_word' id='word_1_653' title='bbox 4028 2886 4142 2946; x_wconf 88' lang='lat' dir='ltr'><strong><em>aut</em></strong></span> <span class='ocrx_word' id='word_1_654' title='bbox 4196 2901 4389 2962; x_wconf 86' lang='lat' dir='ltr'><strong><em>quam</em></strong></span> 
     </span>
     <span class='ocr_line' id='line_1_87' title="bbox 2433 2967 4402 3053; baseline 0.001 -20"><span class='ocrx_word' id='word_1_655' title='bbox 2433 2967 2634 3033; x_wconf 86' lang='lat' dir='ltr'><strong><em>aliam</em></strong></span> <span class='ocrx_word' id='word_1_656' title='bbox 2675 2968 2856 3034; x_wconf 88' lang='lat' dir='ltr'><strong><em>nobis</em></strong></span> <span class='ocrx_word' id='word_1_657' title='bbox 2897 2969 3071 3051; x_wconf 82' lang='lat' dir='ltr'><strong><em>offert</em></strong></span> <span class='ocrx_word' id='word_1_658' title='bbox 3102 2969 3569 3053; x_wconf 77' lang='lat' dir='ltr'><strong><em>intelliqentiam</em></strong></span> <span class='ocrx_word' id='word_1_659' title='bbox 3602 2974 3660 3034; x_wconf 87' lang='lat' dir='ltr'><strong><em>et</em></strong></span> <span class='ocrx_word' id='word_1_660' title='bbox 3692 2969 3995 3035; x_wconf 84' lang='lat' dir='ltr'><strong><em>notionem</em></strong></span> <span class='ocrx_word' id='word_1_661' title='bbox 4029 2988 4249 3033; x_wconf 90' lang='lat' dir='ltr'><strong><em>nomen</em></strong></span> <span class='ocrx_word' id='word_1_662' title='bbox 4283 2968 4402 3048; x_wconf 52' lang='grc' dir='ltr'><em>Ιιοο,</em></span> 
     </span>
     <span class='ocr_line' id='line_1_88' title="bbox 2432 3054 4394 3138; baseline 0.001 -20"><span class='ocrx_word' id='word_1_663' title='bbox 2432 3055 2648 3136; x_wconf 88' lang='lat' dir='ltr'><strong><em>ipsum</em></strong></span> <span class='ocrx_word' id='word_1_664' title='bbox 2676 3054 2973 3135; x_wconf 85' lang='lat' dir='ltr'><strong><em>iustitiae,</em></strong></span> <span class='ocrx_word' id='word_1_665' title='bbox 3017 3057 3079 3120; x_wconf 91' lang='lat' dir='ltr'><strong><em>si</em></strong></span> <span class='ocrx_word' id='word_1_666' title='bbox 3112 3077 3235 3121; x_wconf 90' lang='lat' dir='ltr'><strong><em>non</em></strong></span> <span class='ocrx_word' id='word_1_667' title='bbox 3267 3062 3577 3138; x_wconf 88' lang='lat' dir='ltr'><strong><em>respectus</em></strong></span> <span class='ocrx_word' id='word_1_668' title='bbox 3610 3057 3678 3119; x_wconf 91' lang='lat' dir='ltr'><strong><em>in</em></strong></span> <span class='ocrx_word' id='word_1_669' title='bbox 3713 3057 3846 3135; x_wconf 80' lang='lat' dir='ltr'><strong><em>e04)</em></strong></span> <span class='ocrx_word' id='word_1_670' title='bbox 3884 3055 3971 3121; x_wconf 86' lang='lat' dir='ltr'><strong><em>ad</em></strong></span> <span class='ocrx_word' id='word_1_671' title='bbox 4004 3055 4162 3119; x_wconf 85' lang='lat' dir='ltr'><strong><em>bona</em></strong></span> <span class='ocrx_word' id='word_1_672' title='bbox 4197 3074 4394 3135; x_wconf 89' lang='lat' dir='ltr'><strong><em>opera</em></strong></span> 
     </span>
     <span class='ocr_line' id='line_1_89' title="bbox 2433 3139 4393 3222; baseline 0 -17"><span class='ocrx_word' id='word_1_673' title='bbox 2433 3140 2785 3205; x_wconf 75' lang='lat' dir='ltr'><strong><em>habeatur?</em></strong></span> <span class='ocrx_word' id='word_1_674' title='bbox 2873 3140 3055 3205; x_wconf 88' lang='lat' dir='ltr'><strong><em>Dic-it</em></strong></span> <span class='ocrx_word' id='word_1_675' title='bbox 3100 3142 3265 3206; x_wconf 87' lang='lat' dir='ltr'><strong><em>enim</em></strong></span> <span class='ocrx_word' id='word_1_676' title='bbox 3317 3142 3667 3221; x_wconf 81' lang='lat' dir='ltr'><strong><em>scriptura:</em></strong></span> <span class='ocrx_word' id='word_1_677' title='bbox 3739 3141 3916 3222; x_wconf 76' lang='lat' dir='ltr'><strong><em>Quod</em></strong></span> <span class='ocrx_word' id='word_1_678' title='bbox 3979 3141 4159 3205; x_wconf 88' lang='lat' dir='ltr'><strong><em>misit</em></strong></span> <span class='ocrx_word' id='word_1_679' title='bbox 4210 3139 4393 3205; x_wconf 84' lang='lat' dir='ltr'><strong><em>Deus</em></strong></span> 
     </span>
     <span class='ocr_line' id='line_1_90' title="bbox 2430 3225 4393 3309; baseline 0 -18"><span class='ocrx_word' id='word_1_680' title='bbox 2430 3225 2643 3306; x_wconf 71' lang='lat' dir='ltr'><strong><em>filium</em></strong></span> <span class='ocrx_word' id='word_1_681' title='bbox 2684 3246 2889 3306; x_wconf 85' lang='lat' dir='ltr'><strong><em>suum,</em></strong></span> <span class='ocrx_word' id='word_1_682' title='bbox 2932 3232 3004 3291; x_wconf 86' lang='lat' dir='ltr'><strong><em>ut</em></strong></span> <span class='ocrx_word' id='word_1_683' title='bbox 3031 3227 3262 3308; x_wconf 80' lang='lat' dir='ltr'><strong><em>faceret</em></strong></span> <span class='ocrx_word' id='word_1_684' title='bbox 3293 3228 3418 3292; x_wconf 88' lang='lat' dir='ltr'><strong><em>sibi</em></strong></span> <span class='ocrx_word' id='word_1_685' title='bbox 3441 3228 3754 3309; x_wconf 88' lang='lat' dir='ltr'><strong><em>populum</em></strong></span> <span class='ocrx_word' id='word_1_686' title='bbox 3786 3227 4230 3309; x_wconf 87' lang='lat' dir='ltr'><strong><em>acceptabilem,</em></strong></span> <span class='ocrx_word' id='word_1_687' title='bbox 4266 3245 4393 3291; x_wconf 89' lang='lat' dir='ltr'><strong><em>sec·</em></strong></span> 
     </span>
     <span class='ocr_line' id='line_1_91' title="bbox 2435 3310 4392 3394; baseline 0 -19"><span class='ocrx_word' id='word_1_688' title='bbox 2435 3316 2695 3375; x_wconf 87' lang='lat' dir='ltr'><strong><em>tatorem</em></strong></span> <span class='ocrx_word' id='word_1_689' title='bbox 2737 3310 3033 3377; x_wconf 86' lang='lat' dir='ltr'><strong><em>bonorum</em></strong></span> <span class='ocrx_word' id='word_1_690' title='bbox 3075 3333 3349 3394; x_wconf 87' lang='lat' dir='ltr'><strong><em>operum,</em></strong></span> <span class='ocrx_word' id='word_1_691' title='bbox 3392 3314 3478 3377; x_wconf 85' lang='lat' dir='ltr'><strong><em>ad</em></strong></span> <span class='ocrx_word' id='word_1_692' title='bbox 3520 3313 3735 3377; x_wconf 86' lang='lat' dir='ltr'><strong><em>Titum</em></strong></span> <span class='ocrx_word' id='word_1_693' title='bbox 3776 3333 3911 3394; x_wconf 88' lang='lat' dir='ltr'><strong><em>cap.</em></strong></span> <span class='ocrx_word' id='word_1_694' title='bbox 3946 3316 4010 3377; x_wconf 79' lang='lat'><strong><em>2.</em></strong></span> <span class='ocrx_word' id='word_1_695' title='bbox 4033 3315 4091 3388; x_wconf 73' lang='lat'><strong><em>⁶)</em></strong></span> <span class='ocrx_word' id='word_1_696' title='bbox 4109 3363 4123 3391; x_wconf 91' lang='lat'><strong><em>,</em></strong></span> <span class='ocrx_word' id='word_1_697' title='bbox 4168 3317 4226 3377; x_wconf 86' lang='lat' dir='ltr'><strong><em>et</em></strong></span> <span class='ocrx_word' id='word_1_698' title='bbox 4261 3312 4392 3376; x_wconf 87' lang='lat' dir='ltr'><strong><em>alio</em></strong></span> 
     </span>
     <span class='ocr_line' id='line_1_92' title="bbox 2434 3396 4388 3482; baseline -0.001 -21"><span class='ocrx_word' id='word_1_699' title='bbox 2434 3397 2590 3461; x_wconf 87' lang='lat' dir='ltr'><strong><em>loco:</em></strong></span> <span class='ocrx_word' id='word_1_700' title='bbox 2628 3396 2708 3462; x_wconf 89' lang='lat' dir='ltr'><strong><em>Ut</em></strong></span> <span class='ocrx_word' id='word_1_701' title='bbox 2734 3397 3132 3478; x_wconf 74' lang='lat' dir='ltr'><strong><em>aedificemur</em></strong></span> <span class='ocrx_word' id='word_1_702' title='bbox 3153 3398 3419 3482; x_wconf 87' lang='lat' dir='ltr'><strong><em>(inquit)</em></strong></span> <span class='ocrx_word' id='word_1_703' title='bbox 3453 3400 3525 3462; x_wconf 89' lang='lat' dir='ltr'><strong><em>in</em></strong></span> <span class='ocrx_word' id='word_1_704' title='bbox 3549 3398 3795 3463; x_wconf 78' lang='lat' dir='ltr'><strong><em>Christo</em></strong></span> <span class='ocrx_word' id='word_1_705' title='bbox 3818 3400 3904 3463; x_wconf 81' lang='lat' dir='ltr'><strong><em>ad</em></strong></span> <span class='ocrx_word' id='word_1_706' title='bbox 3925 3397 4082 3462; x_wconf 87' lang='lat' dir='ltr'><strong><em>bona</em></strong></span> <span class='ocrx_word' id='word_1_707' title='bbox 4104 3417 4308 3477; x_wconf 90' lang='lat' dir='ltr'><strong><em>opera.</em></strong></span> <span class='ocrx_word' id='word_1_708' title='bbox 4330 3396 4388 3478; x_wconf 78' lang='lat'><strong><em>⁰)</em></strong></span> 
     </span>
     <span class='ocr_line' id='line_1_93' title="bbox 2439 3480 4392 3564; baseline -0.001 -18"><span class='ocrx_word' id='word_1_709' title='bbox 2439 3480 2518 3546; x_wconf 84' lang='lat' dir='ltr'><strong><em>Si</em></strong></span> <span class='ocrx_word' id='word_1_710' title='bbox 2551 3502 2692 3564; x_wconf 80' lang='lat' dir='ltr'><strong><em>erqo</em></strong></span> <span class='ocrx_word' id='word_1_711' title='bbox 2725 3482 2962 3548; x_wconf 83' lang='lat' dir='ltr'><strong><em>missus</em></strong></span> <span class='ocrx_word' id='word_1_712' title='bbox 2995 3490 3088 3548; x_wconf 88' lang='lat' dir='ltr'><strong><em>est</em></strong></span> <span class='ocrx_word' id='word_1_713' title='bbox 3123 3482 3427 3563; x_wconf 78' lang='lat' dir='ltr'><strong><em>Christus,</em></strong></span> <span class='ocrx_word' id='word_1_714' title='bbox 3469 3490 3541 3549; x_wconf 91' lang='lat' dir='ltr'><strong><em>ut</em></strong></span> <span class='ocrx_word' id='word_1_715' title='bbox 3571 3483 3715 3548; x_wconf 89' lang='lat' dir='ltr'><strong><em>bene</em></strong></span> <span class='ocrx_word' id='word_1_716' title='bbox 3749 3487 4072 3563; x_wconf 88' lang='lat' dir='ltr'><strong><em>opera-ntes</em></strong></span> <span class='ocrx_word' id='word_1_717' title='bbox 4095 3501 4217 3562; x_wconf 88' lang='lat' dir='ltr'><strong><em>per</em></strong></span> <span class='ocrx_word' id='word_1_718' title='bbox 4249 3501 4392 3546; x_wconf 85' lang='lat' dir='ltr'><strong><em>eum</em></strong></span> 
     </span>
     <span class='ocr_line' id='line_1_94' title="bbox 2433 3565 4390 3650; baseline -0.002 -16"><span class='ocrx_word' id='word_1_719' title='bbox 2433 3567 2667 3650; x_wconf 86' lang='lat' dir='ltr'><strong><em>accepti</em></strong></span> <span class='ocrx_word' id='word_1_720' title='bbox 2708 3565 2846 3632; x_wconf 90' lang='lat' dir='ltr'><strong><em>Deo</em></strong></span> <span class='ocrx_word' id='word_1_721' title='bbox 2887 3569 3109 3649; x_wconf 87' lang='lat' dir='ltr'><strong><em>simus,</em></strong></span> <span class='ocrx_word' id='word_1_722' title='bbox 3152 3574 3337 3650; x_wconf 86' lang='lat' dir='ltr'><strong><em>atque</em></strong></span> <span class='ocrx_word' id='word_1_723' title='bbox 3371 3575 3444 3634; x_wconf 88' lang='lat' dir='ltr'><strong><em>ut</em></strong></span> <span class='ocrx_word' id='word_1_724' title='bbox 3474 3571 3546 3633; x_wconf 90' lang='lat' dir='ltr'><strong><em>in</em></strong></span> <span class='ocrx_word' id='word_1_725' title='bbox 3582 3590 3646 3633; x_wconf 84' lang='lat' dir='ltr'><strong><em>eo</em></strong></span> <span class='ocrx_word' id='word_1_726' title='bbox 3682 3567 4079 3647; x_wconf 76' lang='lat' dir='ltr'><strong><em>aedificemur</em></strong></span> <span class='ocrx_word' id='word_1_727' title='bbox 4113 3567 4199 3631; x_wconf 87' lang='lat' dir='ltr'><strong><em>ad</em></strong></span> <span class='ocrx_word' id='word_1_728' title='bbox 4231 3566 4390 3631; x_wconf 87' lang='lat' dir='ltr'><strong><em>bona</em></strong></span> 
     </span>
     <span class='ocr_line' id='line_1_95' title="bbox 2432 3649 4391 3735; baseline -0.001 -18"><span class='ocrx_word' id='word_1_729' title='bbox 2432 3674 2645 3734; x_wconf 89' lang='lat' dir='ltr'><strong><em>opera,</em></strong></span> <span class='ocrx_word' id='word_1_730' title='bbox 2704 3656 2865 3717; x_wconf 86' lang='lat' dir='ltr'><strong><em>certe</em></strong></span> <span class='ocrx_word' id='word_1_731' title='bbox 2916 3653 3106 3734; x_wconf 81' lang='lat' dir='ltr'><strong><em>fides,</em></strong></span> <span class='ocrx_word' id='word_1_732' title='bbox 3161 3675 3321 3735; x_wconf 86' lang='lat' dir='ltr'><strong><em>quae</em></strong></span> <span class='ocrx_word' id='word_1_733' title='bbox 3362 3655 3433 3719; x_wconf 86' lang='lat' dir='ltr'><strong><em>in</em></strong></span> <span class='ocrx_word' id='word_1_734' title='bbox 3478 3655 3686 3720; x_wconf 86' lang='lat' dir='ltr'><strong><em>Deum</em></strong></span> <span class='ocrx_word' id='word_1_735' title='bbox 3726 3658 4011 3717; x_wconf 79' lang='lat' dir='ltr'><strong><em>nostrum</em></strong></span> <span class='ocrx_word' id='word_1_736' title='bbox 4031 3649 4087 3733; x_wconf 84' lang='lat'><strong><em>⁷)</em></strong></span> <span class='ocrx_word' id='word_1_737' title='bbox 4121 3672 4243 3733; x_wconf 88' lang='lat' dir='ltr'><strong><em>per</em></strong></span> <span class='ocrx_word' id='word_1_738' title='bbox 4289 3651 4391 3715; x_wconf 90' lang='lat' dir='ltr'><strong><em>Ie-</em></strong></span> 
     </span>
     <span class='ocr_line' id='line_1_96' title="bbox 2432 3737 4392 3819; baseline -0.001 -16"><span class='ocrx_word' id='word_1_739' title='bbox 2432 3758 2574 3803; x_wconf 86' lang='lat' dir='ltr'><strong><em>sum</em></strong></span> <span class='ocrx_word' id='word_1_740' title='bbox 2618 3737 2940 3804; x_wconf 73' lang='lat' dir='ltr'><strong><em>Christum</em></strong></span> <span class='ocrx_word' id='word_1_741' title='bbox 2964 3745 3067 3819; x_wconf 89' lang='lat' dir='ltr'><strong><em>est,</em></strong></span> <span class='ocrx_word' id='word_1_742' title='bbox 3092 3760 3210 3805; x_wconf 89' lang='lat' dir='ltr'><strong><em>non</em></strong></span> <span class='ocrx_word' id='word_1_743' title='bbox 3237 3740 3439 3805; x_wconf 90' lang='lat' dir='ltr'><strong><em>solum</em></strong></span> <span class='ocrx_word' id='word_1_744' title='bbox 3475 3744 3623 3818; x_wconf 82' lang='lat' dir='ltr'><strong><em>[pag.</em></strong></span> <span class='ocrx_word' id='word_1_745' title='bbox 3669 3753 3694 3802; x_wconf 92' lang='lat'>1</span> <span class='ocrx_word' id='word_1_746' title='bbox 3709 3743 3769 3817; x_wconf 88' lang='lat'><strong><em>3]</em></strong></span> <span class='ocrx_word' id='word_1_747' title='bbox 3802 3743 3873 3801; x_wconf 90' lang='lat' dir='ltr'><strong><em>ut</em></strong></span> <span class='ocrx_word' id='word_1_748' title='bbox 3909 3737 4288 3817; x_wconf 70' lang='lat' dir='ltr'><strong><em>confidamus</em></strong></span> <span class='ocrx_word' id='word_1_749' title='bbox 4318 3738 4392 3802; x_wconf 91' lang='lat' dir='ltr'><strong><em>in</em></strong></span> 
     </span>
     <span class='ocr_line' id='line_1_97' title="bbox 2439 3822 4388 3906; baseline -0.001 -17"><span class='ocrx_word' id='word_1_750' title='bbox 2439 3822 2706 3903; x_wconf 80' lang='lat' dir='ltr'><strong><em>Christo,</em></strong></span> <span class='ocrx_word' id='word_1_751' title='bbox 2750 3824 2862 3889; x_wconf 89' lang='lat' dir='ltr'><strong><em>sed</em></strong></span> <span class='ocrx_word' id='word_1_752' title='bbox 2902 3824 3046 3890; x_wconf 88' lang='lat' dir='ltr'><strong><em>bene</em></strong></span> <span class='ocrx_word' id='word_1_753' title='bbox 3079 3827 3149 3890; x_wconf 89' lang='lat' dir='ltr'><strong><em>in</em></strong></span> <span class='ocrx_word' id='word_1_754' title='bbox 3183 3825 3293 3891; x_wconf 83' lang='lat' dir='ltr'><strong><em>illo</em></strong></span> <span class='ocrx_word' id='word_1_755' title='bbox 3327 3831 3663 3906; x_wconf 81' lang='lat' dir='ltr'><strong><em>operantes,</em></strong></span> <span class='ocrx_word' id='word_1_756' title='bbox 3707 3822 4028 3905; x_wconf 86' lang='lat' dir='ltr'><strong><em>operarive</em></strong></span> <span class='ocrx_word' id='word_1_757' title='bbox 4063 3823 4388 3887; x_wconf 86' lang='lat' dir='ltr'><strong><em>instituen-</em></strong></span> 
     </span>
     <span class='ocr_line' id='line_1_98' title="bbox 2434 3907 4392 3992; baseline 0.001 -19"><span class='ocrx_word' id='word_1_758' title='bbox 2434 3915 2538 3989; x_wconf 89' lang='lat' dir='ltr'><strong><em>tes,</em></strong></span> <span class='ocrx_word' id='word_1_759' title='bbox 2560 3915 2632 3973; x_wconf 90' lang='lat' dir='ltr'><strong><em>ut</em></strong></span> <span class='ocrx_word' id='word_1_760' title='bbox 2649 3909 3050 3991; x_wconf 75' lang='lat' dir='ltr'><strong><em>confidamus,</em></strong></span> <span class='ocrx_word' id='word_1_761' title='bbox 3077 3912 3349 3992; x_wconf 88' lang='lat' dir='ltr'><strong><em>imperat</em></strong></span> <span class='ocrx_word' id='word_1_762' title='bbox 3365 3911 3548 3975; x_wconf 90' lang='lat' dir='ltr'><strong><em>nobis</em></strong></span> <span class='ocrx_word' id='word_1_763' title='bbox 3567 3931 3642 3975; x_wconf 90' lang='lat' dir='ltr'><strong><em>ac</em></strong></span> <span class='ocrx_word' id='word_1_764' title='bbox 3657 3908 4043 3991; x_wconf 82' lang='lat' dir='ltr'><strong><em>praescribit.</em></strong></span> <span class='ocrx_word' id='word_1_765' title='bbox 4079 3907 4203 3972; x_wconf 89' lang='lat' dir='ltr'><strong><em>Est</em></strong></span> <span class='ocrx_word' id='word_1_766' title='bbox 4223 3910 4392 3975; x_wconf 86' lang='lat' dir='ltr'><strong><em>enim</em></strong></span> 
     </span>
     <span class='ocr_line' id='line_1_99' title="bbox 2434 3994 4388 4078; baseline -0.001 -17"><span class='ocrx_word' id='word_1_767' title='bbox 2434 3995 2715 4077; x_wconf 86' lang='lat' dir='ltr'><strong><em>amplum</em></strong></span> <span class='ocrx_word' id='word_1_768' title='bbox 2733 4001 2789 4060; x_wconf 90' lang='lat' dir='ltr'><strong><em>et</em></strong></span> <span class='ocrx_word' id='word_1_769' title='bbox 2798 3995 3058 4078; x_wconf 84' lang='lat' dir='ltr'><strong><em>plenum</em></strong></span> <span class='ocrx_word' id='word_1_770' title='bbox 3078 3996 3442 4062; x_wconf 87' lang='lat' dir='ltr'><strong><em>vocabulum</em></strong></span> <span class='ocrx_word' id='word_1_771' title='bbox 3464 3995 3677 4074; x_wconf 91' lang='lat' dir='ltr'><strong><em>Fides,</em></strong></span> <span class='ocrx_word' id='word_1_772' title='bbox 3710 4014 3820 4059; x_wconf 90' lang='lat' dir='ltr'><strong><em>nec</em></strong></span> <span class='ocrx_word' id='word_1_773' title='bbox 3847 3994 4047 4058; x_wconf 90' lang='lat' dir='ltr'><strong><em>solum</em></strong></span> <span class='ocrx_word' id='word_1_774' title='bbox 4073 3995 4143 4058; x_wconf 86' lang='lat' dir='ltr'><strong><em>in</em></strong></span> <span class='ocrx_word' id='word_1_775' title='bbox 4174 4014 4239 4059; x_wconf 91' lang='lat' dir='ltr'><strong><em>se</em></strong></span> <span class='ocrx_word' id='word_1_776' title='bbox 4260 4016 4388 4060; x_wconf 87' lang='lat' dir='ltr'><strong><em>cre-</em></strong></span> 
     </span>
     <span class='ocr_line' id='line_1_100' title="bbox 2434 4080 4392 4163; baseline 0 -17"><span class='ocrx_word' id='word_1_777' title='bbox 2434 4080 2756 4146; x_wconf 85' lang='lat' dir='ltr'><strong><em>dulitatem</em></strong></span> <span class='ocrx_word' id='word_1_778' title='bbox 2778 4086 2833 4145; x_wconf 90' lang='lat' dir='ltr'><strong><em>et</em></strong></span> <span class='ocrx_word' id='word_1_779' title='bbox 2860 4081 3158 4163; x_wconf 73' lang='lat' dir='ltr'><strong><em>fiduciam</em></strong></span> <span class='ocrx_word' id='word_1_780' title='bbox 3179 4083 3471 4160; x_wconf 88' lang='lat' dir='ltr'><strong><em>continet,</em></strong></span> <span class='ocrx_word' id='word_1_781' title='bbox 3507 4081 3615 4146; x_wconf 89' lang='lat' dir='ltr'><strong><em>sed</em></strong></span> <span class='ocrx_word' id='word_1_782' title='bbox 3638 4101 3810 4161; x_wconf 88' lang='lat' dir='ltr'><strong><em>spem</em></strong></span> <span class='ocrx_word' id='word_1_783' title='bbox 3840 4081 4095 4144; x_wconf 84' lang='lat' dir='ltr'><strong><em>etiamet</em></strong></span> <span class='ocrx_word' id='word_1_784' title='bbox 4111 4081 4392 4146; x_wconf 87' lang='lat' dir='ltr'><strong><em>studium</em></strong></span> 
     </span>
     <span class='ocr_line' id='line_1_101' title="bbox 2436 4166 4389 4248; baseline 0 -17"><span class='ocrx_word' id='word_1_785' title='bbox 2436 4166 2755 4231; x_wconf 86' lang='lat' dir='ltr'><strong><em>obediendi</em></strong></span> <span class='ocrx_word' id='word_1_786' title='bbox 2777 4166 2930 4246; x_wconf 84' lang='lat' dir='ltr'><strong><em>Deo,</em></strong></span> <span class='ocrx_word' id='word_1_787' title='bbox 2968 4172 3025 4232; x_wconf 88' lang='lat' dir='ltr'><strong><em>et</em></strong></span> <span class='ocrx_word' id='word_1_788' title='bbox 3063 4169 3263 4247; x_wconf 88' lang='lat' dir='ltr'><strong><em>illam,</em></strong></span> <span class='ocrx_word' id='word_1_789' title='bbox 3288 4187 3448 4248; x_wconf 90' lang='lat' dir='ltr'><strong><em>quae</em></strong></span> <span class='ocrx_word' id='word_1_790' title='bbox 3471 4168 3541 4231; x_wconf 90' lang='lat' dir='ltr'><strong><em>in</em></strong></span> <span class='ocrx_word' id='word_1_791' title='bbox 3570 4166 3815 4231; x_wconf 77' lang='lat' dir='ltr'><strong><em>Christo</em></strong></span> <span class='ocrx_word' id='word_1_792' title='bbox 3837 4167 4114 4230; x_wconf 70' lang='lat' dir='ltr'><strong><em>maxime</em></strong></span> <span class='ocrx_word' id='word_1_793' title='bbox 4135 4168 4389 4248; x_wconf 88' lang='lat' dir='ltr'><strong><em>perspi-</em></strong></span> 
     </span>
     <span class='ocr_line' id='line_1_102' title="bbox 2434 4252 4388 4335; baseline 0 -18"><span class='ocrx_word' id='word_1_794' title='bbox 2434 4273 2557 4317; x_wconf 88' lang='lat' dir='ltr'><strong><em>cua</em></strong></span> <span class='ocrx_word' id='word_1_795' title='bbox 2598 4252 2774 4318; x_wconf 85' lang='lat' dir='ltr'><strong><em>nobis</em></strong></span> <span class='ocrx_word' id='word_1_796' title='bbox 2813 4253 2984 4334; x_wconf 79' lang='lat' dir='ltr'><strong><em>facta</em></strong></span> <span class='ocrx_word' id='word_1_797' title='bbox 3026 4258 3130 4331; x_wconf 91' lang='lat' dir='ltr'><strong><em>est,</em></strong></span> <span class='ocrx_word' id='word_1_798' title='bbox 3164 4253 3519 4335; x_wconf 87' lang='lat' dir='ltr'><strong><em>principem</em></strong></span> <span class='ocrx_word' id='word_1_799' title='bbox 3561 4257 3617 4316; x_wconf 85' lang='lat' dir='ltr'><strong><em>et</em></strong></span> <span class='ocrx_word' id='word_1_800' title='bbox 3657 4252 3976 4316; x_wconf 84' lang='lat' dir='ltr'><strong><em>dominam</em></strong></span> <span class='ocrx_word' id='word_1_801' title='bbox 4017 4252 4388 4318; x_wconf 74' lang='lat' dir='ltr'><strong><em>christiana-</em></strong></span> 
     </span>
     <span class='ocr_line' id='line_1_103' title="bbox 2437 4337 4390 4420; baseline -0.001 -17"><span class='ocrx_word' id='word_1_802' title='bbox 2437 4358 2585 4403; x_wconf 86' lang='lat' dir='ltr'><strong><em>rum</em></strong></span> <span class='ocrx_word' id='word_1_803' title='bbox 2607 4340 2885 4403; x_wconf 88' lang='lat' dir='ltr'><strong><em>omnium</em></strong></span> <span class='ocrx_word' id='word_1_804' title='bbox 2909 4340 3214 4403; x_wconf 86' lang='lat' dir='ltr'><strong><em>virtutum</em></strong></span> <span class='ocrx_word' id='word_1_805' title='bbox 3236 4340 3588 4403; x_wconf 86' lang='lat' dir='ltr'><strong><em>caritatem:</em></strong></span> <span class='ocrx_word' id='word_1_806' title='bbox 3615 4358 3742 4418; x_wconf 89' lang='lat' dir='ltr'><strong><em>qua</em></strong></span> <span class='ocrx_word' id='word_1_807' title='bbox 3767 4337 3836 4400; x_wconf 88' lang='lat' dir='ltr'><strong><em>in</em></strong></span> <span class='ocrx_word' id='word_1_808' title='bbox 3860 4338 4116 4403; x_wconf 85' lang='lat' dir='ltr'><strong><em>caritate</em></strong></span> <span class='ocrx_word' id='word_1_809' title='bbox 4130 4339 4390 4420; x_wconf 85' lang='lat' dir='ltr'><strong><em>proprie</em></strong></span> 
     </span>
    </p>
   </div>
   <div class='ocr_carea' id='block_1_11' title="bbox 2436 4590 4389 5268">
    <p class='ocr_par' dir='ltr' id='par_1_11' title="bbox 2436 4590 4389 4799">
     <span class='ocr_line' id='line_1_104' title="bbox 2580 4590 4389 4660; baseline 0.001 -14"><span class='ocrx_word' id='word_1_810' title='bbox 2580 4594 2640 4655; x_wconf 87' lang='lat'><strong><em>1)</em></strong></span> <span class='ocrx_word' id='word_1_811' title='bbox 2678 4593 2855 4648; x_wconf 82' lang='lat' dir='ltr'><strong><em>aliena</em></strong></span> <span class='ocrx_word' id='word_1_812' title='bbox 2889 4595 3044 4649; x_wconf 89' lang='lat' dir='ltr'><strong><em>nobis</em></strong></span> <span class='ocrx_word' id='word_1_813' title='bbox 3082 4602 3232 4659; x_wconf 83' lang='lat' dir='ltr'><strong><em>sunt,</em></strong></span> <span class='ocrx_word' id='word_1_814' title='bbox 3269 4590 3406 4646; x_wconf 82' lang='lat'>1540</span> <span class='ocrx_word' id='word_1_815' title='bbox 3439 4607 3529 4660; x_wconf 85' lang='lat' dir='ltr'><strong><em>seq</em></strong></span> <span class='ocrx_word' id='word_1_816' title='bbox 3567 4630 3582 4645; x_wconf 90' lang='lat'><strong><em>.</em></strong></span> <span class='ocrx_word' id='word_1_817' title='bbox 3656 4592 3851 4647; x_wconf 79' lang='lat' dir='ltr'><strong><em>Gallus</em></strong></span> <span class='ocrx_word' id='word_1_818' title='bbox 3890 4593 4033 4660; x_wconf 75' lang='lat' dir='ltr'><strong><em>facit</em></strong></span> <span class='ocrx_word' id='word_1_819' title='bbox 4076 4609 4196 4647; x_wconf 84' lang='lat' dir='ltr'><strong><em>cum</em></strong></span> <span class='ocrx_word' id='word_1_820' title='bbox 4243 4595 4389 4648; x_wconf 86' lang='lat' dir='ltr'><strong><em>anti-</em></strong></span> 
     </span>
     <span class='ocr_line' id='line_1_105' title="bbox 2440 4610 4386 4733; baseline 0.001 -18"><span class='ocrx_word' id='word_1_821' title='bbox 2440 4662 2740 4733; x_wconf 71' lang='lat' dir='ltr'><strong><em>quiornbus.</em></strong></span> <span class='ocrx_word' id='word_1_822' title='bbox 2956 4661 3016 4728; x_wconf 77' lang='lat'><strong><em>2)</em></strong></span> <span class='ocrx_word' id='word_1_823' title='bbox 3065 4669 3314 4729; x_wconf 80' lang='lat' dir='ltr'><strong><em>nostrae,</em></strong></span> <span class='ocrx_word' id='word_1_824' title='bbox 3363 4676 3463 4714; x_wconf 85' lang='lat' dir='ltr'><strong><em>om.</em></strong></span> <span class='ocrx_word' id='word_1_825' title='bbox 3512 4610 3647 4714; x_wconf 45' lang='lat'><strong><em>1276</em></strong></span> <span class='ocrx_word' id='word_1_826' title='bbox 3692 4676 3833 4731; x_wconf 87' lang='lat' dir='ltr'><strong><em>seqq.</em></strong></span> <span class='ocrx_word' id='word_1_827' title='bbox 4058 4661 4118 4728; x_wconf 87' lang='lat'><strong><em>3)</em></strong></span> <span class='ocrx_word' id='word_1_828' title='bbox 4167 4661 4260 4716; x_wconf 85' lang='lat' dir='ltr'><strong><em>Sic</em></strong></span> <span class='ocrx_word' id='word_1_829' title='bbox 4304 4663 4386 4718; x_wconf 86' lang='lat' dir='ltr'><strong><em>ed.</em></strong></span> 
     </span>
     <span class='ocr_line' id='line_1_106' title="bbox 2436 4729 4386 4799; baseline 0.001 -16"><span class='ocrx_word' id='word_1_830' title='bbox 2436 4732 2720 4799; x_wconf 78' lang='lat' dir='ltr'><strong><em>princeps,</em></strong></span> <span class='ocrx_word' id='word_1_831' title='bbox 2766 4732 3090 4785; x_wconf 80' lang='lat' dir='ltr'><strong><em>assentiente</em></strong></span> <span class='ocrx_word' id='word_1_832' title='bbox 3123 4731 3592 4798; x_wconf 80' lang='lat' dir='ltr'><strong><em>Arqentoratensi.</em></strong></span> <span class='ocrx_word' id='word_1_833' title='bbox 3667 4729 3996 4783; x_wconf 79' lang='lat' dir='ltr'><strong><em>Geneoensis</em></strong></span> <span class='ocrx_word' id='word_1_834' title='bbox 4030 4730 4170 4784; x_wconf 82' lang='lat'>1540</span> <span class='ocrx_word' id='word_1_835' title='bbox 4213 4738 4263 4785; x_wconf 88' lang='lat' dir='ltr'><strong><em>et</em></strong></span> <span class='ocrx_word' id='word_1_836' title='bbox 4307 4747 4386 4785; x_wconf 87' lang='lat' dir='ltr'><strong><em>se-</em></strong></span> 
     </span>
    </p>

    <p class='ocr_par' dir='ltr' id='par_1_12' title="bbox 2583 4797 4385 4868">
     <span class='ocr_line' id='line_1_107' title="bbox 2583 4797 4385 4868; baseline 0.001 -16"><span class='ocrx_word' id='word_1_837' title='bbox 2583 4806 2660 4852; x_wconf 89' lang='lat' dir='ltr'><strong><em>tes</em></strong></span> <span class='ocrx_word' id='word_1_838' title='bbox 2710 4814 2924 4853; x_wconf 86' lang='lat' dir='ltr'><strong><em>omnes:</em></strong></span> <span class='ocrx_word' id='word_1_839' title='bbox 2974 4797 3283 4868; x_wconf 83' lang='lat' dir='ltr'><strong><em>perdiderit.</em></strong></span> <span class='ocrx_word' id='word_1_840' title='bbox 3370 4797 3594 4852; x_wconf 79' lang='lat' dir='ltr'><strong><em>Gallus.-</em></strong></span> <span class='ocrx_word' id='word_1_841' title='bbox 3647 4799 3682 4852; x_wconf 92' lang='lat' dir='ltr'><strong><em>il</em></strong></span> <span class='ocrx_word' id='word_1_842' title='bbox 3730 4797 3859 4853; x_wconf 82' lang='lat' dir='ltr'><strong><em>s&#39;est</em></strong></span> <span class='ocrx_word' id='word_1_843' title='bbox 3905 4800 4079 4853; x_wconf 68' lang='lat' dir='ltr'><strong><em>aliene</em></strong></span> <span class='ocrx_word' id='word_1_844' title='bbox 4130 4798 4201 4853; x_wconf 80' lang='lat' dir='ltr'><strong><em>du</em></strong></span> <span class='ocrx_word' id='word_1_845' title='bbox 4246 4801 4385 4855; x_wconf 84' lang='lat' dir='ltr'><strong><em>bien.</em></strong></span> 
     </span>
    </p>

    <p class='ocr_par' dir='ltr' id='par_1_13' title="bbox 2436 4866 4388 5268">
     <span class='ocr_line' id='line_1_108' title="bbox 2481 4866 4386 4935; baseline -0.001 -13"><span class='ocrx_word' id='word_1_846' title='bbox 2481 4872 2501 4934; x_wconf 89' lang='lat'><strong>)</strong></span> <span class='ocrx_word' id='word_1_847' title='bbox 2540 4885 2624 4935; x_wconf 87' lang='lat' dir='ltr'><strong><em>e0,</em></strong></span> <span class='ocrx_word' id='word_1_848' title='bbox 2661 4867 2857 4922; x_wconf 76' lang='lat' dir='ltr'><strong><em>habent</em></strong></span> <span class='ocrx_word' id='word_1_849' title='bbox 2891 4867 3070 4935; x_wconf 76' lang='lat' dir='ltr'><strong><em>Luqd.</em></strong></span> <span class='ocrx_word' id='word_1_850' title='bbox 3105 4873 3155 4920; x_wconf 86' lang='lat' dir='ltr'><strong><em>et</em></strong></span> <span class='ocrx_word' id='word_1_851' title='bbox 3189 4866 3324 4933; x_wconf 81' lang='lat' dir='ltr'><strong><em>Arq.</em></strong></span> <span class='ocrx_word' id='word_1_852' title='bbox 3359 4868 3499 4920; x_wconf 85' lang='lat' dir='ltr'><strong><em>satis</em></strong></span> <span class='ocrx_word' id='word_1_853' title='bbox 3543 4869 3892 4933; x_wconf 83' lang='lat' dir='ltr'><strong><em>inconcinne,</em></strong></span> <span class='ocrx_word' id='word_1_854' title='bbox 3938 4870 4052 4920; x_wconf 84' lang='lat' dir='ltr'><strong><em>nisi</em></strong></span> <span class='ocrx_word' id='word_1_855' title='bbox 4095 4868 4256 4921; x_wconf 85' lang='lat' dir='ltr'><strong><em>malis</em></strong></span> <span class='ocrx_word' id='word_1_856' title='bbox 4301 4867 4386 4921; x_wconf 83' lang='lat' dir='ltr'><strong><em>di·</em></strong></span> 
     </span>
     <span class='ocr_line' id='line_1_109' title="bbox 2440 4934 4385 5005; baseline -0.001 -14"><span class='ocrx_word' id='word_1_857' title='bbox 2440 4953 2560 4991; x_wconf 85' lang='lat' dir='ltr'><strong><em>cere</em></strong></span> <span class='ocrx_word' id='word_1_858' title='bbox 2580 4934 2847 4990; x_wconf 82' lang='lat' dir='ltr'><strong><em>mendose.</em></strong></span> <span class='ocrx_word' id='word_1_859' title='bbox 2905 4935 3161 4990; x_wconf 74' lang='lat' dir='ltr'><strong><em>caeterae</em></strong></span> <span class='ocrx_word' id='word_1_860' title='bbox 3183 4950 3380 5003; x_wconf 87' lang='lat' dir='ltr'><strong><em>omnes,</em></strong></span> <span class='ocrx_word' id='word_1_861' title='bbox 3416 4936 3582 4989; x_wconf 84' lang='lat' dir='ltr'><strong><em>etiam</em></strong></span> <span class='ocrx_word' id='word_1_862' title='bbox 3604 4937 3784 4990; x_wconf 83' lang='lat' dir='ltr'><strong><em>versio</em></strong></span> <span class='ocrx_word' id='word_1_863' title='bbox 3802 4936 4020 5005; x_wconf 77' lang='lat' dir='ltr'><strong><em>qallica‚</em></strong></span> <span class='ocrx_word' id='word_1_864' title='bbox 4056 4937 4267 5004; x_wconf 76' lang='lat' dir='ltr'><strong><em>lequnt:</em></strong></span> <span class='ocrx_word' id='word_1_865' title='bbox 4303 4951 4385 4990; x_wconf 83' lang='lat' dir='ltr'><strong><em>ea..</em></strong></span> 
     </span>
     <span class='ocr_line' id='line_1_110' title="bbox 2436 5001 4388 5073; baseline -0.001 -14"><span class='ocrx_word' id='word_1_866' title='bbox 2436 5005 2498 5073; x_wconf 84' lang='lat'><strong><em>5)</em></strong></span> <span class='ocrx_word' id='word_1_867' title='bbox 2537 5005 2694 5058; x_wconf 87' lang='lat' dir='ltr'><strong><em>Haec</em></strong></span> <span class='ocrx_word' id='word_1_868' title='bbox 2724 5005 2916 5058; x_wconf 82' lang='lat' dir='ltr'><strong><em>verba.-</em></strong></span> <span class='ocrx_word' id='word_1_869' title='bbox 2952 5004 3019 5058; x_wconf 78' lang='lat' dir='ltr'><strong><em>ad</em></strong></span> <span class='ocrx_word' id='word_1_870' title='bbox 3059 5004 3239 5057; x_wconf 82' lang='lat' dir='ltr'><strong><em>Titum</em></strong></span> <span class='ocrx_word' id='word_1_871' title='bbox 3275 5002 3461 5073; x_wconf 79' lang='lat' dir='ltr'><strong><em>cap.2.</em></strong></span> <span class='ocrx_word' id='word_1_872' title='bbox 3496 5005 3699 5058; x_wconf 81' lang='lat' dir='ltr'><strong><em>omissa</em></strong></span> <span class='ocrx_word' id='word_1_873' title='bbox 3732 5010 3862 5058; x_wconf 83' lang='lat' dir='ltr'><strong><em>sunt</em></strong></span> <span class='ocrx_word' id='word_1_874' title='bbox 3895 5003 4023 5057; x_wconf 81' lang='lat' dir='ltr'><strong><em>inde</em></strong></span> <span class='ocrx_word' id='word_1_875' title='bbox 4057 5005 4126 5057; x_wconf 85' lang='lat' dir='ltr'><strong><em>ab</em></strong></span> <span class='ocrx_word' id='word_1_876' title='bbox 4150 5020 4202 5057; x_wconf 90' lang='lat' dir='ltr'><strong><em>a.</em></strong></span> <span class='ocrx_word' id='word_1_877' title='bbox 4232 5001 4388 5058; x_wconf 84' lang='lat'><strong><em>1540.</em></strong></span> 
     </span>
     <span class='ocr_line' id='line_1_111' title="bbox 2440 5070 4387 5141; baseline -0.002 -13"><span class='ocrx_word' id='word_1_878' title='bbox 2440 5076 2503 5139; x_wconf 86' lang='grc'><strong><em>6)</em></strong></span> <span class='ocrx_word' id='word_1_879' title='bbox 2543 5072 2805 5141; x_wconf 69' lang='lat' dir='ltr'><strong><em>Respexit</em></strong></span> <span class='ocrx_word' id='word_1_880' title='bbox 2834 5072 3075 5138; x_wconf 78' lang='lat' dir='ltr'><strong><em>fortasse</em></strong></span> <span class='ocrx_word' id='word_1_881' title='bbox 3108 5071 3186 5125; x_wconf 81' lang='lat' dir='ltr'><strong><em>ad</em></strong></span> <span class='ocrx_word' id='word_1_882' title='bbox 3221 5070 3248 5123; x_wconf 92' lang='grc'><strong>1</strong></span> <span class='ocrx_word' id='word_1_883' title='bbox 3289 5072 3436 5127; x_wconf 75' lang='lat' dir='ltr'><strong><em>Petr.</em></strong></span> <span class='ocrx_word' id='word_1_884' title='bbox 3468 5071 3519 5141; x_wconf 82' lang='lat'><strong><em>2,</em></strong></span> <span class='ocrx_word' id='word_1_885' title='bbox 3555 5073 3607 5126; x_wconf 83' lang='lat'><strong><em>5.</em></strong></span> <span class='ocrx_word' id='word_1_886' title='bbox 3813 5071 3870 5137; x_wconf 79' lang='lat'><strong><em>7)</em></strong></span> <span class='ocrx_word' id='word_1_887' title='bbox 3914 5071 4242 5126; x_wconf 80' lang='lat' dir='ltr'><strong><em>Genevensis</em></strong></span> <span class='ocrx_word' id='word_1_888' title='bbox 4273 5072 4387 5126; x_wconf 79' lang='lat' dir='ltr'><strong><em>edi—</em></strong></span> 
     </span>
     <span class='ocr_line' id='line_1_112' title="bbox 2439 5140 4388 5210; baseline -0.003 -11"><span class='ocrx_word' id='word_1_889' title='bbox 2439 5146 2519 5199; x_wconf 84' lang='lat' dir='ltr'><strong><em>tio</em></strong></span> <span class='ocrx_word' id='word_1_890' title='bbox 2548 5143 2735 5210; x_wconf 81' lang='lat' dir='ltr'><strong><em>prima</em></strong></span> <span class='ocrx_word' id='word_1_891' title='bbox 2769 5142 3022 5209; x_wconf 68' lang='lat' dir='ltr'><strong><em>scripsit.-</em></strong></span> <span class='ocrx_word' id='word_1_892' title='bbox 3051 5147 3267 5206; x_wconf 65' lang='lat' dir='ltr'><strong><em>nostrs„</em></strong></span> <span class='ocrx_word' id='word_1_893' title='bbox 3311 5157 3474 5210; x_wconf 87' lang='lat' dir='ltr'><strong><em>quam</em></strong></span> <span class='ocrx_word' id='word_1_894' title='bbox 3519 5140 3728 5195; x_wconf 82' lang='lat' dir='ltr'><strong><em>deinde·</em></strong></span> <span class='ocrx_word' id='word_1_895' title='bbox 3759 5146 4014 5210; x_wconf 84' lang='lat' dir='ltr'><strong><em>sequutae</em></strong></span> <span class='ocrx_word' id='word_1_896' title='bbox 4045 5147 4175 5193; x_wconf 75' lang='lat' dir='ltr'><strong><em>sum</em></strong></span> <span class='ocrx_word' id='word_1_897' title='bbox 4208 5155 4388 5194; x_wconf 81' lang='lat' dir='ltr'><strong><em>recen-</em></strong></span> 
     </span>
     <span class='ocr_line' id='line_1_113' title="bbox 2442 5207 3557 5268; baseline -0.004 1"><span class='ocrx_word' id='word_1_898' title='bbox 2442 5214 2624 5268; x_wconf 83' lang='lat' dir='ltr'><strong><em>tiores.</em></strong></span> <span class='ocrx_word' id='word_1_899' title='bbox 2700 5207 2766 5263; x_wconf 75' lang='lat' dir='ltr'><strong><em>G.</em></strong></span> <span class='ocrx_word' id='word_1_900' title='bbox 2802 5225 2929 5264; x_wconf 83' lang='lat' dir='ltr'><strong><em>vero</em></strong></span> <span class='ocrx_word' id='word_1_901' title='bbox 2963 5209 3149 5264; x_wconf 64' lang='lat' dir='ltr'><strong><em>habetae</em></strong></span> <span class='ocrx_word' id='word_1_902' title='bbox 3182 5218 3367 5263; x_wconf 82' lang='lat' dir='ltr'><strong><em>nostre</em></strong></span> <span class='ocrx_word' id='word_1_903' title='bbox 3401 5209 3557 5264; x_wconf 87' lang='lat' dir='ltr'><strong><em>Dieu.</em></strong></span> 
     </span>
    </p>
   </div>
   <div class='ocr_carea' id='block_1_12' title="bbox 3877 5290 3979 5344">
    <p class='ocr_par' dir='ltr' id='par_1_14' title="bbox 3877 5290 3979 5344">
     <span class='ocr_line' id='line_1_114' title="bbox 3877 5290 3979 5344; baseline 0.01 -1"><span class='ocrx_word' id='word_1_904' title='bbox 3877 5290 3979 5344; x_wconf 73' lang='lat'><strong><em>24*</em></strong></span> 
     </span>
    </p>
   </div>
  </div>
 </body>
</html>
