4984 5975
448 225 575 289 50⁷
1514 202 1527 220 ·
1941 173 2464 280 coNsmmM
2505 212 2798 280 PAULI
2838 212 2968 279 111.
4340 211 4473 276 508

446 410 949 493 stitionibusque
1005 404 1439 490 repurgandis
1455 455 1470 482 ,
1528 401 1609 468 de
1664 400 2081 487 pacificandis
2136 407 2394 467 contro-
2432 437 2437 442 -
2498 402 2611 486 qui
2654 401 2762 468 vel
2818 400 3202 468 exsecrabili
3258 397 3558 467 mercede
3607 398 3910 466 conducti
3926 450 3945 479 ,
4002 399 4113 466 vel
4168 400 4322 484 quia
4365 401 4468 469 sie

447 496 685 563 versiis
698 547 715 576 ,
771 494 853 558 de
906 488 1319 558 reformando
1362 489 1535 556 clero
1550 540 1567 568 ,
1614 487 1695 555 de
1736 486 2112 555 reducenda
2156 486 2241 553 ad
2283 507 2395 553 ve-
2497 490 2592 553 im
2637 486 2781 553 robi
2821 494 2982 554 sunt
3023 494 3279 565 natura,
3317 492 3393 551 6ι
3434 486 3578 552 6166
3620 486 3830 570 pretio
3864 484 4249 552 malefiacere
4281 487 4468 569 ipsos

449 603 596 648 ram
646 580 972 646 unitatem
1021 576 1294 644 ecclesia
1344 577 1577 641 inanes
1621 573 2128 641 consultationes
2171 591 2246 637 ac
2286 595 2394 639 su·
2501 574 2582 640 de
2607 579 2806 648 ectet,
2860 571 3163 639 intestini
3215 571 3372 637 belli
3425 570 3682 638 semina
3736 571 3868 637 huc
3909 570 4068 637 illuc
4111 581 4457 657 spargunt,

445 666 755 754 pervacui
776 670 1078 731 conatus:
1102 663 1267 729 haec
1280 662 1407 740 via,
1435 661 1560 727 hoc
1581 659 2042 744 compendium
2063 666 2164 725 est
2178 659 2397 724 omnia
2499 660 2704 726 variis
2748 659 2990 725 aculeis
3024 659 3275 724 animos
3310 658 3467 724 hinc
3500 654 3656 723 inde
3703 665 4134 742 exasperant,
4179 656 4293 723 ubi
4339 658 4465 724 ali-

426 751 536 819 —ad
552 751 808 818 felicem
822 751 1075 816 exitum
1084 746 1501 833 perducendi.
1550 744 1995 830 Quaecunque
2016 753 2252 830 urgeat
2279 765 2395 810 ne·
2500 745 2658 830 quid
2703 755 2803 811 est
2858 739 3350 829 praeparatum,
3407 742 3717 809 subiectis
3777 743 4026 811 facibus
4091 742 4468 812 accendunt

446 838 739 917 cessitas,
783 858 824 902 a
864 832 1276 921 procuranda
1310 832 1624 918 religione
1648 831 2019 899 abstineant
2050 832 2392 915 principes.
2500 834 2740 916 ignem,
2786 832 2900 897 ubi
2943 829 3298 897 scintillam
3342 829 3632 912 aliquam
3674 838 4057 913 conceptam
4098 829 4328 896 vident
4360 831 4466 895 fo·

446 923 594 991 Has
648 929 869 1006 partes
926 921 1189 1006 capitali
1249 922 1450 985 totius
1514 917 1849 1003 religionis
1908 917 2396 1002 religiosorum-
2501 929 2729 983 menta
2772 917 3087 983 adhibent
3101 968 3116 994 ,
3170 923 3238 980 et
3280 915 3610 982 malarum
3663 916 3907 981 artium
3948 913 4227 982 flabellis
4269 916 4465 982 flam-

447 1031 575 1094 que
617 1009 912 1075 omnium
954 1006 1129 1074 hosti
1170 1006 1511 1091 resignent
1524 1057 1543 1085 ,
1588 1004 1745 1070 dum
1787 1001 1979 1069 modo
2025 1025 2142 1087 per
2185 1007 2399 1069 conci-
2503 1025 2684 1070 mam
2737 1005 3044 1070 excitant.
3136 1001 3200 1066 N
3201 1023 3275 1069 ec
3328 1002 3612 1085 quieturi
3663 1000 3975 1068 videntur
3988 1053 4003 1079 ,
4065 1000 4270 1068 donec
4326 1023 4469 1067 uno

445 1095 616 1163 lium
671 1114 1014 1178 nunquam
1068 1093 1369 1158 futurum
1428 1092 1591 1156 vitia
1644 1090 1954 1157 ecclesiae
2012 1088 2402 1174 corrigenda
2504 1089 2805 1156 incendio
2847 1099 3058 1155 totam
3101 1087 3534 1154 Germaniam
3575 1086 3870 1153 viderint
3912 1089 4350 1172 conflagrare3
4396 1099 4473 1153 et

448 1181 778 1266 suscipiat.
852 1177 1034 1262 Quid
1073 1177 1321 1264 igitur?
1364 1176 1547 1242 Num
1588 1186 1663 1242 ut
1705 1176 1830 1242 hac
1864 1176 2163 1241 molestia
2204 1175 2401 1240 soluti
2506 1177 2661 1260 quia
2713 1173 3030 1252 eiusmodi
3084 1171 3477 1240 facinoribus
3527 1171 3760 1239 volunt
3811 1173 4269 1252 inclarescere,
4328 1194 4469 1239 non

447 1267 1022 1420 ssffliffiimass
1065 1264 1658 1434 &mmffiz‘zssff
1668 1261 1971 1432 1ιὲξῇῗᾷ
2012 1260 2401 1412 ³⁰3³?ngssss
2506 1260 3017 1414 ἓῖἷὲῗξὲοέἱὲ
3074 1260 3414 1412 ξέἳοῗὲῗο
3460 1257 4168 1428 ῗθῖἵοωῖἳωέἒῗ
4177 1279 4468 1410 60ῗὲ

449 1446 643 1519 nent,
696 1439 913 1522 inquit
964 1445 1230 1503 sanctus
1272 1444 1487 1521 pater,
1534 1456 1749 1501 annus
1785 1434 1961 1500 enim
2016 1433 2405 1518 praeteriret
2509 1435 2618 1498 dio
2671 1443 2740 1497 et
2782 1433 2998 1498 Fusco
3043 1453 3240 1515 quam
3287 1433 3545 1516 insigne
3587 1449 3710 1515 par
3765 1397 4069 1497 videinus
4110 1431 4194 1497 ad
4236 1451 4468 1497 omnes

451 1531 807 1608 antequam
868 1522 1232 1589 exercitum
1294 1541 1554 1587 armare
1596 1529 1879 1604 possent.
1968 1520 2123 1585 Huc
2188 1519 2405 1602 potius
2509 1520 2834 1603 nequitiae
2856 1539 3164 1585 numeros
3199 1517 3695 1601 comparatum?
3759 1514 4060 1599 Quorum
4096 1519 4273 1601 prior
4295 1515 4473 1584 Ger-

451 1611 863 1690 incumbant,
907 1607 1032 1675 hoc
1073 1608 1450 1688 moliantur,
1495 1607 1619 1672 hoo
1663 1607 1843 1670 omni
1888 1605 2285 1691 cogitatione
2329 1625 2405 1669 66
2510 1606 2797 1670 maniam
2887 1627 2960 1670 er
2999 1603 3242 1670 multos
3286 1605 3420 1669 iam
3463 1624 3670 1669 annos
3705 1605 3908 1670 variis
3941 1601 4330 1670 factionibus
4364 1603 4468 1668 la-

452 1696 672 1763 studio
705 1703 1203 1780 persequantur,
1241 1701 1320 1759 ut
1351 1692 1582 1758 foedus
1616 1714 1811 1757 suum
1848 1691 2135 1776 augeant
2156 1713 2231 1757 ac
2267 1712 2404 1755 mo-
2510 1690 2793 1758 cerando
2883 1711 2958 1756 oc
3012 1697 3449 1773 consequutus
3506 1699 3607 1755 est
3660 1699 3736 1754 ut
3778 1690 3922 1755 Deo
3966 1689 4476 1773 hominibusque

452 1781 555 1850 dis
618 1783 927 1849 omnibus
992 1779 1430 1847 corroborent.
1521 1777 1689 1859 Quis
1755 1775 2023 1843 tandem
2077 1776 2272 1842 finis?
2331 1785 2408 1842 ut
2510 1780 2599 1844 sit
2633 1799 2885 1856 exosus,
2923 1798 3043 1842 666
3078 1797 3265 1841 66666
3301 1774 3381 1842 ab
3417 1776 3719 1842 omnibus
3757 1775 3962 1854 bonis,
4000 1798 4077 1843 ac
4110 1777 4476 1842 infaustum

453 1868 728 1936 eeclesia
783 1867 868 1933 ad
924 1866 1301 1932 antichristi
1351 1862 1695 1931 libidinem
1760 1864 2086 1947 exposita,
2153 1862 2408 1946 prodita
2581 1863 2775 1947 'quod
2817 1864 3187 1928 ominosum
3233 1883 3316 1928 ue
3368 1871 3745 1944 portentum
3791 1862 4184 1947 refugiatur,
4242 1869 4309 1927 et
4362 1869 4470 1927 ta-

452 1954 688 2020 'I'urcis
728 1954 972 2038 patria,
1023 1952 1151 2036 ipsi
1205 1950 1458 2018 devotis
1512 1958 1579 2015 et
1628 1949 1864 2015 animis
1920 1959 1987 2015 et
2029 1948 2408 2032 corporibus
2510 1971 2664 2015 men
2720 1969 2924 2016 novas
2980 1947 3186 2014 identi
3233 1968 3338 2012 em
3392 1947 3671 2014 nocendi
3727 1948 4098 2016 occasiones
4160 1946 4472 2031 reperiat.

452 2040 525 2108 in
566 2061 687 2106 sua
736 2040 1037 2124 ipsorum
1091 2039 1343 2103 viscera
1386 2037 1781 2102 desaeviant.
1869 2036 2031 2101 Mox
2084 2035 2192 2099 hic
2232 2035 2408 2101 fruc-
2512 2036 2706 2101 Alter
2759 2057 2842 2100 ex
2899 2033 3302 2100 tenebricoso
3357 2033 3576 2117 aliquo
3628 2037 3827 2100 66666
3884 2055 4018 2100 666
4072 2037 4167 2101 1ι6
4208 2031 4477 2117 pridem

453 2132 564 2191 tus
606 2132 1058 2208 consequetur.
1148 2120 1342 2204 Quod
1386 2121 1981 2187 truculentissimus
2024 2121 2134 2187 1116
2178 2130 2406 2205 tyran·
2512 2142 2832 2200 emersus,
2900 2120 3076 2185 unde
3139 2120 3342 2186 etiam
3398 2140 3642 2185 nomen
3697 2121 3998 2199 retinet„
4031 2143 4161 2204 quo
4215 2141 4478 2186 moram

452 2233 584 2277 nus
619 2231 768 2276 cum
804 2210 1114 2276 scelerato
1192 2215 1659 2291 urpuratorum
1693 2227 1892 2291 grege
1928 2215 2197 2291 totaque
2230 2207 2409 2272 faece
2512 2217 2891 2290 compenset
2948 2214 3219 2272 strenua
3267 2204 3618 2271 sedulitate
3635 2256 3652 2284 ,
3713 2207 4089 2273 cursitando
4103 2259 4119 2287 ,
4180 2206 4474 2292 prehen-

452 2296 844 2375 satellitum,
897 2295 1105 2360 multo
1191 2295 1562 2360 'centiosius
1605 2294 1935 2377 regnabit,
1985 2293 2167 2358 illam
2222 2294 2410 2357 inex-
2514 2292 2738 2370 sande,
2796 2298 2914 2374 [fol.
2943 2295 3050 2372 51]
3098 2290 3456 2377 satagendo
3499 2290 3789 2371 turbare,
3833 2293 3890 2357 si
3933 2293 4090 2376 quid
4135 2303 4238 2359 est
4279 2301 4474 2358 tran-

497 2382 760 2449 lebilem
804 2381 1151 2447 avaritiam
1191 2400 1269 2445 ac
1310 2381 1757 2465 rapacitatem,
1803 2379 1983 2443 illam
2026 2383 2143 2459 [fol.
2184 2382 2290 2458 50]
2330 2378 2410 2443 li-
2514 2379 2699 2464 quilli
2745 2389 2811 2444 et
2854 2378 3214 2461 compositi,
3261 2400 3394 2444 non
3440 2377 3694 2444 desinit.
3752 2379 3846 2443 Et
3888 2400 4015 2462 quo
4036 2381 4223 2445 virus
4266 2398 4468 2445 suum

451 2405 755 2535 bidinum
797 2467 1275 2551 intemperiem,
1309 2466 1497 2530 illam
1540 2465 1610 2529 in
1631 2485 1861 2531 omnes
1887 2465 2029 2549 pios
2054 2484 2130 2530 ac
2151 2465 2406 2548 probos,
2513 2465 2715 2531 latius
2750 2478 3025 2544 evomat,
3048 2464 3489 2548 sanguinariis
3527 2463 3697 2530 dialo
3746 2465 3760 2479 ⁰
3818 2464 3903 2529 ad
3935 2463 4166 2532 caedes
4200 2473 4269 2529 et
4301 2471 4481 2530 stra-

501 2561 815 2639 eutesque
848 2550 1096 2619 multas
1120 2553 1498 2618 innocentes
1532 2551 1802 2629 rabiem,
1840 2572 2007 2634 quae
2039 2572 2218 2617 nunc
2251 2572 2410 2635 quo-
2514 2573 2631 2636 ges
2673 2550 3255 2618 clementissimum
3277 2550 3632 2617 Caesarem
3675 2486 3963 2634 gosque
3995 2551 4327 2635 principes
4369 2551 4477 2614 in-

678 2639 800 2704 odo
832 2638 1124 2705 inclusae
1158 2658 1502 2722 erumpere
1534 2644 1674 2702 toto
1694 2637 1943 2721 impetu
1964 2658 2096 2702 non
2117 2644 2408 2720 possunt,
2516 2640 2735 2722 stigat.
2807 2638 2935 2702 His
2975 2634 3170 2702 hodie
3204 2638 3560 2703 emissariis
3598 2636 3808 2702 utitur
3854 2638 4303 2703 sanctissimus
4351 2656 4472 2719 pa-

458 2724 645 2792 velut
680 2725 903 2791 fractis
942 2724 1275 2808 repagulis
1325 2725 1466 2789 sine
1523 2723 1670 2808 lege
1726 2733 1793 2788 et
1845 2723 2040 2790 modo
2095 2722 2406 2789 effundet.
2513 2734 2617 2789 ter
2660 2722 2744 2789 ad
2788 2723 3087 2789 columen
3131 2743 3354 2787 rerum
3397 2745 3668 2788 suarum
3711 2722 4184 2790 sustinendum.
4254 2722 4357 2787 Ac
4394 2743 4484 2787 ne

457 2810 655 2893 Quod
706 2832 979 2876 romana
1033 2811 1215 2877 curia
1270 2811 1658 2875 confirmata
1710 2809 1783 2873 in
1835 2817 2223 2894 perpetuum
2269 2829 2408 2873 om-
2515 2810 2665 2894 quis
2720 2808 2974 2874 dubitet
3022 2830 3107 2873 ex
3160 2808 3480 2892 genuina,
3541 2818 3609 2874 et
3649 2810 3835 2892 quasi
3891 2809 4246 2876 domestica
4299 2806 4478 2875 sedis

456 2898 647 2963 nium
688 2896 1160 2962 maleficiorum
1194 2896 1283 2960 im
1331 2897 1604 2974 unitate,
1639 2896 1713 2959 16
1747 2895 2122 2975 mendaciis,
2168 2897 2408 2980 impos·
2516 2895 2901 2979 apostolicae
2946 2893 3216 2960 cohorte
3283 2896 3460 2977 ipsos
3515 2914 3658 2961 esse
3701 2895 4005 2961 omnibus
4047 2895 4226 2963 vitae
4268 2894 4479 2979 parti-

456 2983 655 3061 turis,
713 2983 965 3049 offuciis
1024 2991 1091 3048 et
1143 2983 1286 3047 sim’
1323 2980 1463 3048 ‘bus
1507 2983 1749 3047 veteris
1790 2982 2119 3066 nequitiae
2161 2982 2412 3048 artibus
2517 2981 2639 3048 bus
2678 2989 2996 3048 testatum
3034 2980 3302 3060 faciunt,
3346 3003 3417 3048 se
3455 3003 3587 3048 non
3632 3003 3792 3063 esse,
3839 3005 3880 3049 a
3919 3004 4195 3049 romana
4222 2982 4479 3049 ‘sancti-

457 3069 728 3136 liberius
780 3069 1096 3136 lasciviet.
1183 3068 1454 3134 Nefaria
1509 3067 1623 3134 illa
1675 3066 1864 3134 sedes
1918 3070 2110 3134 novis
2150 3068 2414 3134 fulturis
2517 3076 2657 3135 tate
2701 3065 3075 3152 degeneres.
3123 3067 3188 3132 N
3189 3089 3262 3133 66
3305 3089 3350 3132 a
3368 3068 3732 3153 privilegiis
3767 3067 4116 3149 abstinent,
4161 3090 4329 3152 quae
4364 3089 4476 3133 so-

456 3154 750 3222 stabilita
791 3154 1133 3221 Christum
1174 3164 1601 3238 sanct-umque
1635 3154 1777 3219 eius
1812 3154 2227 3238 evangelium
2262 3175 2413 3239 pro-
2515 3155 2601 3219 lis
2645 3154 2997 3220 curialibus
3040 3152 3201 3218 alias
3243 3154 3706 3220 conceduntur.
3776 3154 3953 3221 Nam
3994 3154 4169 3240 quod
4201 3154 4474 3222 Parvus

458 3238 776 3308 culcando
793 3292 809 3320 ,
864 3241 1086 3325 impiis
1131 3260 1209 3306 ac
1247 3241 1629 3325 perniciosis
1673 3238 1988 3306 doctrinis
2032 3241 2257 3306 orbem
2298 3260 2412 3304 ex-
2516 3242 2657 3324 ipse
2699 3239 2986 3323 puellam
3027 3238 3243 3305 adhuc
3285 3241 3431 3306 viro
3472 3241 3792 3325 imparem
3836 3240 4107 3306 beluina
4158 3261 4235 3308 ac
4287 3262 4480 3325 pror-

457 3325 783 3394 caecando
797 3379 814 3407 ,
867 3327 1142 3394 miseras
1194 3328 1446 3392 animas
1486 3328 1560 3391 16
1602 3327 1864 3391 ruinam
1907 3325 2411 3410 praecipitando,
2520 3349 2634 3394 666
2654 3336 3022 3392 monstrosa
3055 3326 3442 3409 intemperie
3477 3326 3837 3410 stuprando
3870 3327 3967 3392 ita
4001 3328 4298 3411 graviter
4333 3327 4477 3392 vio-

457 3413 737 3479 ferocius
770 3412 1136 3480 insolescet.
1208 3411 1407 3494 Quod
1450 3411 1734 3495 denique
1778 3432 2200 3478 romanenses
2234 3433 2416 3479 creae
2519 3412 2699 3492 lavit,
2736 3422 2814 3477 ut
2846 3412 3041 3497 paulo
3077 3428 3227 3495 post
3257 3413 3345 3478 sit
3376 3421 3654 3492 mortua,
3693 3421 3761 3478 et
3793 3414 4033 3479 misera
4065 3420 4278 3479 matre
4314 3434 4474 3479 oon-

459 3508 647 3564 turae
691 3518 842 3565 cum
883 3520 1002 3565 suo
1045 3499 1257 3583 capite
1270 3551 1288 3578 ,
1350 3508 1427 3563 ut
1468 3508 1622 3563 sunt
1676 3498 1900 3563 hostes
1944 3498 2103 3565 boni
2147 3506 2213 3563 et
2254 3499 2415 3565 recti
2521 3498 2831 3564 tumeliae
2854 3498 3281 3580 orbitatisque
3299 3499 3614 3564 iniuriam
3655 3508 4107 3582 persequente,
4150 3498 4470 3582 disruptis

460 3586 787 3669 totiusque
831 3585 1195 3651 honestatis
1239 3585 1527 3650 sonticas
1569 3592 1807 3668 pestes,
1853 3584 2197 3669 profligata
2239 3584 2418 3650 omni
2519 3586 2740 3668 legum
2786 3606 2861 3650 ac
2904 3582 3295 3651 iudiciorum
3339 3585 3622 3652 vinculis
3664 3585 3936 3669 impune
3979 3586 4281 3664 evaserit,
4327 3586 4480 3669 quis

459 3670 883 3752 verecundia,
940 3672 1224 3755 grassari
1261 3671 1584 3748 securius,
1631 3680 1708 3734 ut
1749 3670 2042 3750 libuerit,
2088 3677 2414 3754 poterunt.
2521 3693 2604 3735 ex
2641 3672 2691 3737 s‘
2795 3670 3081 3735 ularibus
3107 3669 3238 3735 illis
3259 3671 3781 3737 Romanensium
3805 3672 4167 3755 privilegiis
4193 3692 4338 3738 esse
4359 3693 4482 3738 ne·

459 3755 602 3823 Our
635 3778 767 3822 non
804 3766 942 3822 tam
977 3757 1314 3841 praeclara
1347 3754 1647 3821 mercede
1683 3753 1768 3820 ad
1801 3755 2110 3822 locandas
2145 3777 2416 3822 romano
2464 3740 2471 3881 ἰ
2522 3756 2675 3840 get?
2794 3776 2870 3821 oc
2896 3754 3104 3820 obiter
3125 3757 3303 3821 volui
3323 3755 3634 3835 indicare,
3671 3764 3748 3821 ut
3769 3758 3879 3841 qui
3917 3757 4171 3826 salvam
4194 3758 4479 3842 patriam

457 3842 740 3908 lanistae
784 3863 935 3909 suas
981 3863 1212 3926 operas
1226 3895 1242 3921 ,
1299 3842 1659 3927 germanici
1704 3842 2045 3926 sanguinis
2088 3843 2418 3926 principes
2465 3908 2472 3927 ι
2522 3843 2815 3925 cupiunt,
2850 3842 3021 3908 bono
3056 3841 3318 3925 publico
3353 3844 3595 3921 favent,
3632 3843 3961 3909 communi
3996 3862 4155 3926 paee
4191 3841 4481 3923 student,

460 3923 990 3992 adducerentur?
1030 3928 1258 4012 Neque
1284 3927 1530 4011 aliquid
1566 3926 1804 3992 horum
1829 3927 2049 3994 odiose
2073 3928 2414 4013 amplifico.
2465 3930 2471 4011 ξ
2521 3948 2656 3993 666
2697 3935 2961 3993 ι66ι66ι
3014 3927 3095 3992 61)
3137 3926 3269 3992 11116
3312 3926 3669 3994 artificibus
3686 3980 3701 4003 ,
3759 3929 3871 4012 qui
3914 3929 4047 3995 huc
4091 3949 4176 3994 ex
4219 3929 4484 3995 officina

462 4011 859 4097 Quicunque
903 4015 1082 4079 enim
1134 4012 1503 4098 expendere
1566 4012 1767 4092 volet,
1827 4034 1995 4097 quae
2039 4034 2220 4079 6666
2261 4014 2417 4098 agit,
2465 4034 2471 4079 ι
2522 4034 2794 4079 romana
2839 4014 3261 4091 emittuntur,
3299 4014 3415 4079 sed
3451 4015 3533 4081 ab
3570 4014 3684 4079 his
3720 4015 3921 4081 etiam
3963 4016 4299 4081 intestinis
4335 4036 4483 4082 soe-

378 4138 385 4145 «
465 4098 688 4165 omnia
730 4119 894 4182 quae
939 4099 1096 4178 dixi,
1142 4108 1302 4165 tunc
1343 4100 1671 4166 facturum
1716 4106 1783 4163 et
1824 4099 1990 4164 forte
2024 4099 2220 4184 plura
2256 4100 2421 4165 fate-
2464 4088 2471 4173 ἱ
2522 4099 2735 4165 lerum
2745 4100 3041 4165 omnium
3061 4098 3435 4167 architectis
3454 4099 3820 4168 cavendum
3836 4102 4273 4167 meminerint.
4315 4099 4490 4166 an-

462 4183 661 4249 bitur.
732 4183 872 4250 Nec
907 4183 1129 4251 dubito
1172 4187 1331 4270 quin
1374 4185 1616 4251 multos
1654 4185 1949 4250 omnium
1993 4184 2300 4251 ordinum
2335 4206 2420 4249 ex
2464 4198 2471 4251 l
2523 4192 2740 4251 terum
2797 4186 2951 4270 quia
2994 4192 3092 4249 tot
3131 4184 3623 4253 difficultatibus
3677 4188 4086 4254 circumsessi
4143 4188 4258 4253 vix
4296 4188 4487 4252 inve-

462 4270 546 4335 iis
588 4271 701 4352 qui
737 4269 979 4355 alioqui
1017 4272 1528 4356 protestantibus
1571 4291 1707 4335 non
1741 4272 2164 4337 consentiunt
2202 4269 2420 4338 adhuc
2463 4256 2472 4341 ἶ
2524 4273 2723 4337 6166ι
2764 4272 2855 4356 pii
2898 4292 3024 4355 quo
3068 4292 3140 4337 se
3184 4282 3475 4353 vertent,
3521 4274 3652 4337 nisi
3694 4272 4064 4358 praeteritis
4101 4272 4490 4338 hominibus

467 4353 707 4420 habeat
749 4364 977 4422 nostra
1019 4357 1399 4424 Germania.
1489 4356 1622 4438 Qui
1669 4356 1827 4422 dum
1870 4356 2032 4424 haec
2077 4357 2253 4422 mala
2294 4357 2420 4421 im-
2467 4350 2471 4371 ¹
2528 4366 2708 4424 recta
2745 4359 2815 4423 in
2858 4358 3072 4423 Deum
3130 4370 3236 4424 re‘s
3281 4359 3513 4439 iciant,
3572 4359 3696 4425 hoc
3752 4357 4082 4444 agendum
4125 4360 4313 4426 nobis
4359 4367 4489 4437 est,

464 4440 717 4507 minere
758 4443 1124 4526 provident,
1169 4443 1405 4509 melius
1448 4443 1745 4526 publicae
1781 4449 1848 4507 et
1889 4443 2084 4509 saluti
2130 4450 2197 4508 6ι
2238 4453 2421 4509 tran-
2524 4451 2603 4508 ut
2636 4443 2888 4511 Christi
2923 4445 3131 4510 nostri
3253 4453 3526 4512 ventum
3561 4452 4033 4528 exspectemus,
4071 4446 4186 4529 qui
4209 4466 4330 4510 sua
4348 4443 4490 4510 cla-

463 4525 773 4610 quillitati
826 4529 1198 4595 consultum
1253 4530 1529 4614 cupiunt
1582 4536 1650 4594 et
1691 4526 1871 4594 fideli
1909 4528 2125 4595 studio
2143 4579 2158 4607 ,
2214 4551 2421 4614 quum
2513 4528 2720 4619 ritate
2755 4529 2934 4596 hunc
2955 4528 3087 4596 Dei
3122 4530 3578 4598 adversarium
3614 4528 3957 4614 dissipabit
3977 4539 4043 4596 et
4077 4532 4314 4614 spiritu
4346 4529 4489 4594 oris

376 4680 381 4685 ,
463 4613 717 4679 occasio
758 4614 1088 4693 offeretur,
1126 4613 1566 4681 declarabunt.
1640 4613 1775 4681 Sed
1809 4621 1966 4681 sunt
1998 4615 2214 4694 etiam,
2249 4616 2419 4699 proh
2523 4615 2627 4681 sui
2669 4617 2983 4682 conficiet.
3072 4615 3322 4682 Datum
3365 4616 3720 4683 Bethuliae
3763 4615 4005 4683 Iudeae
4047 4618 4248 4683 Anno
4299 4619 4496 4683 1541.

461 4697 677 4780 dolor,
718 4699 1045 4784 perfidiosi
1088 4700 1355 4785 quidam
1399 4710 1466 4766 et
1506 4703 1693 4787 impii
1736 4700 1990 4786 patriae
2033 4701 2414 4785 proditores,
2529 4721 2756 4767 mense
2799 4701 3061 4768 Martio.
