4984 5975
328 406 444 468 293
572 410 583 419 “

325 611 432 657 rae
468 591 601 675 est)
644 590 800 673 quid
844 597 1067 656 tamen
1110 609 1377 673 operam
1413 611 1601 656 suam
1634 610 1875 676 magno
1911 588 2273 670 venditent,

217 731 228 741 .
326 678 507 744 cuius
551 697 636 742 ne
679 676 854 761 quod
894 676 1157 742 omnino
1200 677 1484 758 pretium
1529 682 1774 753 exstet,
1821 677 1950 759 ipsi
1994 675 2275 760 diligen-

327 772 428 828 ter
468 761 862 847 provident?
929 762 1011 827 In
1056 783 1130 827 re
1163 763 1507 845 perspicua
1528 762 1805 846 longiori
1852 769 2274 845 argumenta-

326 849 505 915 tione
537 868 697 932 opus
732 869 866 912 non
905 853 1020 912 est.
1087 848 1401 913 Miseram
1437 847 1861 931 plebeculam,
1906 847 2089 913 cuius
2126 868 2274 912 eru-

331 933 572 1000 ditores
615 934 825 999 videri
863 934 1122 1013 volunt,
1178 955 1377 1017 quum
1435 940 1621 997 tanta
1662 933 2074 1017 ignorantiae
2117 933 2274 999 cali-

331 1021 482 1104 gine
537 1028 943 1085 excaecatam
958 1071 973 1098 ,
1034 1026 1131 1084 tot
1184 1039 1479 1085 errorum
1528 1019 1899 1103 praestigiis
1954 1016 2270 1097 delusam,

330 1114 427 1171 tot
468 1103 955 1172 mendaciorum
1008 1105 1272 1171 fascinis
1313 1105 1715 1170 incantatam
1759 1113 1826 1170 et
1868 1104 2270 1187 consopitam

326 1193 484 1257 satis
537 1191 760 1256 norint
805 1189 1006 1274 (quod
1058 1191 1307 1256 nemini
1354 1190 1615 1275 quidem
1673 1197 1774 1256 est
1812 1190 2268 1274 incognitum),

324 1277 567 1343 sentire
611 1286 687 1342 ut
730 1276 898 1342 nihil
940 1283 1160 1359 queat,
1209 1276 1337 1342 nisi
1381 1275 1555 1360 quod
1608 1275 1908 1342 manibus
1964 1275 2271 1359 pedibus-

325 1384 445 1446 que
489 1362 716 1446 palpet
755 1371 949 1446 atque
993 1370 1321 1428 attrectet:
1366 1363 1521 1446 quia
1562 1370 1782 1427 tamen
1826 1363 2113 1447 ingenue
2156 1383 2269 1426 ve·

324 1469 468 1513 rum
525 1447 741 1513 dicere
793 1448 1232 1531 periculosum
1278 1456 1403 1527 est,
1463 1468 1583 1513 666
1636 1469 1823 1514 66616
1863 1449 2269 1514 vocationem

324 1534 488 1599 tanti
531 1534 912 1613 aestimant,
969 1542 1046 1599 ut
1100 1533 1317 1599 fraudi
1342 1534 1393 1618 ¹)
1439 1532 1561 1599 sibi
1606 1555 1746 1599 esse
1789 1533 2024 1611 velint,
2078 1532 2149 1597 in
2195 1552 2272 1596 ea

325 1617 613 1685 docenda
662 1615 1125 1685 obscuritatem
1169 1618 1320 1684 data
1363 1641 1561 1703 opera
1603 1628 1669 1684 et
1710 1619 2038 1686 vafritiem
2083 1615 2270 1682 adhi-

323 1706 477 1770 bent
496 1757 510 1779 ,
569 1726 700 1788 qua
742 1705 847 1771 vel
905 1706 1353 1772 acutissimum
1397 1726 1718 1788 quemque
1760 1704 1986 1770 fallere
2028 1724 2269 1769 conan-

324 1798 448 1855 tur.
535 1790 829 1871 Istudne,
876 1811 1131 1874 quaese,
1179 1791 1408 1857 docere
1451 1797 1569 1871 est,
1617 1812 1817 1874 quum
1862 1788 2036 1874 apud
2070 1789 2270 1854 rusti-

325 1897 516 1941 canos
553 1876 1040 1959 homunciones,
1078 1885 1319 1942 natura
1352 1898 1484 1942 non
1506 1875 1701 1942 valde
1738 1883 2025 1961 argutos,
2064 1896 2270 1959 prava

324 1963 519 2027 etiam
555 1963 968 2028 institutione
991 1963 1349 2042 hebetatos,
1387 1961 1689 2029 habenda
1723 1969 1824 2028 est
1856 1963 2081 2038 oratic,
2119 1981 2269 2025 sen-

325 2049 563 2113 tentias
603 2070 724 2132 per
765 2070 835 2113 se
878 2048 1219 2113 hominum
1278 2048 1541 2133 ingenio
1597 2048 1923 2127 difficiles,
1981 2048 2075 2113 sic
2119 2066 2267 2130 per-

323 2133 530 2217 plexis
577 2134 1058 2218 aenigmatibus
1112 2134 1478 2218 implicare,
1536 2155 1662 2217 quo
1714 2135 1786 2198 in
1838 2132 1972 2198 illis
2024 2130 2266 2197 intelli-

365 2217 555 2284 endis
596 2218 892 2302 Oedipus
936 2240 1190 2302 quoque
1234 2214 1710 2303 ipse-'laboret‘I
1799 2218 1973 2284 Nam
2009 2219 2062 2284 si
2106 2216 2266 2300 quid

323 2240 538 2372 dicere
581 2303 894 2371 eiusmodi
938 2306 1309 2384 instituunt,
1356 2304 1532 2370 unde
1573 2306 1696 2371 sibi
1739 2302 1984 2388 aliquid
2018 2303 2263 2387 negotii

321 2391 740 2457 molestiaeve
791 2390 929 2455 sore
984 2392 1425 2476 suspicentur,
1481 2390 1644 2456 illud
1700 2390 1885 2456 velut
1937 2388 2266 2471 conceptis

324 2478 541 2542 verbis
584 2477 1040 2542 obscurissime
1084 2477 1394 2542 effantur:
1442 2484 1519 2541 ut
1563 2476 1620 2541 si
1663 2476 2013 2542 discrimen
2048 2475 2264 2540 immi-

324 2572 492 2640 neat,
529 2563 1071 2647 tergiversatione
1106 2582 1364 2646 semper
1397 2561 1566 2627 elabi
1602 2561 1872 2645 possint.
1942 2562 2162 2644 Atque
2197 2558 2265 2624 id

321 2649 736 2731 potissimum
758 2652 904 2727 [pag.
929 2653 1039 2728 60]
1061 2649 1143 2714 iis
1164 2649 1235 2713 in
1256 2649 1453 2715 rebus
1473 2670 1600 2714 usu
1621 2648 1822 2727 venit,
1856 2667 2016 2730 quas
2053 2646 2264 2729 expli-

325 2734 649 2800 catissime
680 2741 747 2798 et
775 2733 949 2799 tradi
980 2750 1047 2799 et
1075 2735 1371 2800 enarrari
1404 2733 1801 2800 christianae
1832 2733 2142 2798 ecclesiae
2163 2753 2266 2797 re-

322 2820 594 2885 ferebat:
641 2817 1165 2903 quandoquidem
1209 2829 1285 2885 ut
1327 2818 1610 2903 quidque
1663 2817 1746 2884 ad
1801 2816 2265 2885 stabiliendum

323 2903 573 2970 Christi
610 2926 893 2990 regnum
949 2905 1239 2970 maxime
1291 2904 1616 2984 conducit,
1673 2907 1769 2970 ita
1822 2902 2111 2970 Satanae
2167 2910 2268 2969 est

324 2991 801 3058 odiosissimum
838 2994 1107 3075 eiusque
1140 2992 1362 3057 furore
1381 2991 1721 3076 impetitur
1742 2991 2072 3057 acerrime.
2126 2990 2265 3055 Ita-

322 3098 441 3160 que
487 3079 582 3144 sic
625 3076 705 3142 de
749 3076 877 3143 fide
921 3078 1405 3155 concionantur,
1462 3085 1542 3143 ut
1582 3078 1789 3162 plebis
1833 3074 2264 3142 diffidentiam

320 3162 530 3228 nihilo
566 3163 918 3228 emendent
950 3164 1180 3247 magis,
1223 3185 1415 3246 quam
1454 3165 1511 3228 si
1544 3171 1853 3230 tacerent.
1921 3161 2034 3229 Sic
2070 3161 2264 3228 Chri-

322 3257 497 3313 stum
536 3249 959 3315 mediatorem
1013 3256 1195 3314 osten
1203 3248 1397 3332 dunt,
1456 3258 1535 3314 ut
1585 3250 1656 3314 in
1710 3249 1952 3314 sanctis
2008 3268 2266 3331 semper

320 3334 688 3400 haereatur.
779 3332 893 3401 Sic
937 3330 1067 3399 Dei
1110 3335 1394 3419 gratiam
1446 3334 1850 3418 praedicant,
1906 3341 1983 3398 ut
2035 3332 2263 3399 eadem

320 3420 705 3485 meritorum
747 3421 968 3504 propri
1088 3441 1173 3485 ue
1214 3420 1504 3487 iustitiae
1546 3421 1967 3487 hallucinatio
2008 3439 2264 3503 semper

320 3514 603 3571 maneat.
672 3504 785 3571 Sic
824 3507 1007 3572 verbi
1112 3507 1170 3572 ei
1214 3509 1631 3572 autoritatem
1672 3505 2148 3584 commendant,
2192 3511 2267 3569 ut

318 3591 528 3674 pluris
559 3593 725 3657 fiant
757 3591 1051 3656 fabulosa
1087 3591 1431 3657 hominum
1463 3601 1847 3658 commenta.
1907 3589 2021 3656 Sic
2043 3591 2265 3656 Deum

320 3698 529 3743 unum
569 3677 913 3743 colendum
956 3676 1215 3756 docent,
1263 3685 1339 3742 ut
1379 3678 1654 3744 eandem
1698 3698 1956 3761 semper
1996 3676 2265 3742 idolola-

319 3763 516 3830 triam
566 3762 956 3846 relinquant.
1048 3760 1161 3829 Sic
1218 3762 1298 3828 de
1341 3783 1501 3828 vera
1556 3763 1679 3829 reli
1730 3765 1872 3829 ’one
1917 3762 2263 3842 disserunt,

317 3859 392 3912 ut
434 3871 477 3914 e
520 3857 620 3914 tot
671 3849 891 3931 impiis
945 3849 1513 3933 superstitionibus
1567 3849 1683 3914 nul
1710 3870 1817 3914 am
1874 3848 2262 3915 convellant.

319 3934 626 4018 Denique
682 3935 777 4000 sic
828 3935 1173 4000 veritatem
1227 3944 1627 4019 proponunt,
1684 3942 1764 4000 ut
1817 3944 1946 3999 stet
1997 3933 2267 4004 menda-

318 4020 499 4085 cium
542 4041 800 4103 semper
852 4020 1192 4086 incolume.
1296 4022 1616 4105 Apagesis
1670 4020 2268 4105 tergiversatoriam

316 4105 512 4171 istam
569 4105 990 4171 calliditatem
1045 4113 1111 4171 et
1162 4106 1664 4190 perplexitatem
1719 4107 2091 4172 affectatam
2108 4157 2124 4185 ,
2185 4106 2266 4171 ab

319 4211 393 4256 eo
436 4192 549 4274 qui
594 4190 870 4257 docendi
926 4212 1169 4257 munus
1267 4193 1596 4257 rofitetur:
1650 4193 1838 4259 cuius
1892 4192 2108 4275 prima
2166 4198 2269 4256 est

319 4277 554 4356 virtus,
600 4275 971 4342 auditorum
1011 4284 1231 4360 captm
1278 4299 1420 4346 sese
1465 4284 1918 4361 attemperare.
1984 4277 2045 4342 A
2093 4276 2268 4343 chri-

318 4363 535 4427 stiano
572 4382 728 4427 vero
763 4360 1024 4429 doctore
1060 4384 1257 4446 quam
1288 4362 1674 4447 longissime
1716 4369 2032 4440 arceatur,
2069 4383 2109 4427 a
2142 4382 2268 4446 quo

314 4447 489 4512 nihil
520 4448 646 4513 nisi
671 4448 1187 4514 sincerissimum
1219 4454 1288 4514 et
1320 4448 1872 4532 simplicissimum
1909 4447 2122 4513 audiri
2156 4446 2268 4512 de-

317 4531 444 4598 bet.
500 4534 671 4598 Nam
705 4533 761 4599 si
799 4533 1128 4600 docendus
1169 4542 1270 4600 est
1306 4534 1607 4618 populus,
1647 4554 1959 4618 quorsum
1991 4533 2195 4600 istaec
2212 4533 2267 4616 2)

316 4619 718 4704 aenigmata,
777 4641 944 4703 quae
986 4620 1195 4686 nihilo
1236 4620 1591 4687 doctiorem
1634 4620 1971 4686 dimittant
2012 4619 2268 4686 audito-

462 4908 522 4976 1)
561 4909 655 4965 Sic
699 4909 921 4965 omnino
966 4909 1262 4979 legendum,
1308 4927 1624 4981 quanquam
1660 4912 1923 4966 editiones
1956 4927 2139 4965 omnes
2169 4910 2264 4965 Im-

310 4977 486 5033 beo-u
529 4979 673 5033 laudi
686 5021 700 5049 ‚
744 4978 864 5032 sola
903 4979 1157 5047 principe
1199 4987 1423 5048 excepta
1467 4982 1566 5035 ubi
1606 4981 1741 5036 vitio
1786 4995 2076 5049 operarum
2112 4980 2265 5034 raudi

310 5046 534 5115 ἱερέων.
598 5048 788 5102 Vei-sio
817 5048 1019 5117 gallica
1055 5062 1270 5101 sensum
1304 5049 1433 5103 bene
1465 5050 1797 5118 expressisse
1829 5049 1988 5104 nobie
2019 5048 2264 5103 videtur.-

308 5115 381 5170 ils
417 5114 727 5171 n’estiment
758 5132 860 5185 pas
896 5122 1014 5170 tant
1046 5116 1165 5170 leur
1197 5118 1447 5172 vocation
1481 5134 1585 5187 que
1662 5135 1762 5176 our
1796 5119 1850 5173 la
1885 5118 2007 5173 bien
2042 5133 2265 5173 exercer

308 5183 378 5238 ils
428 5185 693 5239 veufflent
736 5189 1092 5240 aucunement
1139 5200 1197 5238 se
1244 5192 1436 5239 mettre
1485 5202 1552 5240 en
1636 5202 1802 5256 anger
1848 5187 1915 5241 de
1961 5187 2108 5242 leurs
2141 5203 2264 5255 per-

308 5267 541 5307 sonnes.
755 5251 815 5316 2)
866 5252 964 5307 Ed
1015 5248 1151 5305 1552
1187 5251 1407 5307 vitiose.-
1452 5254 1619 5323 istae3
1666 5254 1811 5312 inde,
1837 5257 2162 5311 recentiores
2197 5269 2264 5309 ex

307 5322 662 5375 condomare.-
694 5322 815 5376 ista.

1436 401 1563 466 DE
1608 399 2201 475 SAOERDOTIO
2247 403 2599 469 PAPALI
2645 404 3215 473 ABIICIENDO.

4201 412 4334 476 294.

2380 611 2539 671 rem,
2585 611 2780 674 quam
2828 592 3140 659 venerat?
3228 594 3482 678 Nempe
3533 595 3658 661 hoc
3712 617 3918 660 unum
3975 597 4136 662 satis
4190 597 4325 664 cla-

2378 696 2530 740 rum
2572 675 2888 743 indicium
2927 686 3057 758 est,
3118 680 3331 763 qualis
3381 679 3469 744 sit
3510 701 3736 746 eorum
3778 700 4005 764 opera:
4063 681 4323 766 quando

2380 760 2507 827 hoc
2550 761 2721 845 quod
2766 770 2976 847 agunt
3018 763 3297 849 agendo,
3357 764 3520 830 nihil
3565 787 3833 849 prorsus
3875 776 4096 851 agunt.
4187 767 4324 835 Sed

2378 846 2558 911 istud
2608 847 2693 912 ad
2734 848 3150 915 refutandam
3205 872 3430 917 eorum
3481 853 3844 917 vanitatem
3919 853 4126 918 multo
4182 875 4320 920 cer-

2378 933 2510 998 tius
2549 941 2650 998 est
2692 942 3188 1018 argumentum,
3234 936 3410 1021 quod
3452 936 3670 1020 palam
3715 945 3845 1017 est,
3905 959 4014 1004 eos
4055 960 4139 1004 ne
4184 947 4321 1004 stu-

2377 1016 2533 1083 dere
2578 1017 2872 1102 quidem,
2926 1027 3002 1085 ut
3045 1020 3402 1106 quidquam
3454 1023 3826 1106 proficiant:
3892 1024 4051 1107 quin
4105 1026 4322 1107 potius

2378 1102 2533 1168 data
2577 1124 2776 1186 opera
2818 1126 3076 1186 cavere,
3132 1128 3219 1172 ne
3276 1105 3434 1191 quid
3485 1109 3846 1191 proficiant
3937 1110 4145 1175 Porro
4194 1131 4320 1193 quo

2377 1187 2727 1255 dilucidius
2772 1190 2986 1256 adhuc
3028 1194 3456 1276 perspiciant,
3513 1195 3780 1277 ineptiis
3823 1194 3955 1261 illis
4007 1196 4142 1261 suis
4182 1217 4322 1260 om-

2374 1274 2569 1340 nibus
2626 1296 2695 1340 se
2752 1296 3160 1360 nequaquam
3210 1280 3497 1361 assequi,
3562 1288 3637 1344 ut
3688 1302 3771 1344 ne
3826 1279 4057 1362 perfidi
4109 1282 4321 1367 magis

2374 1358 2739 1442 proditores
2755 1412 2770 1439 ,
2818 1383 3014 1445 quam
3057 1364 3246 1446 probi
3286 1374 3579 1448 pastores
3624 1374 4037 1432 censeantur:
4098 1368 4321 1449 paucis

2380 1466 2552 1509 vero.
2588 1444 3138 1521 demonstremus,
3206 1449 3274 1515 id
3330 1451 3505 1533 quod
3571 1452 3939 1534 pastoribus
3993 1450 4321 1518 Dominus

2375 1529 2745 1610 mandavit,
2812 1553 3006 1615 quam
3060 1533 3158 1598 illi
3215 1535 3388 1602 bona
3439 1537 3571 1602 fide
3624 1544 4085 1620 exsequantur.
4174 1538 4322 1603 Hac

2374 1617 2550 1680 enim
2586 1619 3070 1701 comparatione
3104 1618 3384 1687 obtineri
3422 1622 3609 1687 facile
3642 1643 3835 1706 posse
3869 1630 4043 1707 pute,
4081 1643 4165 1688 ne
4197 1645 4322 1690 nu-

2374 1703 2517 1785 gaci
2562 1703 2780 1769 666616
2824 1726 2952 1786 quo
2968 1756 2984 1784 ,
3041 1706 3359 1790 nihilique
3400 1716 3746 1790 praetextu
3803 1709 3984 1787 freti,
4045 1709 4321 1774 aliorum

2373 1808 2650 1853 numero
2691 1790 2962 1870 posthac
3005 1811 3076 1856 se
3119 1791 3431 1859 eximant.
3523 1792 3853 1875 Quoniam
3888 1801 4109 1859 autem
4154 1815 4322 1877 quae

2372 1872 2462 1938 sit
2505 1875 2821 1957 episcopis
2864 1875 3149 1942 tenenda
3191 1876 3468 1945 docendi
3518 1881 3687 1944 ratio
3702 1931 3718 1959 ,
3777 1881 4152 1945 summatim
4203 1879 4316 1945 de·—

2372 1958 2648 2025 claravit
2690 1961 3021 2042 apostolus
3065 1963 3222 2047 (Tit.
3267 1968 3319 2043 1,
3360 1966 3448 2049 9),
3495 1963 3652 2030 dum
3690 1968 3990 2031 strenuos
4033 1986 4173 2032 esse
4214 1965 4315 2049 ip-

2373 2064 2478 2109 sos
2520 2045 2739 2125 iussit,
2797 2055 2865 2110 et
2905 2045 2990 2111 ad
3031 2048 3512 2115 exhortandum
3557 2052 3624 2114 in
3672 2050 3966 2121 doctrina
4011 2072 4203 2129 sana,
4249 2058 4315 2116 et

2371 2129 2453 2194 ad
2500 2151 2608 2195 eos
2651 2131 2763 2213 qui
2807 2131 3256 2200 contradicant
3296 2136 3758 2214 revincendos,
3804 2137 3884 2201 ad
3931 2156 4077 2202 eam
4119 2157 4314 2221 regu·

2369 2215 2504 2280 lam
2533 2237 2782 2283 morem
2804 2216 3074 2283 docendi
3108 2219 3385 2286 istorum
3418 2222 3784 2288 metiemur.
3845 2220 4126 2303 Qualem
4159 2244 4315 2307 ergo

2370 2321 2441 2365 se
2484 2303 2657 2385 gerit
2713 2323 2940 2367 eorum
2994 2307 3636 2388 praestantissimus?
3727 2305 3950 2388 Quum
3997 2306 4313 2373 Satanam

2370 2386 2680 2453 ecclcsiae
2724 2388 2847 2454 sibi
2891 2390 3274 2456 commissae
3324 2389 3646 2457 dominari
3659 2444 3676 2471 ,
3722 2393 4006 2459 afflictae
4048 2414 4314 2477 oppres-

2369 2493 2610 2555 sasque
2663 2473 2794 2538 Dei
2856 2476 3120 2541 veritati
3181 2477 3501 2543 insultare
3518 2529 3535 2557 ,
3600 2478 3850 2544 laceras
3916 2485 3983 2542 et
4045 2478 4314 2544 mutilas

2371 2557 2626 2624 Christi
2659 2580 2813 2626 oves
2847 2560 2917 2624 in
2954 2560 3261 2643 praedam
3299 2564 3404 2629 abi
3451 2583 3579 2643 ere,
3616 2564 3939 2647 planeque
3974 2583 4093 2629 ceu
4118 2562 4314 2629 Chri-

2370 2650 2471 2708 sto
2513 2643 2859 2730 subiugato
2894 2647 3304 2730 triumphare
3339 2650 3403 2714 vi
3529 2657 3583 2714 t:
3629 2650 3858 2732 paucis
3892 2650 4051 2714 anni
4087 2648 4313 2715 diebus

2369 2731 2441 2794 in
2473 2730 2850 2796 concionem
2884 2729 3281 2818 defungendi
3316 2742 3581 2800 tantum
3617 2741 3765 2816 [pag.
3791 2747 3826 2800 6
3840 2739 3898 2814 1]
3935 2755 4130 2801 causa
4161 2755 4314 2818 pro-

2371 2812 2484 2895 dit,
2530 2836 2663 2881 non
2706 2816 2898 2882 aliter
2938 2838 3138 2900 quam
3181 2819 3240 2884 si
3281 2821 3637 2904 tranquilla
3678 2822 3914 2899 omnia,
3959 2828 4154 2903 atque
4198 2840 4312 2904 op-

2367 2902 2531 2966 time
2575 2904 2935 2987 composita
2975 2904 3206 2970 ferent.
3296 2906 3619 2985 Rursum,
3666 2927 3796 2990 qua
3837 2904 4018 2971 rabie
4061 2904 4314 2972 Christi

2368 2987 2728 3054 adversarii
2770 2988 2946 3073 apud
2978 3011 3095 3056 vos
3140 2989 3225 3057 ad
3267 2993 3698 3058 evertendum
3730 2994 3871 3058 eius
3906 3013 4184 3076 regnum
4219 2994 4312 3058 fe-

2367 3082 2625 3154 runtur,
2669 3094 2872 3157 quum
2914 3096 3044 3141 non
3086 3076 3361 3142 liberam
3395 3077 3589 3143 modo
3625 3086 3695 3144 et
3726 3087 4149 3157 constantem,
4198 3078 4314 3145 sed

2365 3159 2563 3244 paulo
2617 3161 3037 3226 sinceriorem
3092 3163 3275 3228 verbi
3331 3163 3880 3245 praedicationem
3934 3183 4085 3229 cum
4139 3164 4315 3230 vitae

2366 3267 2523 3311 suae
2576 3246 2953 3312 discrimine
3010 3248 3420 3314 coniunctam
3475 3250 3664 3316 sciat:
3731 3251 3872 3334 ipse
3930 3258 4153 3315 autem
4206 3250 4316 3316 vel

2366 3332 2679 3396 minimae
2733 3332 3126 3415 unguiculas
3180 3334 3499 3400 iacturam
3542 3334 3796 3401 Christi
3852 3356 4046 3401 causa
4099 3335 4314 3401 facere

2367 3414 2760 3496 reformidet,
2807 3418 3146 3484 conciones
3180 3420 3356 3502 ipsas
3399 3420 3495 3485 ita
3537 3419 3933 3497 moderatur,
3980 3428 4058 3485 ut
4092 3440 4164 3485 se
4197 3441 4312 3485 ex·

2366 3510 2472 3567 tra
2512 3502 2782 3585 periculi
2829 3503 3039 3568 aleam
3093 3505 3439 3571 contineat.
3530 3506 3715 3572 Haec
3770 3505 4103 3588 praeclara
4156 3510 4313 3570 sunt

2368 3610 2594 3654 eorum
2638 3596 3136 3673 strategemata,
3182 3611 3460 3674 quorum
3493 3592 3738 3657 merito
3780 3611 3940 3674 prae
3983 3588 4128 3654 aliis
4174 3590 4310 3653 exi-

2368 3675 2482 3739 mii
2525 3674 2749 3739 haberi
2793 3674 3053 3740 volunt:
3099 3676 3168 3740 in
3211 3676 3451 3760 quibus
3494 3679 3549 3742 si
3594 3683 3908 3742 neutrum
3955 3674 4168 3740 adhuc
4205 3695 4312 3739 eo-

2370 3781 2521 3825 rum
2564 3768 2857 3842 spectare
2897 3760 3082 3840 licet,
3135 3782 3301 3846 quae
3343 3763 3658 3846 episcopis
3701 3763 3769 3826 in
3810 3760 3927 3825 illa
3969 3759 4164 3824 Pauli
4207 3779 4311 3825 re-

2369 3846 2528 3931 gula
2568 3846 3121 3928 praescribunuu,
3169 3839 3303 3913 t‘am
3346 3849 3532 3915 inani
3572 3847 3815 3913 fiducia
3857 3845 4197 3928 superbire
4231 3846 4311 3909 il-

2370 3932 2452 3998 lis
2513 3952 2649 3996 666
2700 3931 3066 3997 concedam.
3157 3931 3489 4014 Quorsum
3539 3936 3716 3998 enim
3767 3931 4162 3996 christianae
4209 3951 4313 3997 ec-

2372 4018 2604 4085 clesiae
2648 4018 3011 4097 conciones,
3057 4019 3187 4084 nisi
3220 4020 3455 4102 quibus
3489 4039 3652 4085 sana
3684 4016 3980 4083 doctrina
4013 4017 4318 4082 institua-

2371 4103 2529 4169 tur?
2620 4101 2811 4183 Quae
2855 4110 3077 4169 autem
3121 4125 3292 4170 sana
3339 4104 3672 4170 institutio
3730 4102 3903 4168 tradi
3954 4103 4035 4168 ab
4080 4124 4155 4167 eo
4198 4122 4318 4185 po·
4353 4153 4358 4160 ‚

2371 4197 2519 4268 test,
2562 4190 2676 4273 qui
2710 4188 2878 4253 nihil
2912 4190 3040 4256 nisi
3084 4210 3233 4257 eum
3269 4188 3561 4257 Satanae
3593 4209 3753 4273 pace
3788 4188 4166 4271 experitur?
4234 4188 4315 4253 Id

2371 4278 2426 4343 si
2470 4275 2709 4358 alioqui
2754 4274 3020 4340 dubium
3068 4284 3256 4356 esset,
3301 4277 3428 4360 ipsi
3471 4296 3590 4341 suo
3633 4274 4023 4341 documento
4065 4272 4316 4339 faciunt

2371 4362 2829 4428 certissimum.
2898 4359 3233 4446 Quidquid
3268 4361 3348 4427 de
3380 4382 3541 4427 vera
3574 4360 3803 4426 orandi
3838 4362 4090 4425 ratione
4125 4380 4314 4442 prae-

2371 4449 2634 4531 cipiant,
2670 4467 2803 4511 non
2838 4446 3036 4511 alium
3074 4455 3294 4513 tamen
3328 4447 3555 4513 orandi
3592 4448 3658 4511 in
3697 4445 3934 4530 populo
3970 4466 4087 4510 666
4124 4466 4317 4510 usum

2372 4554 2515 4599 esse
2557 4532 2801 4611 vident,
2845 4553 3042 4615 quam
3083 4534 3437 4616 pessimam
3472 4531 3660 4597 illam
3695 4532 4008 4600 orationis
4041 4537 4311 4613 pestem,

2368 4620 2638 4684 inanem
2679 4616 3123 4703 battologiam,
3171 4640 3299 4702 qua
3341 4617 3568 4683 eadem
3614 4615 3890 4684 subinde
3924 4615 4128 4682 verba
4171 4617 4314 4680 sine

2368 4711 2611 4784 mente,
2658 4704 2800 4769 sine
2844 4703 3056 4784 corde,
3103 4706 3247 4770 sine
3287 4704 3645 4782 intellectu,
3690 4703 3944 4787 magico
3978 4722 4160 4766 more
4202 4700 4314 4766 de-

2367 4795 2817 4856 murmurant:
2873 4797 2950 4855 ut
2989 4790 3122 4854 illis
3161 4811 3293 4855 non
3338 4789 3517 4854 aliud
3562 4791 3650 4855 sit
3693 4810 3910 4867 orare,
3968 4808 4166 4870 quam
4208 4808 4314 4852 ro-

2367 4877 2524 4941 sarii
2556 4875 2872 4942 circulum
2904 4876 3223 4942 evolvere.
3290 4875 3496 4958 Atqui
3509 4927 3526 4954 ,
3563 4875 3687 4940 hoc
3717 4875 3966 4940 malum
4000 4874 4153 4956 quia
4186 4872 4315 4937 nisi

2367 4961 2732 5045 periculose
2789 4962 3112 5045 attingere
3167 4981 3303 5026 non
3357 4961 3534 5039 licet,
3593 4981 3817 5026 secure
3875 4957 4312 5024 dissimulant.

2367 5048 2717 5131 Utcunque
2761 5044 2841 5110 de
2882 5068 3037 5111 vero
3080 5047 3212 5112 Dei
3266 5047 3447 5113 cultu
3500 5044 3852 5112 disserant:
3909 5044 4022 5127 qui
4076 5049 4152 5107 ut
4207 5043 4310 5106 in-

2368 5135 2604 5200 teriore
2646 5131 2859 5199 cordis
2904 5131 3159 5212 fiducia,
3204 5133 3375 5198 seria
3416 5132 3855 5209 invocatione,
3901 5126 4114 5193 laudis
4155 5146 4310 5191 con-

2367 5220 2649 5286 fessione
2691 5225 2961 5296 constat,
3005 5218 3100 5283 ita
3144 5224 3322 5284 totus
3358 5217 3719 5301 spiritualis
3756 5235 3896 5281 esse
3932 5211 4152 5278 debet:
4193 5233 4309 5294 po-

2366 5306 2599 5389 pulum
2642 5313 2863 5369 tamen
2904 5304 3058 5387 quia
3098 5303 3251 5370 inde
3285 5305 3482 5370 avelli
3517 5303 3682 5368 citra
3716 5319 3986 5384 gravem
4021 5296 4310 5364 Satanae

3798 5398 3906 5453 19*
