4984 5975
543 304 620 369 97
2043 306 2333 373 LIBER
2375 307 2428 371 Ι.
2521 307 2824 375 CAPUT
2868 310 3027 374 XII.
4456 316 4542 379 98

540 491 864 557 Occurrat
907 492 1026 557 hoc
1068 493 1208 558 loco
1261 494 1382 560 tibi
1427 493 1835 560 Laberianus
1892 494 2002 558 ille
2048 515 2309 573 versus,
2372 497 2481 578 qui

537 577 754 642 medio
796 578 973 644 civili
1011 579 1181 643 bello
1225 579 1294 643 in
1340 578 1598 644 theatro
1637 579 1867 660 dictus,
1912 587 2121 645 totum
2157 580 2226 644 in
2264 602 2335 645 se
2370 603 2484 664 po-

539 663 768 747 pulum
811 685 946 729 non
989 664 1181 729 aliter
1224 667 1584 744 convertit,
1627 687 1823 748 quam
1869 665 1926 729 si
1968 667 2170 731 missa
2213 687 2342 730 vox
2383 688 2485 732 es-

541 758 640 814 set
681 748 925 832 publici
969 750 1267 816 affectus:

728 851 966 907 Necesse
1003 862 1088 906 est
1122 854 1320 907 multos
1356 854 1558 920 timeat,
1594 869 1752 922 quem
1787 853 1939 907 multi
1973 853 2177 908 timent.

533 936 646 1001 Ita
688 943 928 1002 natura
967 940 1319 1017 constituit,
1364 948 1438 1003 ut
1481 937 1654 1021 quod
1699 938 1912 1002 alieno
1947 945 2128 1003 metu
2162 960 2482 1024 magnum

537 1030 655 1100 est,
702 1043 820 1087 suo
863 1044 997 1087 non
1041 1033 1243 1090 vacet.
1973 1067 1978 1071 -

719 1109 956 1173 Timeri
977 1107 1132 1196 vult]
1174 1108 1351 1190 Quid
1384 1110 1561 1174 enim
1597 1109 1775 1173 aliud
1815 1111 2080 1189 faciunt,
2117 1132 2313 1193 quam
2352 1121 2481 1175 ter-

533 1215 751 1259 rorem
806 1195 1104 1260 omnibus
1159 1195 1512 1273 incutiunt,
1581 1196 1692 1278 qui
1760 1217 1986 1261 omnes
2051 1196 2173 1261 sibi
2277 1195 2482 1260 ladios

534 1278 933 1362 impendere,
958 1301 1240 1362 suaeque
1257 1283 1429 1346 vitae
1450 1281 1794 1345 imminere
1818 1282 2225 1346 arbitrantur
2242 1330 2255 1344 .
2295 1284 2479 1365 Lege

535 1364 941 1450 tragoediam
1011 1365 1299 1432 Senecae
1367 1388 1534 1450 quae
1600 1365 1979 1432 inscribitur
2036 1365 2339 1433 Octavia:
2407 1368 2479 1431 in

532 1471 735 1534 quam
755 1452 1113 1517 sententias
1147 1473 1350 1534 paene
1383 1451 1468 1517 ad
1491 1451 1763 1518 verbnm
1787 1474 1870 1517 ex
1901 1452 2026 1517 hoc
2047 1473 2241 1536 opere
2264 1460 2478 1519 trans-

533 1537 707 1601 tulit.
813 1537 984 1602 Vere
1037 1558 1191 1621 ergo
1236 1540 1581 1621 tyrannica
1625 1558 1753 1603 vox
1796 1538 2132 1623 Dionysii,
2177 1560 2307 1621 qua
2348 1540 2477 1603 iac-

532 1622 721 1687 tabat
764 1621 1024 1688 vincula
1080 1622 1498 1688 adamantina
1554 1645 1696 1689 esse
1750 1631 2034 1703 metum,
2080 1624 2475 1703 violentiam,

531 1707 811 1773 classem
855 1717 921 1772 et
963 1707 1187 1773 decem
1230 1708 1438 1773 millia
1480 1720 1898 1774 armatorum.

707 1793 798 1857 Et
838 1794 948 1858 illo
988 1793 1352 1860 eoesecrabili
1393 1793 1604 1883 versu]
1664 1795 1915 1861 Versus
1969 1794 2076 1861 hic
2122 1796 2325 1860 Atreo
2379 1803 2477 1860 at-

531 1878 850 1945 tribuitur
883 1879 953 1942 in
986 1878 1322 1963 tragoedia
1364 1881 1644 1963 quadam
1670 1882 1892 1958 veteri,
1940 1881 2077 1945 sive
2099 1882 2301 1959 Accii,
2340 1882 2477 1947 sive

531 1964 809 2030 alterius
842 1965 1235 2046 cuiuspiam:
1274 1965 1824 2047 quemadmodum
1846 1965 2076 2031 Cicero
2109 1965 2362 2032 duobus
2382 1967 2477 2030 lo·

531 2052 630 2117 cis
669 2050 994 2115 meminit:
1044 2048 1229 2114 offic.
1275 2051 1359 2115 1.:
1406 2049 1480 2117 Si
1520 2053 1775 2117 Aeacus
1811 2061 1928 2116 aut
1960 2052 2182 2140 Minos
2218 2051 2476 2131 dixerit,

530 2134 850 2213 Oderint,
908 2134 1065 2199 dum
1117 2144 1444 2215 metuant,
1506 2145 1649 2202 aut:
1708 2137 1900 2201 Natis
1942 2138 2082 2220 ipse
2128 2137 2215 2201 sit
2259 2138 2477 2220 sepul-

530 2243 724 2287 crum
757 2240 1031 2305 parens:
1077 2220 1454 2287 indecorum
1499 2222 1853 2301 videretur,
1909 2223 2081 2305 quod
2127 2244 2235 2287 eos
2277 2223 2478 2289 fuisse

529 2309 739 2372 iustos
775 2308 1167 2389 accepimus3
1214 2313 1282 2370 at
1320 2309 1520 2372 Atreo
1557 2308 1833 2385 dicente,
1876 2307 2147 2390 plausus
2184 2309 2479 2374 excitan-

423 2409 430 2424 ·
529 2401 664 2457 tur.
730 2393 823 2456 Et
855 2391 1140 2476 Philipp.
1179 2392 1263 2456 I.:
1309 2391 1629 2459 Videmus
1674 2414 1929 2477 quoque
1970 2394 2042 2458 in
2076 2393 2331 2472 fabulis,
2377 2394 2476 2477 ip-

530 2479 630 2543 sis
671 2479 781 2560 qui
848 2475 1128 2542 Oderint
1180 2478 1338 2542 dum
1401 2487 1727 2558 metuant,
1753 2475 2101 2558 dixerint,
2158 2480 2477 2562 pernicio-

530 2586 682 2628 sum
729 2564 942 2628 fuisse.

718 2649 974 2714 Oderint
1021 2649 1172 2712 tium
1225 2648 1526 2736 metuant]
1593 2649 1947 2716 Suetonius
2013 2650 2083 2715 in
2141 2649 2476 2734 Caligula:

527 2735 887 2818 Tragicum
934 2735 1100 2799 illud
1140 2735 1416 2800 subinde
1459 2737 1770 2802 iactabat:
1818 2734 2098 2802 Oderint
2141 2736 2298 2801 dum
2341 2757 2478 2801 me-

531 2831 740 2886 tuant.
831 2821 1000 2884 Item
1058 2821 1126 2884 in
1173 2821 1461 2886 Tiberio:
1518 2823 1869 2906 Tragicum
1913 2821 2077 2886 illud
2120 2820 2478 2886 identidem

529 2908 849 2972 iactabat:
912 2904 1194 2974 Oderint
1235 2906 1391 2971 dum
1450 2909 1738 2992 probent.
1831 2908 2086 2974 Seneca
2137 2907 2245 2972 lib.
2290 2907 2344 2971 I.
2399 2907 2480 2972 de

527 2994 673 3057 Ira:
730 2994 964 3058 Diram
1019 2992 1198 3057 illam
1255 3002 1323 3057 et
1376 2994 1880 3061 abominandam
1923 3015 2147 3059 vocem
2203 2993 2479 3077 Syllano

431 3134 448 3151 ,
530 3080 704 3145 scias
739 3092 1032 3161 tempore
1066 3099 1207 3143 esse
1245 3080 1585 3163 scriptam:
1633 3079 1918 3145 Oderint
1960 3080 2119 3144 dum
2160 3088 2477 3144 metuant.

531 3164 682 3230 Hoc
724 3165 987 3228 nomine
1034 3164 1381 3230 Gaesarem
1428 3175 1658 3231 onerat
1698 3164 1945 3230 invidia
1987 3167 2331 3243 Lucanus,
2374 3165 2479 3230 his

532 3250 781 3316 verbis:

1254 3347 1467 3407 Gaudet
1499 3332 1678 3409 tamen
1715 3369 1835 3408 esse
1873 3353 2052 3407 timori

742 3421 875 3474 Tam
913 3438 1104 3490 magno
1143 3423 1386 3491 populis:
1422 3430 1480 3476 et
1515 3439 1571 3477 se
1608 3440 1717 3476 non
1752 3422 1939 3475 mallet
1973 3422 2155 3475 amari.

722 3506 843 3573 Ubi
876 3528 1077 3587 supra
1108 3508 1357 3572 modum
1390 3510 1536 3573 odia
1566 3505 1906 3594 creverunt]
1954 3507 2305 3591 Tyrannus
2335 3506 2478 3589 qui-

535 3591 684 3657 dem
728 3592 889 3656 sat-is
935 3614 1236 3675 prospere
1281 3604 1497 3660 actum
1541 3602 1742 3676 putat,
1790 3594 1845 3658 si
1882 3614 1922 3657 a
1956 3594 2090 3657 suis
2125 3600 2476 3669 metuatur,

535 3677 700 3741 nihil
738 3678 821 3741 ad
858 3701 927 3742 se
963 3679 1289 3760 pertinere
1324 3680 1546 3744 odium
1584 3680 1986 3755 existimans,
2031 3677 2203 3760 quod
2239 3679 2479 3742 terrori

535 3762 935 3828 succumbat.
999 3765 1278 3828 Interim
1317 3773 1618 3831 crescunt
1653 3764 1818 3842 odia,
1865 3775 1932 3829 et
1967 3763 2232 3828 tandem
2264 3763 2335 3827 in
2371 3786 2477 3828 ra-

536 3849 706 3914 biem
742 3858 1114 3925 vertuntur,
1150 3871 1316 3932 quae
1350 3850 1533 3914 nullo
1566 3852 1798 3914 timore
1830 3849 2117 3932 qualibet
2150 3850 2300 3913 ruit.
2347 3848 2478 3914 Hic

537 3933 699 3998 nihil
747 3943 956 4019 agunt
997 3934 1213 4018 gladii,
1261 3936 1427 4000 nihil
1467 3935 1809 4011 satellites,
1865 3934 1972 4001 hic
2014 3937 2215 4001 miser
2259 3956 2299 3999 a
2342 3935 2476 4019 suis

536 4020 873 4102 praesidiis
908 4018 1247 4098 deseritur,
1291 4043 1457 4104 quae
1492 4023 1614 4087 sibi
1651 4023 1724 4085 in
1758 4042 1903 4085 eam
1937 4023 2269 4085 fortunam
2301 4040 2476 4085 com-

535 4114 897 4188 paraverat.

713 4191 1118 4272 Temperatus
1160 4194 1324 4256 enim
1366 4190 1575 4279 timor]
1640 4193 1810 4257 Nam
1853 4200 1922 4257 et
1957 4192 2110 4257 boni
2151 4193 2475 4276 principes

537 4297 801 4342 necesse
843 4276 1088 4343 habent
1131 4289 1307 4342 metu
1351 4278 1683 4343 continere
1727 4279 2118 4344 facinorosos
2157 4277 2473 4356 homines,

539 4376 613 4426 ut
663 4364 991 4445 appetitus
1044 4363 1228 4427 noxii
1282 4365 1402 4428 sub
1460 4364 1620 4428 iuris
1677 4363 1907 4447 regula
1957 4363 2351 4428 limitentur:
2410 4374 2477 4428 et

535 4470 779 4531 poenas
821 4449 1086 4530 exsequi
1129 4470 1295 4531 quae
1339 4450 1715 4532 irrogantur
1750 4470 1790 4512 a
1823 4449 2092 4532 legibus,
2136 4470 2221 4514 ne
2260 4450 2474 4532 impu-

537 4534 712 4599 nitas
758 4543 999 4617 augeat
1052 4534 1528 4600 confidentiam.
1619 4534 1752 4600 Sed
1798 4534 2113 4599 adhibent
2151 4543 2475 4618 tempera-

538 4630 785 4683 turam:
844 4619 1151 4701 quoniam
1211 4621 1437 4687 multis
1491 4620 1855 4686 exorabiles
1883 4622 1932 4703 ¹)
1991 4641 2062 4685 se
2117 4629 2473 4703 praestant,

541 4711 687 4782 Ιρας.
732 4711 839 4781 89]
902 4704 1203 4787 pluribus
1249 4708 1444 4771 etiam
1491 4705 1818 4771 amabiles.
1909 4707 2149 4771 Terror
2200 4706 2314 4770 ille
2369 4714 2476 4790 ty-

539 4792 880 4867 rannicus,
926 4792 1035 4872 qui
1081 4813 1201 4856 nec
1243 4792 1751 4857 mediocritatem
1806 4792 2034 4869 habet,
2093 4812 2215 4857 nec
2270 4792 2477 4857 inter-

537 4875 805 4954 vallum,
847 4894 970 4941 nec
1013 4875 1379 4953 discrimen,
1422 4879 1515 4942 ita
1548 4878 1630 4941 ad
1665 4877 1893 4942 vivum
1931 4879 2185 4961 pungit,
2231 4885 2306 4941 ut
2339 4897 2479 4942 ma-

537 4962 640 5045 gis
681 4962 919 5035 irritet,
941 4982 1135 5043 quam
1180 4971 1489 5029 coerceat.

679 5151 739 5215 1)
789 5148 882 5203 Sic
935 5164 1116 5204 omnes
1168 5150 1507 5205 recentiores.
1592 5149 1858 5220 fflnceps
1911 5152 2077 5206 male.-
2130 5151 2479 5219 execrabiles,

533 5218 689 5289 qnod
721 5225 904 5283 tannen
936 5219 1160 5285 corrioit
1193 5221 1254 5273 in
1288 5220 1503 5273 erratis.

750 5304 972 5359 Calvina·
999 5320 1180 5373 opera.
1262 5305 1375 5359 Vol.
1425 5306 1480 5359 V.

2765 495 2874 561 Sic
2925 498 3102 580 feras
3155 497 3371 586 lineis]
3441 498 3820 565 Similitudo
3882 507 3983 567 est
4034 502 4541 585 appositissima,

2589 602 2717 664 qua
2772 582 2946 646 idem
3004 584 3144 667 ipse
3188 583 3442 651 Seneca
3495 586 3703 651 utitur
3755 585 3922 650 libro
3976 609 4150 653 nono
4191 588 4540 655 Declama-

2589 668 2874 733 t-ionum:
2924 668 3297 750 Quaedam,
3353 671 3594 754 inquit,
3652 673 3830 736 ferae
3885 672 4017 736 tela
4070 674 4541 755 commordent,

2590 762 2656 817 et
2697 754 2769 817 in
2813 755 3042 819 mortis
3085 762 3378 821 autorem
3428 778 3543 839 per
3586 758 3866 823 vulnera
3909 766 4127 822 ruunt.
4197 756 4332 824 Sed
4374 759 4541 826 haec

2589 840 2957 921 expressior
2991 848 3058 905 et
3095 843 3639 907 accommodatior
3673 844 3753 908 ad
3795 843 3865 907 id
3899 845 4067 925 quod
4106 843 4379 911 dixerat.
4445 845 4542 911 Ut

2590 924 2766 988 enim
2810 934 3023 990 terror
3066 926 3202 1006 ille,
3249 949 3441 1009 quem
3484 932 3726 1011 posuit,
3787 950 3937 995 acer
3980 937 4047 993 et
4087 928 4416 1009 assiduus,
4471 937 4540 994 et

2589 1017 2883 1075 extrema
2917 1011 3293 1092 admovens,
3339 1014 3431 1078 sic
3464 1015 3635 1079 ieras
3677 1013 3989 1099 indagine
4024 1016 4286 1095 cinctas,
4332 1037 4537 1081 vena-

2588 1104 2727 1160 tore
2770 1097 3019 1160 ferrum
3064 1097 3452 1163 admovente
3470 1152 3484 1176 ,
3543 1099 3840 1183 undique
3895 1109 4095 1184 urget
4149 1101 4534 1185 desperatio.

2762 1181 2982 1247 Lineis
3025 1190 3081 1246 et
3111 1182 3352 1269 pinna]
3399 1185 3889 1268 Pel-iphrastice
3933 1185 4237 1269 designat
4276 1187 4535 1272 indagie

2585 1287 2756 1345 nem,
2805 1267 2926 1331 hoc
2970 1279 3070 1331 cst
3110 1269 3452 1354 plagarum
3486 1273 3721 1335 scriem
3752 1273 3823 1335 in
3843 1282 4533 1344 varrosarrectarum.

2764 1354 3105 1418 Tentabunt
3150 1356 3375 1438 fugam
3416 1371 3539 1437 per
3580 1358 3727 1439 ipsa
3777 1378 3935 1438 quae
3981 1356 4302 1445 fuyerant]
4349 1360 4551 1423 Dum'

2582 1439 2759 1502 enim
2802 1440 3049 1504 ferrum
3092 1441 3355 1524 fugiunt
3395 1444 3750 1520 venatoris,
3799 1463 3871 1508 se
3913 1443 4104 1508 lineis
4148 1443 4361 1527 plagis
4404 1445 4533 1508 im-

2580 1523 2857 1606 plicant:
2912 1525 3148 1607 quibus
3204 1548 3469 1591 rursum
3530 1526 3687 1592 dum
3747 1549 3817 1593 se
3873 1528 4199 1611 explicare
4260 1536 4537 1595 conten-

2583 1609 2779 1687 dunt,
2825 1631 3092 1675 cursum
3133 1612 3207 1675 in
3252 1621 3625 1678 venatorem
3675 1623 4083 1697 retorquent,
4127 1614 4538 1680 venabulum

2584 1695 2887 1759 dentibus
2941 1698 3281 1780 arripiunt.
3370 1697 3576 1781 quue
3631 1701 3951 1783 contingit
4002 1700 4074 1764 in
4129 1699 4364 1766 ultima
4421 1699 4539 1765 de-

2583 1783 2969 1863 speratione.
3010 1783 3139 1847 Est
3172 1784 3349 1847 enim
3385 1786 3960 1866 artislvenatoriae,
3999 1787 4211 1851 facere
4245 1785 4536 1869 aliquam

2582 1888 2766 1950 spem
2811 1866 3160 1947 evadendi,
3206 1869 3263 1934 si
3308 1871 3684 1954 aufugiant;
3743 1892 3869 1953 quo
3917 1892 3987 1935 se
4028 1871 4284 1937 facilius
4328 1873 4534 1936 conii-

2584 1954 2765 2016 ciant
2807 1953 2876 2016 in
2920 1953 3165 2038 plagas.

2754 2038 3092 2103 Acerrime
3132 2042 3334 2105 virtus
3378 2040 3495 2127 est]
3546 2042 3767 2121 Γνώμη
3813 2064 3927 2107 seu
3974 2044 4317 2121 sententia,
4364 2063 4533 2126 quae

2582 2124 2958 2206 frequenter
3002 2126 3068 2189 in
3114 2126 3424 2192 clausulis
3465 2127 3747 2209 ponitur.
3818 2128 3950 2192 Hic
3992 2127 4290 2211 simplex,
4337 2137 4404 2194 et
4446 2128 4533 2193 ad

2582 2230 2721 2272 rem
2766 2209 2990 2274 relata.
3081 2212 3208 2275 Est
3259 2221 3477 2276 autem
3532 2234 3662 2276 non
3715 2215 3937 2278 minus
3982 2235 4140 2277 vcra
4183 2214 4527 2295 sententia,

2582 2316 2778 2376 quam
2822 2295 3094 2360 celebris
3139 2305 3206 2361 et
3249 2297 3536 2381 vulgata.
3607 2298 3880 2363 Porcius
3924 2301 4130 2363 Latro
4173 2300 4245 2363 in
4287 2300 4529 2365 Decla-

2575 2387 2766 2459 ⁴mat.:
2822 2380 3219 2446 Gravissimi
3259 2392 3414 2446 sunt
3455 2404 3714 2449 morsus
3756 2384 4049 2448 irritatae
4097 2385 4528 2451 necessitatis.

2583 2463 2663 2545 Q.
2687 2464 2958 2530 Curtius
2990 2465 3097 2531 lib.
3122 2466 3238 2531 V.:
3276 2469 3620 2551 Ignaviam
3644 2489 3900 2552 quoque
3931 2471 4283 2534 necessitas
4319 2471 4524 2536 acuit:

2583 2562 2650 2615 et
2693 2571 2886 2635 saepe
2932 2552 3296 2635 desperatio
3337 2554 3473 2637 spei
3520 2576 3716 2619 causa
3750 2564 3867 2618 est.
3944 2552 4133 2618 Idem
4177 2554 4361 2620 alibi:
4406 2557 4527 2620 Ef-

2582 2637 2842 2702 ficacior
2874 2639 3053 2701 omni
3085 2645 3226 2703 arte
3260 2640 3635 2717 necessitas,
3673 2661 3805 2704 non
3841 2640 4083 2705 usitata
4114 2640 4306 2705 modo
4335 2661 4526 2725 prae·

2583 2722 2777 2798 sidia,
2837 2721 2951 2788 sed
2995 2724 3195 2788 etiam
3236 2745 3408 2791 nova
3452 2724 3760 2790 admovit.
3848 2726 4026 2791 Hinc
4083 2725 4246 2791 illud
4302 2727 4526 2791 horta-

2582 2815 2876 2873 mentum
2920 2809 3316 2875 Hannibalis
3358 2809 3440 2875 ad
3484 2810 3753 2888 milites,
3807 2831 3935 2893 quo
3988 2810 4155 2875 nihil
4200 2812 4528 2877 efficacius

2583 2892 2710 2959 dici
2743 2895 2984 2976 potuit:
3032 2898 3168 2970 Aut
3185 2896 3601 2973 vincendum,
3648 2906 3766 2961 aut
3798 2896 4226 2975 moriendum,
4263 2897 4526 2976 milites,

2582 2978 2748 3045 libro
2790 2980 2879 3046 X.
2908 2980 2956 3065 ι)
3010 2979 3188 3047 Livii
3240 2991 3309 3047 et
3363 2984 3593 3046 tertiae
3647 2980 3906 3049 decadis
3960 2982 4128 3049 libro
4171 2982 4256 3048 1.:
4317 2983 4529 3049 Vobis

2583 3087 2846 3132 neeesse
2889 3076 2991 3132 est
3029 3067 3307 3133 fortibus
3350 3069 3511 3133 viris
3556 3089 3715 3146 esse,
3762 3070 4063 3134 omnibus
4106 3070 4280 3135 inter
4321 3069 4527 3135 victo-

2582 3153 2769 3229 riam,
2815 3161 3176 3219 mortemve
3220 3162 3465 3219 certam
3481 3205 3495 3231 ,
3542 3153 3990 3237 desperatione
4034 3156 4329 3240 abruptis
4342 3207 4359 3235 ,
4416 3163 4533 3220 aut

2489 3264 2507 3279 ³
2582 3239 2879 3315 vincere,
2924 3247 3042 3307 aut
3085 3240 3142 3305 si
3184 3240 3447 3304 fortuna
3491 3239 3842 3318 dubitabit,
3887 3242 3959 3305 in
3998 3241 4245 3323 praelio
4288 3240 4529 3324 potius,

2583 3343 2781 3405 quam
2822 3324 2893 3387 in
2935 3324 3095 3407 fuga
3128 3334 3408 3389 mortem
3443 3332 3767 3408 oppetere.
3832 3325 4109 3390 Nullum
4143 3327 4531 3393 incitamen-

2582 3415 2727 3472 tum
2759 3407 2841 3472 ad
2864 3409 3260 3474 vincendum
3293 3411 3545 3474 homini
3579 3432 3619 3474 a
3651 3410 3776 3476 diis
3803 3408 4283 3477 immortalibus
4315 3412 4531 3476 acrius

2583 3492 2811 3559 datum
2854 3500 2969 3559 est.
3061 3493 3292 3560 Simile
3334 3494 3644 3579 quiddam
3688 3504 3789 3562 est
3830 3495 4002 3578 apud
4049 3494 4413 3562 Salustium
4453 3496 4531 3560 in

2581 3599 2862 3663 persona
2901 3578 3245 3646 Catilinae.

2752 3663 3096 3752 Extundit]
3134 3666 3433 3731 Verbum
3466 3667 3538 3731 in
3574 3667 3699 3733 hac
3734 3666 4207 3750 significatione
4240 3665 4528 3749 elegans,

2583 3757 2661 3813 ut
2715 3749 2918 3815 studii
2978 3753 3463 3817 contentionem
3525 3753 3840 3835 designet.
3939 3751 4065 3815 Est
4117 3750 4289 3814 enim
4339 3753 4530 3833 quasi

2581 3834 2917 3902 tundendo
2962 3836 3215 3915 elicere,
3261 3846 3335 3902 ut
3378 3838 3472 3902 ait
3513 3838 3795 3903 Nonius:
3851 3836 3963 3918 qui
4006 3837 4207 3901 etiam
4245 3836 4529 3921 Vergilii

2581 3942 2846 3986 carmen
2890 3922 3128 4007 Georg.
3176 3923 3229 3988 I.
3273 3925 3367 3990 sic
3402 3923 3593 4009 legit:

2856 4024 2929 4081 Ut
2960 4025 3137 4080 varias
3170 4042 3302 4081 usus
3336 4024 3641 4081 meditando
3678 4022 3999 4078 extunderet
4034 4030 4198 4078 artes.

2583 4105 2903 4188 Quamvis
2947 4108 3179 4177 Servio
3223 4124 3291 4175 et
3329 4111 3530 4175 Festo
3572 4109 3844 4192 placeat,
3890 4108 4226 4173 escenderet.
4293 4109 4543 4177 Sueto-,

2579 4193 2731 4260 nius
2771 4196 2843 4258 in
2881 4195 3319 4278 Vespasiano:
3378 4197 3624 4261 Latum
3666 4195 3927 4260 clavum
3968 4195 4268 4276 quamvis
4322 4197 4528 4261 fratre

2580 4278 2838 4363 adepte,
2883 4280 2995 4346 diu
3036 4292 3375 4347 aversatus
3418 4288 3549 4360 est,
3587 4301 3717 4359 vnec
3762 4277 4031 4344 tandem
4073 4290 4151 4343 ut
4193 4288 4559 4363 appeteret2

2580 4365 2883 4448 compelli
2944 4366 3072 4432 nisi
3141 4388 3181 4431 a
3242 4375 3455 4431 matre
3509 4366 3745 4448 potuit:
3813 4385 3891 4429 ea
3944 4363 4208 4429 demum
4274 4366 4531 4431 extudit

2578 4451 2793 4534 magis
2835 4453 3158 4531 convici0,
3203 4473 3402 4536 quam
3444 4450 3774 4535 precibus..
3849 4450 4003 4533 Ipse
4048 4448 4302 4516 Seneca
4345 4452 4530 4517 alibi:
4591 4470 4597 4479 ·

2580 4533 2715 4615 Qui
2759 4536 2961 4686 egam
3015 4559 3100 4602 ex
3156 4537 3319 4602 duro
3376 4547 3444 4601 et
3497 4537 3864 4601 immemori
3932 4543 4194 4618 pectore
4246 4538 4531 4621 gratiam

2580 4624 2788 4685 ex'tun
2837 4622 2900 4687 't.

2755 4701 3095 4790 Relinquat
3141 4712 3371 4789 oportet
3420 4704 3652 4793 securi]
3708 4708 3938 4772 Bonus
3991 4707 4293 4790 princeps
4338 4708 4529 4774 time-

2581 4799 2694 4856 tur
2732 4801 2808 4856 ut
2848 4813 3111 4874 praeses
3154 4793 3396 4877 legum,
3441 4801 3510 4857 et
3551 4801 3795 4859 custos:
3842 4812 4010 4875 quae
4054 4813 4189 4857 non
4224 4792 4530 4859 omnibus

2580 4897 2823 4960 poenas
2866 4879 3178 4963 irrogant,
3224 4877 3339 4943 sed
3381 4879 3463 4943 iis
3509 4885 3653 4957 [pag.
3680 4884 3784 4956 90]
3832 4878 3946 4961 qui
3986 4896 4121 4941 non
4165 4877 4355 4943 aliter
4389 4901 4531 4944 cor-

2884 5012 2990 5019 .—.-—.

2722 5083 2781 5146 1)
2819 5083 2932 5139 Hic
2975 5084 3155 5138 neseio
3197 5082 3321 5152 quis
3365 5084 3494 5139 latet
3548 5097 3718 5137 error.
3797 5080 3949 5151 Quae
3988 5080 4324 5149 praecedunt
4367 5084 4535 5137 verba

2586 5150 2926 5207 Hannibalis
2961 5160 3013 5208 et
3206 5168 3263 5205 se
3340 5159 3505 5208 untur
3527 5152 3589 5205 in
3622 5150 3809 5206 eadem
3833 5152 4083 5205 oratiam
4102 5151 4362 5219 loquutur.
4378 5150 4544 5219 apud

2588 5220 2818 5274 Livium
2851 5222 2884 5274 1.
2927 5221 3045 5277 XX
3083 5263 3096 5276 .
3130 5236 3174 5275 c.
3313 5236 3419 5292 seq.
4091 5301 4123 5355 ⁷
