<?xml version="1.0" encoding="UTF-8"?>
<!DOCTYPE html PUBLIC "-//W3C//DTD XHTML 1.0 Transitional//EN"
    "http://www.w3.org/TR/xhtml1/DTD/xhtml1-transitional.dtd">
<html xmlns="http://www.w3.org/1999/xhtml" xml:lang="en" lang="en">
 <head>
  <title>
</title>
<meta http-equiv="Content-Type" content="text/html;charset=utf-8" />
  <meta name='ocr-system' content='tesseract 3.04.00' />
  <meta name='ocr-capabilities' content='ocr_page ocr_carea ocr_par ocr_line ocrx_word'/>
</head>
<body>
  <div class='ocr_page' id='page_1' title='image "./ioanniscalvinio14unkngoog_0098.png"; bbox 0 0 4984 5975; ppageno 0'>
   <div class='ocr_carea' id='block_1_1' title="bbox 598 289 4660 392">
    <p class='ocr_par' dir='ltr' id='par_1_1' title="bbox 598 289 4660 392">
     <span class='ocr_line' id='line_1_1' title="bbox 598 289 4660 392; baseline -0.001 -31"><span class='ocrx_word' id='word_1_1' title='bbox 598 302 678 363; x_wconf 82' lang='lat'>71</span> <span class='ocrx_word' id='word_1_2' title='bbox 2242 291 2369 356; x_wconf 81' lang='lat' dir='ltr'>DE</span> <span class='ocrx_word' id='word_1_3' title='bbox 2415 289 2965 357; x_wconf 73' lang='lat' dir='ltr'>CLEMENTIA</span> <span class='ocrx_word' id='word_1_4' title='bbox 3985 387 3992 392; x_wconf 78' lang='lat'>.</span> <span class='ocrx_word' id='word_1_5' title='bbox 4507 294 4580 357; x_wconf 79' lang='lat'>⁷2</span> <span class='ocrx_word' id='word_1_6' title='bbox 4653 379 4660 384; x_wconf 23' lang='lat'><em>=</em></span> 
     </span>
    </p>
   </div>
   <div class='ocr_carea' id='block_1_2' title="bbox 572 479 2559 5283">
    <p class='ocr_par' dir='ltr' id='par_1_2' title="bbox 588 479 2559 4165">
     <span class='ocr_line' id='line_1_2' title="bbox 600 479 2559 569; baseline -0.004 -17"><span class='ocrx_word' id='word_1_7' title='bbox 600 484 859 569; x_wconf 80' lang='lat' dir='ltr'><strong>Quibus</strong></span> <span class='ocrx_word' id='word_1_8' title='bbox 908 487 1145 568; x_wconf 88' lang='lat' dir='ltr'>partim</span> <span class='ocrx_word' id='word_1_9' title='bbox 1211 484 1396 549; x_wconf 90' lang='lat' dir='ltr'>stetit</span> <span class='ocrx_word' id='word_1_10' title='bbox 1445 504 1486 547; x_wconf 91' lang='lat' dir='ltr'>a</span> <span class='ocrx_word' id='word_1_11' title='bbox 1541 481 1873 566; x_wconf 77' lang='lat' dir='ltr'>republica</span> <span class='ocrx_word' id='word_1_12' title='bbox 1922 480 2165 564; x_wconf 85' lang='lat' dir='ltr'>partim</span> <span class='ocrx_word' id='word_1_13' title='bbox 2209 479 2293 545; x_wconf 87' lang='lat' dir='ltr'>ad</span> <span class='ocrx_word' id='word_1_14' title='bbox 2340 486 2559 563; x_wconf 88' lang='lat' dir='ltr'>partes</span> 
     </span>
     <span class='ocr_line' id='line_1_3' title="bbox 600 565 2558 651; baseline -0.005 -12"><span class='ocrx_word' id='word_1_15' title='bbox 600 571 875 638; x_wconf 76' lang='lat' dir='ltr'>Antonii</span> <span class='ocrx_word' id='word_1_16' title='bbox 920 579 986 635; x_wconf 90' lang='lat' dir='ltr'>et</span> <span class='ocrx_word' id='word_1_17' title='bbox 1019 569 1258 651; x_wconf 80' lang='lat' dir='ltr'>Lepidi</span> <span class='ocrx_word' id='word_1_18' title='bbox 1303 568 1584 633; x_wconf 87' lang='lat' dir='ltr'>deflexit.</span> <span class='ocrx_word' id='word_1_19' title='bbox 1674 569 1783 633; x_wconf 85' lang='lat' dir='ltr'>Ex</span> <span class='ocrx_word' id='word_1_20' title='bbox 1826 588 1955 650; x_wconf 90' lang='lat' dir='ltr'>qua</span> <span class='ocrx_word' id='word_1_21' title='bbox 2006 567 2204 631; x_wconf 88' lang='lat' dir='ltr'>etiam</span> <span class='ocrx_word' id='word_1_22' title='bbox 2246 565 2558 631; x_wconf 88' lang='lat' dir='ltr'>observa-</span> 
     </span>
     <span class='ocr_line' id='line_1_4' title="bbox 599 650 2557 739; baseline -0.003 -17"><span class='ocrx_word' id='word_1_23' title='bbox 599 658 780 723; x_wconf 83' lang='lat' dir='ltr'><strong>tione</strong></span> <span class='ocrx_word' id='word_1_24' title='bbox 824 655 1366 739; x_wconf 79' lang='lat' dir='ltr'><strong>deprehenditur,</strong></span> <span class='ocrx_word' id='word_1_25' title='bbox 1412 655 1853 737; x_wconf 90' lang='lat' dir='ltr'>conscriptum</span> <span class='ocrx_word' id='word_1_26' title='bbox 1906 672 2049 717; x_wconf 88' lang='lat' dir='ltr'>esse</span> <span class='ocrx_word' id='word_1_27' title='bbox 2092 651 2272 716; x_wconf 90' lang='lat' dir='ltr'>hunc</span> <span class='ocrx_word' id='word_1_28' title='bbox 2312 650 2557 717; x_wconf 90' lang='lat' dir='ltr'>librum</span> 
     </span>
     <span class='ocr_line' id='line_1_5' title="bbox 602 737 2558 822; baseline -0.004 -13"><span class='ocrx_word' id='word_1_29' title='bbox 602 764 644 810; x_wconf 91' lang='lat' dir='ltr'>a</span> <span class='ocrx_word' id='word_1_30' title='bbox 687 742 940 808; x_wconf 90' lang='lat' dir='ltr'>Seneca</span> <span class='ocrx_word' id='word_1_31' title='bbox 973 761 1144 806; x_wconf 88' lang='lat' dir='ltr'>anno</span> <span class='ocrx_word' id='word_1_32' title='bbox 1177 742 1268 804; x_wconf 89' lang='lat' dir='ltr'>im</span> <span class='ocrx_word' id='word_1_33' title='bbox 1315 741 1432 805; x_wconf 90' lang='lat' dir='ltr'>erii</span> <span class='ocrx_word' id='word_1_34' title='bbox 1466 739 1758 804; x_wconf 80' lang='lat' dir='ltr'>Neronis</span> <span class='ocrx_word' id='word_1_35' title='bbox 1801 737 1891 804; x_wconf 94' lang='lat' dir='ltr'>II.</span> <span class='ocrx_word' id='word_1_36' title='bbox 1938 737 2052 822; x_wconf 90' lang='lat' dir='ltr'>qui</span> <span class='ocrx_word' id='word_1_37' title='bbox 2094 737 2558 821; x_wconf 74' lang='lat' dir='ltr'>septemdecim</span> 
     </span>
     <span class='ocr_line' id='line_1_6' title="bbox 601 825 2559 907; baseline -0.003 -15"><span class='ocrx_word' id='word_1_38' title='bbox 601 839 795 893; x_wconf 90' lang='lat' dir='ltr'>natus</span> <span class='ocrx_word' id='word_1_39' title='bbox 848 846 1054 892; x_wconf 89' lang='lat' dir='ltr'>annos</span> <span class='ocrx_word' id='word_1_40' title='bbox 1099 826 1265 891; x_wconf 85' lang='lat' dir='ltr'>Clau</span> <span class='ocrx_word' id='word_1_41' title='bbox 1317 827 1373 890; x_wconf 82' lang='lat' dir='ltr'>‘o</span> <span class='ocrx_word' id='word_1_42' title='bbox 1426 826 1771 892; x_wconf 89' lang='lat' dir='ltr'>successit:</span> <span class='ocrx_word' id='word_1_43' title='bbox 1811 845 1898 890; x_wconf 90' lang='lat' dir='ltr'>ex</span> <span class='ocrx_word' id='word_1_44' title='bbox 1940 844 2069 907; x_wconf 90' lang='lat' dir='ltr'>quo</span> <span class='ocrx_word' id='word_1_45' title='bbox 2111 825 2398 887; x_wconf 87' lang='lat' dir='ltr'>fluxerat</span> <span class='ocrx_word' id='word_1_46' title='bbox 2438 844 2559 887; x_wconf 90' lang='lat' dir='ltr'>an-</span> 
     </span>
     <span class='ocr_line' id='line_1_7' title="bbox 601 908 2556 997; baseline -0.002 -19"><span class='ocrx_word' id='word_1_47' title='bbox 601 935 731 979; x_wconf 90' lang='lat' dir='ltr'>nus</span> <span class='ocrx_word' id='word_1_48' title='bbox 771 915 1028 997; x_wconf 77' lang='lat' dir='ltr'>integer</span> <span class='ocrx_word' id='word_1_49' title='bbox 1044 964 1061 992; x_wconf 90' lang='lat'>,</span> <span class='ocrx_word' id='word_1_50' title='bbox 1106 921 1173 977; x_wconf 90' lang='lat' dir='ltr'>et</span> <span class='ocrx_word' id='word_1_51' title='bbox 1216 912 1382 976; x_wconf 91' lang='lat' dir='ltr'>alter</span> <span class='ocrx_word' id='word_1_52' title='bbox 1424 912 1754 996; x_wconf 74' lang='lat' dir='ltr'>agebatur.</span> <span class='ocrx_word' id='word_1_53' title='bbox 1843 910 2012 975; x_wconf 86' lang='lat' dir='ltr'>Erat</span> <span class='ocrx_word' id='word_1_54' title='bbox 2058 909 2233 974; x_wconf 90' lang='lat' dir='ltr'>enim</span> <span class='ocrx_word' id='word_1_55' title='bbox 2277 908 2556 975; x_wconf 87' lang='lat' dir='ltr'>undevi-</span> 
     </span>
     <span class='ocr_line' id='line_1_8' title="bbox 603 994 2556 1082; baseline -0.003 -17"><span class='ocrx_word' id='word_1_56' title='bbox 603 1000 917 1065; x_wconf 89' lang='lat' dir='ltr'>cesimum</span> <span class='ocrx_word' id='word_1_57' title='bbox 970 999 1310 1081; x_wconf 90' lang='lat' dir='ltr'>ingressus</span> <span class='ocrx_word' id='word_1_58' title='bbox 1354 1018 1618 1062; x_wconf 89' lang='lat' dir='ltr'>annum.</span> <span class='ocrx_word' id='word_1_59' title='bbox 1711 995 2030 1082; x_wconf 81' lang='lat' dir='ltr'>Syntaxis</span> <span class='ocrx_word' id='word_1_60' title='bbox 2073 1015 2203 1078; x_wconf 90' lang='lat' dir='ltr'>qua</span> <span class='ocrx_word' id='word_1_61' title='bbox 2244 994 2354 1061; x_wconf 91' lang='lat' dir='ltr'>hic</span> <span class='ocrx_word' id='word_1_62' title='bbox 2393 1015 2556 1060; x_wconf 90' lang='lat' dir='ltr'>usus</span> 
     </span>
     <span class='ocr_line' id='line_1_9' title="bbox 601 1079 2555 1163; baseline -0.004 -12"><span class='ocrx_word' id='word_1_63' title='bbox 601 1096 700 1151; x_wconf 91' lang='lat' dir='ltr'>est</span> <span class='ocrx_word' id='word_1_64' title='bbox 740 1083 1010 1163; x_wconf 91' lang='lat' dir='ltr'>Seneca,</span> <span class='ocrx_word' id='word_1_65' title='bbox 1045 1085 1201 1150; x_wconf 90' lang='lat' dir='ltr'>licet</span> <span class='ocrx_word' id='word_1_66' title='bbox 1235 1105 1367 1148; x_wconf 93' lang='lat' dir='ltr'>non</span> <span class='ocrx_word' id='word_1_67' title='bbox 1410 1082 1572 1148; x_wconf 89' lang='lat' dir='ltr'>adeo</span> <span class='ocrx_word' id='word_1_68' title='bbox 1617 1081 1914 1162; x_wconf 87' lang='lat' dir='ltr'>trivialis,</span> <span class='ocrx_word' id='word_1_69' title='bbox 1962 1087 2316 1163; x_wconf 88' lang='lat' dir='ltr'>usurpatur</span> <span class='ocrx_word' id='word_1_70' title='bbox 2359 1101 2398 1144; x_wconf 90' lang='lat' dir='ltr'>a</span> <span class='ocrx_word' id='word_1_71' title='bbox 2440 1079 2555 1144; x_wconf 92' lang='lat' dir='ltr'>bo-</span> 
     </span>
     <span class='ocr_line' id='line_1_10' title="bbox 602 1165 2556 1252; baseline -0.003 -17"><span class='ocrx_word' id='word_1_72' title='bbox 602 1172 705 1236; x_wconf 91' lang='lat' dir='ltr'>nis</span> <span class='ocrx_word' id='word_1_73' title='bbox 741 1170 1091 1235; x_wconf 89' lang='lat' dir='ltr'>autoribus.</span> <span class='ocrx_word' id='word_1_74' title='bbox 1183 1168 1412 1235; x_wconf 83' lang='lat' dir='ltr'>Cicero</span> <span class='ocrx_word' id='word_1_75' title='bbox 1446 1169 1659 1252; x_wconf 86' lang='lat' dir='ltr'>Epist.</span> <span class='ocrx_word' id='word_1_76' title='bbox 1697 1167 1886 1232; x_wconf 90' lang='lat' dir='ltr'>VII.:</span> <span class='ocrx_word' id='word_1_77' title='bbox 1924 1167 2019 1232; x_wconf 84' lang='lat' dir='ltr'>Et</span> <span class='ocrx_word' id='word_1_78' title='bbox 2051 1165 2121 1231; x_wconf 90' lang='lat' dir='ltr'>id</span> <span class='ocrx_word' id='word_1_79' title='bbox 2156 1166 2388 1230; x_wconf 84' lang='lat' dir='ltr'>aetatis</span> <span class='ocrx_word' id='word_1_80' title='bbox 2421 1166 2556 1230; x_wconf 87' lang='lat' dir='ltr'>iam</span> 
     </span>
     <span class='ocr_line' id='line_1_11' title="bbox 601 1250 2555 1337; baseline -0.004 -15"><span class='ocrx_word' id='word_1_81' title='bbox 601 1278 827 1322; x_wconf 88' lang='lat' dir='ltr'>sumus</span> <span class='ocrx_word' id='word_1_82' title='bbox 845 1308 859 1334; x_wconf 91' lang='lat'>,</span> <span class='ocrx_word' id='word_1_83' title='bbox 905 1263 984 1320; x_wconf 92' lang='lat' dir='ltr'>ut</span> <span class='ocrx_word' id='word_1_84' title='bbox 1036 1255 1256 1320; x_wconf 83' lang='lat' dir='ltr'>omnia</span> <span class='ocrx_word' id='word_1_85' title='bbox 1311 1275 1475 1337; x_wconf 87' lang='lat' dir='ltr'>quae</span> <span class='ocrx_word' id='word_1_86' title='bbox 1525 1274 1661 1319; x_wconf 92' lang='lat' dir='ltr'>non</span> <span class='ocrx_word' id='word_1_87' title='bbox 1718 1261 1942 1319; x_wconf 89' lang='lat' dir='ltr'>nostra</span> <span class='ocrx_word' id='word_1_88' title='bbox 1996 1252 2189 1335; x_wconf 89' lang='lat' dir='ltr'>culpa</span> <span class='ocrx_word' id='word_1_89' title='bbox 2242 1250 2555 1330; x_wconf 87' lang='lat' dir='ltr'>accident,</span> 
     </span>
     <span class='ocr_line' id='line_1_12' title="bbox 599 1336 2555 1407; baseline -0.003 0"><span class='ocrx_word' id='word_1_90' title='bbox 599 1343 771 1407; x_wconf 79' lang='lat' dir='ltr'>ferre</span> <span class='ocrx_word' id='word_1_91' title='bbox 813 1342 1070 1407; x_wconf 79' lang='lat' dir='ltr'>fortiter</span> <span class='ocrx_word' id='word_1_92' title='bbox 1104 1340 1470 1406; x_wconf 80' lang='lat' dir='ltr'>debeamus.</span> <span class='ocrx_word' id='word_1_93' title='bbox 1561 1339 1767 1405; x_wconf 89' lang='lat' dir='ltr'>Libro</span> <span class='ocrx_word' id='word_1_94' title='bbox 1808 1339 1862 1404; x_wconf 95' lang='lat' dir='ltr'>I.</span> <span class='ocrx_word' id='word_1_95' title='bbox 1910 1337 1992 1403; x_wconf 91' lang='lat' dir='ltr'>de</span> <span class='ocrx_word' id='word_1_96' title='bbox 2033 1336 2340 1404; x_wconf 79' lang='lat' dir='ltr'>Oratore:</span> <span class='ocrx_word' id='word_1_97' title='bbox 2386 1338 2555 1403; x_wconf 89' lang='lat' dir='ltr'>Peto</span> 
     </span>
     <span class='ocr_line' id='line_1_13' title="bbox 600 1421 2554 1512; baseline -0.002 -20"><span class='ocrx_word' id='word_1_98' title='bbox 600 1429 830 1512; x_wconf 90' lang='lat' dir='ltr'>igitur,</span> <span class='ocrx_word' id='word_1_99' title='bbox 876 1427 1092 1511; x_wconf 90' lang='lat' dir='ltr'>inquit</span> <span class='ocrx_word' id='word_1_100' title='bbox 1135 1426 1430 1503; x_wconf 84' lang='lat' dir='ltr'>Crassus,</span> <span class='ocrx_word' id='word_1_101' title='bbox 1477 1446 1517 1489; x_wconf 93' lang='lat' dir='ltr'>a</span> <span class='ocrx_word' id='word_1_102' title='bbox 1559 1434 1653 1504; x_wconf 92' lang='lat' dir='ltr'>te,</span> <span class='ocrx_word' id='word_1_103' title='bbox 1698 1425 2003 1508; x_wconf 89' lang='lat' dir='ltr'>quoniam</span> <span class='ocrx_word' id='word_1_104' title='bbox 2046 1423 2118 1488; x_wconf 92' lang='lat' dir='ltr'>id</span> <span class='ocrx_word' id='word_1_105' title='bbox 2159 1421 2364 1502; x_wconf 86' lang='lat' dir='ltr'>nobis,</span> <span class='ocrx_word' id='word_1_106' title='bbox 2410 1424 2554 1488; x_wconf 89' lang='lat' dir='ltr'>An-</span> 
     </span>
     <span class='ocr_line' id='line_1_14' title="bbox 600 1509 2556 1593; baseline -0.002 -15"><span class='ocrx_word' id='word_1_107' title='bbox 600 1515 738 1578; x_wconf 92' lang='lat' dir='ltr'>toni</span> <span class='ocrx_word' id='word_1_108' title='bbox 756 1564 770 1591; x_wconf 93' lang='lat'>,</span> <span class='ocrx_word' id='word_1_109' title='bbox 817 1513 1191 1578; x_wconf 90' lang='lat' dir='ltr'>hominibus</span> <span class='ocrx_word' id='word_1_110' title='bbox 1244 1511 1314 1576; x_wconf 91' lang='lat' dir='ltr'>id</span> <span class='ocrx_word' id='word_1_111' title='bbox 1368 1512 1601 1576; x_wconf 90' lang='lat' dir='ltr'>aetatis</span> <span class='ocrx_word' id='word_1_112' title='bbox 1645 1512 1858 1575; x_wconf 91' lang='lat' dir='ltr'>oneris</span> <span class='ocrx_word' id='word_1_113' title='bbox 1901 1509 2278 1593; x_wconf 77' lang='lat' dir='ltr'>imponitur.</span> <span class='ocrx_word' id='word_1_114' title='bbox 2366 1509 2556 1574; x_wconf 90' lang='lat' dir='ltr'>Idem</span> 
     </span>
     <span class='ocr_line' id='line_1_15' title="bbox 599 1595 2556 1678; baseline -0.003 -14"><span class='ocrx_word' id='word_1_115' title='bbox 599 1600 668 1664; x_wconf 91' lang='lat' dir='ltr'>in</span> <span class='ocrx_word' id='word_1_116' title='bbox 710 1600 1022 1664; x_wconf 83' lang='lat' dir='ltr'>Verrem:</span> <span class='ocrx_word' id='word_1_117' title='bbox 1075 1598 1436 1663; x_wconf 89' lang='lat' dir='ltr'>Hominem</span> <span class='ocrx_word' id='word_1_118' title='bbox 1494 1597 1565 1662; x_wconf 91' lang='lat' dir='ltr'>id</span> <span class='ocrx_word' id='word_1_119' title='bbox 1607 1598 1839 1662; x_wconf 90' lang='lat' dir='ltr'>aetatis</span> <span class='ocrx_word' id='word_1_120' title='bbox 1882 1596 2154 1660; x_wconf 91' lang='lat' dir='ltr'>minime</span> <span class='ocrx_word' id='word_1_121' title='bbox 2196 1595 2556 1678; x_wconf 89' lang='lat' dir='ltr'>litigiosum</span> 
     </span>
     <span class='ocr_line' id='line_1_16' title="bbox 601 1679 2552 1768; baseline -0.002 -19"><span class='ocrx_word' id='word_1_122' title='bbox 601 1705 796 1768; x_wconf 92' lang='lat' dir='ltr'>quam</span> <span class='ocrx_word' id='word_1_123' title='bbox 831 1684 1416 1749; x_wconf 78' lang='lat' dir='ltr'>tumultuosissime</span> <span class='ocrx_word' id='word_1_124' title='bbox 1451 1682 1942 1767; x_wconf 84' lang='lat' dir='ltr'>aggrediuntur.</span> <span class='ocrx_word' id='word_1_125' title='bbox 2029 1680 2399 1764; x_wconf 90' lang='lat' dir='ltr'>Philippica</span> <span class='ocrx_word' id='word_1_126' title='bbox 2418 1679 2552 1746; x_wconf 70' lang='lat' dir='ltr'>&#39;II.:</span> 
     </span>
     <span class='ocr_line' id='line_1_17' title="bbox 600 1768 2554 1835; baseline -0.002 0"><span class='ocrx_word' id='word_1_127' title='bbox 600 1771 792 1835; x_wconf 84' lang='lat' dir='ltr'>Dixit</span> <span class='ocrx_word' id='word_1_128' title='bbox 839 1771 915 1835; x_wconf 90' lang='lat' dir='ltr'>P.</span> <span class='ocrx_word' id='word_1_129' title='bbox 965 1770 1315 1834; x_wconf 85' lang='lat' dir='ltr'>Africanus</span> <span class='ocrx_word' id='word_1_130' title='bbox 1370 1777 1438 1833; x_wconf 89' lang='lat' dir='ltr'>et</span> <span class='ocrx_word' id='word_1_131' title='bbox 1486 1769 1557 1832; x_wconf 90' lang='lat' dir='ltr'>in</span> <span class='ocrx_word' id='word_1_132' title='bbox 1613 1768 1816 1833; x_wconf 82' lang='lat' dir='ltr'>fratre</span> <span class='ocrx_word' id='word_1_133' title='bbox 1861 1788 1979 1833; x_wconf 92' lang='lat' dir='ltr'>suo</span> <span class='ocrx_word' id='word_1_134' title='bbox 2036 1787 2360 1832; x_wconf 87' lang='lat' dir='ltr'>summam</span> <span class='ocrx_word' id='word_1_135' title='bbox 2413 1787 2554 1832; x_wconf 91' lang='lat' dir='ltr'>esse</span> 
     </span>
     <span class='ocr_line' id='line_1_18' title="bbox 598 1851 2555 1937; baseline -0.001 -15"><span class='ocrx_word' id='word_1_136' title='bbox 598 1856 946 1934; x_wconf 87' lang='lat' dir='ltr'>virtutem,</span> <span class='ocrx_word' id='word_1_137' title='bbox 993 1875 1448 1936; x_wconf 89' lang='lat' dir='ltr'>summumque</span> <span class='ocrx_word' id='word_1_138' title='bbox 1504 1854 1867 1931; x_wconf 90' lang='lat' dir='ltr'>consilium,</span> <span class='ocrx_word' id='word_1_139' title='bbox 1914 1873 2125 1935; x_wconf 92' lang='lat' dir='ltr'>neque</span> <span class='ocrx_word' id='word_1_140' title='bbox 2170 1873 2240 1917; x_wconf 91' lang='lat' dir='ltr'>se</span> <span class='ocrx_word' id='word_1_141' title='bbox 2283 1852 2343 1916; x_wconf 91' lang='lat' dir='ltr'>ei</span> <span class='ocrx_word' id='word_1_142' title='bbox 2377 1851 2555 1937; x_wconf 86' lang='lat' dir='ltr'>lega-</span> 
     </span>
     <span class='ocr_line' id='line_1_19' title="bbox 597 1936 2554 2024; baseline -0.002 -18"><span class='ocrx_word' id='word_1_143' title='bbox 597 1950 740 2006; x_wconf 91' lang='lat' dir='ltr'>tum</span> <span class='ocrx_word' id='word_1_144' title='bbox 784 1941 852 2007; x_wconf 90' lang='lat' dir='ltr'>id</span> <span class='ocrx_word' id='word_1_145' title='bbox 897 1943 1145 2018; x_wconf 89' lang='lat' dir='ltr'>aetatis,</span> <span class='ocrx_word' id='word_1_146' title='bbox 1189 1942 1396 2024; x_wconf 87' lang='lat' dir='ltr'>iisque</span> <span class='ocrx_word' id='word_1_147' title='bbox 1435 1940 1631 2005; x_wconf 89' lang='lat' dir='ltr'>rebus</span> <span class='ocrx_word' id='word_1_148' title='bbox 1719 1938 1879 2004; x_wconf 90' lang='lat' dir='ltr'>estis</span> <span class='ocrx_word' id='word_1_149' title='bbox 1899 1936 2293 2003; x_wconf 82' lang='lat' dir='ltr'>defuturum.</span> <span class='ocrx_word' id='word_1_150' title='bbox 2354 1937 2554 2003; x_wconf 89' lang='lat' dir='ltr'>Plau-</span> 
     </span>
     <span class='ocr_line' id='line_1_20' title="bbox 599 2021 2554 2109; baseline -0.002 -18"><span class='ocrx_word' id='word_1_151' title='bbox 599 2033 732 2092; x_wconf 88' lang='lat' dir='ltr'>tus:</span> <span class='ocrx_word' id='word_1_152' title='bbox 789 2026 966 2109; x_wconf 78' lang='lat' dir='ltr'>Quid</span> <span class='ocrx_word' id='word_1_153' title='bbox 1002 2027 1233 2092; x_wconf 89' lang='lat' dir='ltr'>aetatis</span> <span class='ocrx_word' id='word_1_154' title='bbox 1268 2025 1388 2091; x_wconf 91' lang='lat' dir='ltr'>tibi</span> <span class='ocrx_word' id='word_1_155' title='bbox 1429 2025 1660 2091; x_wconf 89' lang='lat' dir='ltr'>videor</span> <span class='ocrx_word' id='word_1_156' title='bbox 1765 2024 2085 2108; x_wconf 85' lang='lat' dir='ltr'>Apuleius</span> <span class='ocrx_word' id='word_1_157' title='bbox 2116 2024 2186 2088; x_wconf 91' lang='lat' dir='ltr'>in</span> <span class='ocrx_word' id='word_1_158' title='bbox 2220 2021 2303 2087; x_wconf 89' lang='lat' dir='ltr'>V.</span> <span class='ocrx_word' id='word_1_159' title='bbox 2340 2023 2554 2088; x_wconf 84' lang='lat' dir='ltr'>Meta-</span> 
     </span>
     <span class='ocr_line' id='line_1_21' title="bbox 596 2110 2552 2196; baseline -0.002 -20"><span class='ocrx_word' id='word_1_160' title='bbox 596 2113 1062 2196; x_wconf 89' lang='lat' dir='ltr'>morphoseon:</span> <span class='ocrx_word' id='word_1_161' title='bbox 1108 2112 1205 2178; x_wconf 91' lang='lat' dir='ltr'>Ut</span> <span class='ocrx_word' id='word_1_162' title='bbox 1246 2113 1534 2195; x_wconf 89' lang='lat' dir='ltr'>primum</span> <span class='ocrx_word' id='word_1_163' title='bbox 1569 2111 1835 2194; x_wconf 89' lang='lat' dir='ltr'>quidem</span> <span class='ocrx_word' id='word_1_164' title='bbox 1871 2118 2018 2174; x_wconf 86' lang='lat' dir='ltr'>tuae</span> <span class='ocrx_word' id='word_1_165' title='bbox 2052 2110 2374 2191; x_wconf 90' lang='lat' dir='ltr'>parentis,</span> <span class='ocrx_word' id='word_1_166' title='bbox 2418 2111 2552 2174; x_wconf 91' lang='lat' dir='ltr'>imo</span> 
     </span>
     <span class='ocr_line' id='line_1_22' title="bbox 598 2194 2553 2282; baseline -0.001 -19"><span class='ocrx_word' id='word_1_167' title='bbox 598 2197 900 2264; x_wconf 88' lang='lat' dir='ltr'>dominae</span> <span class='ocrx_word' id='word_1_168' title='bbox 941 2209 1286 2282; x_wconf 87' lang='lat' dir='ltr'>praecepta</span> <span class='ocrx_word' id='word_1_169' title='bbox 1340 2197 1622 2264; x_wconf 86' lang='lat' dir='ltr'>calcares</span> <span class='ocrx_word' id='word_1_170' title='bbox 1639 2248 1655 2274; x_wconf 95' lang='lat'>,</span> <span class='ocrx_word' id='word_1_171' title='bbox 1712 2216 1834 2261; x_wconf 89' lang='lat' dir='ltr'>nec</span> <span class='ocrx_word' id='word_1_172' title='bbox 1887 2194 2165 2261; x_wconf 83' lang='lat' dir='ltr'>sordidis</span> <span class='ocrx_word' id='word_1_173' title='bbox 2222 2195 2553 2261; x_wconf 88' lang='lat' dir='ltr'>amoribus</span> 
     </span>
     <span class='ocr_line' id='line_1_23' title="bbox 594 2280 2553 2361; baseline -0.002 -12"><span class='ocrx_word' id='word_1_174' title='bbox 594 2284 926 2358; x_wconf 89' lang='lat' dir='ltr'>inimicam</span> <span class='ocrx_word' id='word_1_175' title='bbox 969 2305 1074 2348; x_wconf 91' lang='lat' dir='ltr'>me</span> <span class='ocrx_word' id='word_1_176' title='bbox 1096 2306 1321 2349; x_wconf 84' lang='lat' dir='ltr'>veram</span> <span class='ocrx_word' id='word_1_177' title='bbox 1344 2283 1685 2361; x_wconf 87' lang='lat' dir='ltr'>cruciares,</span> <span class='ocrx_word' id='word_1_178' title='bbox 1713 2303 1946 2348; x_wconf 89' lang='lat' dir='ltr'>verum</span> <span class='ocrx_word' id='word_1_179' title='bbox 1969 2281 2167 2345; x_wconf 90' lang='lat' dir='ltr'>etiam</span> <span class='ocrx_word' id='word_1_180' title='bbox 2209 2280 2334 2345; x_wconf 90' lang='lat' dir='ltr'>hoc</span> <span class='ocrx_word' id='word_1_181' title='bbox 2376 2289 2553 2346; x_wconf 90' lang='lat' dir='ltr'>aeta-</span> 
     </span>
     <span class='ocr_line' id='line_1_24' title="bbox 596 2368 2552 2518; baseline 0 -85"><span class='ocrx_word' id='word_1_182' title='bbox 596 2369 683 2518; x_wconf 70' lang='lat' dir='ltr'>tils</span> <span class='ocrx_word' id='word_1_183' title='bbox 725 2390 891 2452; x_wconf 91' lang='lat' dir='ltr'>puer</span> <span class='ocrx_word' id='word_1_184' title='bbox 906 2421 921 2446; x_wconf 95' lang='lat'>,</span> <span class='ocrx_word' id='word_1_185' title='bbox 967 2369 1101 2435; x_wconf 90' lang='lat' dir='ltr'>tuis</span> <span class='ocrx_word' id='word_1_186' title='bbox 1142 2369 1498 2435; x_wconf 89' lang='lat' dir='ltr'>licentiosis</span> <span class='ocrx_word' id='word_1_187' title='bbox 1542 2377 1610 2433; x_wconf 90' lang='lat' dir='ltr'>et</span> <span class='ocrx_word' id='word_1_188' title='bbox 1649 2368 2017 2433; x_wconf 88' lang='lat' dir='ltr'>immaturis</span> <span class='ocrx_word' id='word_1_189' title='bbox 2058 2368 2369 2451; x_wconf 86' lang='lat' dir='ltr'>iungeres</span> <span class='ocrx_word' id='word_1_190' title='bbox 2413 2388 2552 2433; x_wconf 90' lang='lat' dir='ltr'>am-</span> 
     </span>
     <span class='ocr_line' id='line_1_25' title="bbox 667 2456 914 2521; baseline -0.004 -1"><span class='ocrx_word' id='word_1_191' title='bbox 667 2456 914 2521; x_wconf 91' lang='lat' dir='ltr'>exibus.</span> 
     </span>
     <span class='ocr_line' id='line_1_26' title="bbox 595 2477 2554 2625; baseline -0.002 -19"><span class='ocrx_word' id='word_1_192' title='bbox 595 2477 639 2539; x_wconf 74' lang='lat' dir='ltr'>p</span> <span class='ocrx_word' id='word_1_193' title='bbox 771 2541 918 2606; x_wconf 87' lang='lat' dir='ltr'>Iam</span> <span class='ocrx_word' id='word_1_194' title='bbox 973 2540 1066 2604; x_wconf 84' lang='lat' dir='ltr'>M.</span> <span class='ocrx_word' id='word_1_195' title='bbox 1124 2540 1393 2605; x_wconf 75' lang='lat' dir='ltr'>Antonii</span> <span class='ocrx_word' id='word_1_196' title='bbox 1445 2540 1716 2604; x_wconf 74' lang='lat' dir='ltr'>consulis</span> <span class='ocrx_word' id='word_1_197' title='bbox 1781 2536 1977 2625; x_wconf 72' lang='lat' dir='ltr'>latus]</span> <span class='ocrx_word' id='word_1_198' title='bbox 2049 2536 2231 2604; x_wconf 88' lang='lat' dir='ltr'>Satis</span> <span class='ocrx_word' id='word_1_199' title='bbox 2295 2546 2554 2603; x_wconf 90' lang='lat' dir='ltr'>constat</span> 
     </span>
     <span class='ocr_line' id='line_1_27' title="bbox 597 2622 2551 2706; baseline -0.002 -15"><span class='ocrx_word' id='word_1_200' title='bbox 597 2628 964 2691; x_wconf 84' lang='lat' dir='ltr'>Antonium</span> <span class='ocrx_word' id='word_1_201' title='bbox 1009 2647 1084 2690; x_wconf 93' lang='lat' dir='ltr'>eo</span> <span class='ocrx_word' id='word_1_202' title='bbox 1126 2647 1299 2690; x_wconf 93' lang='lat' dir='ltr'>anno</span> <span class='ocrx_word' id='word_1_203' title='bbox 1342 2625 1547 2691; x_wconf 89' lang='lat' dir='ltr'>fuisse</span> <span class='ocrx_word' id='word_1_204' title='bbox 1590 2624 1946 2703; x_wconf 89' lang='lat' dir='ltr'>consulem,</span> <span class='ocrx_word' id='word_1_205' title='bbox 1993 2645 2119 2706; x_wconf 93' lang='lat' dir='ltr'>quo</span> <span class='ocrx_word' id='word_1_206' title='bbox 2155 2622 2400 2689; x_wconf 82' lang='lat' dir='ltr'>Caesar</span> <span class='ocrx_word' id='word_1_207' title='bbox 2434 2624 2551 2688; x_wconf 90' lang='lat' dir='ltr'>Iu-</span> 
     </span>
     <span class='ocr_line' id='line_1_28' title="bbox 596 2707 2550 2792; baseline -0.001 -17"><span class='ocrx_word' id='word_1_208' title='bbox 596 2711 725 2778; x_wconf 90' lang='lat' dir='ltr'>lius</span> <span class='ocrx_word' id='word_1_209' title='bbox 770 2733 811 2776; x_wconf 91' lang='lat' dir='ltr'>a</span> <span class='ocrx_word' id='word_1_210' title='bbox 860 2712 1215 2792; x_wconf 79' lang='lat' dir='ltr'>coniuratis</span> <span class='ocrx_word' id='word_1_211' title='bbox 1272 2732 1500 2777; x_wconf 87' lang='lat' dir='ltr'>caesus</span> <span class='ocrx_word' id='word_1_212' title='bbox 1559 2719 1677 2775; x_wconf 88' lang='lat' dir='ltr'>est.</span> <span class='ocrx_word' id='word_1_213' title='bbox 1768 2708 2213 2791; x_wconf 78' lang='lat' dir='ltr'>Quamobrem</span> <span class='ocrx_word' id='word_1_214' title='bbox 2253 2716 2340 2773; x_wconf 70' lang='lat' dir='ltr'>&#39;et</span> <span class='ocrx_word' id='word_1_215' title='bbox 2381 2707 2550 2774; x_wconf 83' lang='lat' dir='ltr'>Cae·</span> 
     </span>
     <span class='ocr_line' id='line_1_29' title="bbox 597 2791 2550 2881; baseline -0.002 -19"><span class='ocrx_word' id='word_1_216' title='bbox 597 2798 761 2863; x_wconf 89' lang='lat' dir='ltr'>saris</span> <span class='ocrx_word' id='word_1_217' title='bbox 804 2798 1273 2863; x_wconf 90' lang='lat' dir='ltr'>commentaria</span> <span class='ocrx_word' id='word_1_218' title='bbox 1315 2817 1520 2881; x_wconf 90' lang='lat' dir='ltr'>penes</span> <span class='ocrx_word' id='word_1_219' title='bbox 1573 2816 1644 2862; x_wconf 89' lang='lat' dir='ltr'>se</span> <span class='ocrx_word' id='word_1_220' title='bbox 1697 2794 1931 2871; x_wconf 82' lang='lat' dir='ltr'>habuit</span> <span class='ocrx_word' id='word_1_221' title='bbox 1987 2796 2013 2870; x_wconf 87' lang='lat'>(</span> <span class='ocrx_word' id='word_1_222' title='bbox 2018 2795 2172 2877; x_wconf 91' lang='lat' dir='ltr'>quia</span> <span class='ocrx_word' id='word_1_223' title='bbox 2214 2791 2550 2859; x_wconf 89' lang='lat' dir='ltr'>decretum</span> 
     </span>
     <span class='ocr_line' id='line_1_30' title="bbox 593 2878 2550 2963; baseline -0.003 -15"><span class='ocrx_word' id='word_1_224' title='bbox 593 2893 740 2948; x_wconf 89' lang='lat' dir='ltr'>erat</span> <span class='ocrx_word' id='word_1_225' title='bbox 783 2904 823 2947; x_wconf 91' lang='lat' dir='ltr'>a</span> <span class='ocrx_word' id='word_1_226' title='bbox 867 2891 1099 2948; x_wconf 86' lang='lat' dir='ltr'>senatu</span> <span class='ocrx_word' id='word_1_227' title='bbox 1114 2933 1129 2961; x_wconf 96' lang='lat'>,</span> <span class='ocrx_word' id='word_1_228' title='bbox 1174 2902 1262 2946; x_wconf 92' lang='lat' dir='ltr'>ne</span> <span class='ocrx_word' id='word_1_229' title='bbox 1306 2884 1447 2947; x_wconf 92' lang='lat' dir='ltr'>eius</span> <span class='ocrx_word' id='word_1_230' title='bbox 1493 2889 1637 2947; x_wconf 89' lang='lat' dir='ltr'>acta</span> <span class='ocrx_word' id='word_1_231' title='bbox 1679 2878 2257 2963; x_wconf 74' lang='lat' dir='ltr'>rescinderentur),</span> <span class='ocrx_word' id='word_1_232' title='bbox 2315 2887 2385 2943; x_wconf 90' lang='lat' dir='ltr'>et</span> <span class='ocrx_word' id='word_1_233' title='bbox 2433 2900 2550 2961; x_wconf 90' lang='lat' dir='ltr'>pe·</span> 
     </span>
     <span class='ocr_line' id='line_1_31' title="bbox 594 2963 2550 3051; baseline -0.002 -16"><span class='ocrx_word' id='word_1_234' title='bbox 594 2969 890 3048; x_wconf 87' lang='lat' dir='ltr'>cuniam,</span> <span class='ocrx_word' id='word_1_235' title='bbox 943 2988 1140 3051; x_wconf 88' lang='lat' dir='ltr'>quam</span> <span class='ocrx_word' id='word_1_236' title='bbox 1197 2967 1374 3051; x_wconf 92' lang='lat' dir='ltr'>apud</span> <span class='ocrx_word' id='word_1_237' title='bbox 1414 2989 1568 3033; x_wconf 91' lang='lat' dir='ltr'>eum</span> <span class='ocrx_word' id='word_1_238' title='bbox 1623 2971 1771 3047; x_wconf 74' lang='lat' dir='ltr'>[pag.</span> <span class='ocrx_word' id='word_1_239' title='bbox 1809 2970 1918 3045; x_wconf 86' lang='lat'>62]</span> <span class='ocrx_word' id='word_1_240' title='bbox 1975 2963 2384 3049; x_wconf 84' lang='lat' dir='ltr'>Oalphurnia</span> <span class='ocrx_word' id='word_1_241' title='bbox 2436 2964 2550 3031; x_wconf 91' lang='lat' dir='ltr'>de-</span> 
     </span>
     <span class='ocr_line' id='line_1_32' title="bbox 683 3052 2547 3137; baseline -0.002 -17"><span class='ocrx_word' id='word_1_242' title='bbox 683 3063 932 3133; x_wconf 89' lang='lat' dir='ltr'>suerat‚</span> <span class='ocrx_word' id='word_1_243' title='bbox 999 3064 1281 3137; x_wconf 87' lang='lat' dir='ltr'>quatuor</span> <span class='ocrx_word' id='word_1_244' title='bbox 1335 3054 1545 3119; x_wconf 92' lang='lat' dir='ltr'>millia</span> <span class='ocrx_word' id='word_1_245' title='bbox 1606 3052 2019 3118; x_wconf 83' lang='lat' dir='ltr'>talentorum.</span> <span class='ocrx_word' id='word_1_246' title='bbox 2111 3053 2284 3117; x_wconf 85' lang='lat' dir='ltr'>Eam</span> <span class='ocrx_word' id='word_1_247' title='bbox 2340 3072 2547 3134; x_wconf 88' lang='lat' dir='ltr'>quum</span> 
     </span>
     <span class='ocr_line' id='line_1_33' title="bbox 660 3138 2543 3223; baseline -0.003 -17"><span class='ocrx_word' id='word_1_248' title='bbox 660 3139 1005 3206; x_wconf 86' lang='lat' dir='ltr'>ctavianus</span> <span class='ocrx_word' id='word_1_249' title='bbox 1053 3139 1287 3205; x_wconf 81' lang='lat' dir='ltr'>haeres</span> <span class='ocrx_word' id='word_1_250' title='bbox 1330 3161 1412 3205; x_wconf 92' lang='lat' dir='ltr'>ex</span> <span class='ocrx_word' id='word_1_251' title='bbox 1467 3138 1784 3204; x_wconf 85' lang='lat' dir='ltr'>dodrante</span> <span class='ocrx_word' id='word_1_252' title='bbox 1830 3139 2112 3220; x_wconf 88' lang='lat' dir='ltr'>scriptus</span> <span class='ocrx_word' id='word_1_253' title='bbox 2127 3188 2142 3215; x_wconf 91' lang='lat'>,</span> <span class='ocrx_word' id='word_1_254' title='bbox 2202 3144 2543 3223; x_wconf 76' lang='lat' dir='ltr'>repeteret,</span> 
     </span>
     <span class='ocr_line' id='line_1_34' title="bbox 595 3223 2547 3307; baseline -0.002 -15"><span class='ocrx_word' id='word_1_255' title='bbox 595 3225 1060 3292; x_wconf 89' lang='lat' dir='ltr'>contumeliose</span> <span class='ocrx_word' id='word_1_256' title='bbox 1110 3225 1374 3291; x_wconf 84' lang='lat' dir='ltr'>habitus</span> <span class='ocrx_word' id='word_1_257' title='bbox 1431 3235 1546 3291; x_wconf 92' lang='lat' dir='ltr'>est.</span> <span class='ocrx_word' id='word_1_258' title='bbox 1634 3224 1821 3290; x_wconf 88' lang='lat' dir='ltr'>Haec</span> <span class='ocrx_word' id='word_1_259' title='bbox 1886 3225 2099 3307; x_wconf 81' lang='lat' dir='ltr'>prima</span> <span class='ocrx_word' id='word_1_260' title='bbox 2161 3223 2287 3287; x_wconf 83' lang='lat' dir='ltr'>fuit</span> <span class='ocrx_word' id='word_1_261' title='bbox 2349 3244 2547 3290; x_wconf 90' lang='lat' dir='ltr'>causa</span> 
     </span>
     <span class='ocr_line' id='line_1_35' title="bbox 597 3307 2547 3401; baseline -0.002 -25"><span class='ocrx_word' id='word_1_262' title='bbox 597 3310 877 3377; x_wconf 85' lang='lat' dir='ltr'>dissidii:</span> <span class='ocrx_word' id='word_1_263' title='bbox 932 3309 1107 3394; x_wconf 90' lang='lat' dir='ltr'>quod</span> <span class='ocrx_word' id='word_1_264' title='bbox 1163 3320 1385 3377; x_wconf 87' lang='lat' dir='ltr'>tamen</span> <span class='ocrx_word' id='word_1_265' title='bbox 1427 3310 1900 3393; x_wconf 89' lang='lat' dir='ltr'>temporarium</span> <span class='ocrx_word' id='word_1_266' title='bbox 1943 3309 2084 3374; x_wconf 83' lang='lat' dir='ltr'>fuit.</span> <span class='ocrx_word' id='word_1_267' title='bbox 2174 3307 2547 3401; x_wconf 60' lang='lat' dir='ltr'>Redierunt</span> 
     </span>
     <span class='ocr_line' id='line_1_36' title="bbox 592 3395 2545 3481; baseline -0.001 -19"><span class='ocrx_word' id='word_1_268' title='bbox 592 3417 714 3481; x_wconf 89' lang='lat' dir='ltr'>per</span> <span class='ocrx_word' id='word_1_269' title='bbox 755 3417 1134 3463; x_wconf 89' lang='lat' dir='ltr'>communes</span> <span class='ocrx_word' id='word_1_270' title='bbox 1178 3398 1419 3463; x_wconf 90' lang='lat' dir='ltr'>amicos</span> <span class='ocrx_word' id='word_1_271' title='bbox 1462 3397 1533 3461; x_wconf 91' lang='lat' dir='ltr'>in</span> <span class='ocrx_word' id='word_1_272' title='bbox 1577 3396 1877 3480; x_wconf 83' lang='lat' dir='ltr'>gratiam,</span> <span class='ocrx_word' id='word_1_273' title='bbox 1920 3414 2277 3479; x_wconf 89' lang='lat' dir='ltr'>congressu</span> <span class='ocrx_word' id='word_1_274' title='bbox 2319 3395 2393 3459; x_wconf 92' lang='lat' dir='ltr'>in</span> <span class='ocrx_word' id='word_1_275' title='bbox 2435 3416 2545 3461; x_wconf 88' lang='lat' dir='ltr'>ca-</span> 
     </span>
     <span class='ocr_line' id='line_1_37' title="bbox 590 3480 2545 3568; baseline -0.002 -19"><span class='ocrx_word' id='word_1_276' title='bbox 590 3483 821 3568; x_wconf 86' lang='lat' dir='ltr'>pitolio</span> <span class='ocrx_word' id='word_1_277' title='bbox 859 3482 1113 3549; x_wconf 90' lang='lat' dir='ltr'>habito:</span> <span class='ocrx_word' id='word_1_278' title='bbox 1173 3504 1253 3549; x_wconf 90' lang='lat' dir='ltr'>ea</span> <span class='ocrx_word' id='word_1_279' title='bbox 1295 3490 1485 3548; x_wconf 85' lang='lat' dir='ltr'>nocte</span> <span class='ocrx_word' id='word_1_280' title='bbox 1530 3481 1962 3547; x_wconf 87' lang='lat' dir='ltr'>dormientem</span> <span class='ocrx_word' id='word_1_281' title='bbox 2004 3480 2371 3545; x_wconf 87' lang='lat' dir='ltr'>Antonium</span> <span class='ocrx_word' id='word_1_282' title='bbox 2410 3488 2545 3546; x_wconf 88' lang='lat' dir='ltr'>ter-</span> 
     </span>
     <span class='ocr_line' id='line_1_38' title="bbox 592 3564 2542 3635; baseline -0.001 -2"><span class='ocrx_word' id='word_1_283' title='bbox 592 3569 803 3635; x_wconf 90' lang='lat' dir='ltr'>ribilis</span> <span class='ocrx_word' id='word_1_284' title='bbox 860 3568 1022 3635; x_wconf 90' lang='lat' dir='ltr'>visio</span> <span class='ocrx_word' id='word_1_285' title='bbox 1077 3569 1401 3635; x_wconf 87' lang='lat' dir='ltr'>excitavit.</span> <span class='ocrx_word' id='word_1_286' title='bbox 1492 3565 1733 3633; x_wconf 92' lang='lat' dir='ltr'>Visum</span> <span class='ocrx_word' id='word_1_287' title='bbox 1789 3575 1889 3632; x_wconf 90' lang='lat' dir='ltr'>est</span> <span class='ocrx_word' id='word_1_288' title='bbox 1945 3566 2005 3631; x_wconf 91' lang='lat' dir='ltr'>ei</span> <span class='ocrx_word' id='word_1_289' title='bbox 2062 3565 2402 3632; x_wconf 80' lang='lat' dir='ltr'>dexteram</span> <span class='ocrx_word' id='word_1_290' title='bbox 2460 3564 2542 3631; x_wconf 91' lang='lat' dir='ltr'>de</span> 
     </span>
     <span class='ocr_line' id='line_1_39' title="bbox 591 3651 2540 3737; baseline -0.002 -16"><span class='ocrx_word' id='word_1_291' title='bbox 591 3655 768 3721; x_wconf 90' lang='lat' dir='ltr'>coelo</span> <span class='ocrx_word' id='word_1_292' title='bbox 809 3656 1011 3734; x_wconf 84' lang='lat' dir='ltr'>feriri,</span> <span class='ocrx_word' id='word_1_293' title='bbox 1056 3676 1179 3720; x_wconf 91' lang='lat' dir='ltr'>nec</span> <span class='ocrx_word' id='word_1_294' title='bbox 1222 3654 1430 3719; x_wconf 90' lang='lat' dir='ltr'>multo</span> <span class='ocrx_word' id='word_1_295' title='bbox 1476 3662 1625 3737; x_wconf 90' lang='lat' dir='ltr'>post</span> <span class='ocrx_word' id='word_1_296' title='bbox 1666 3654 2056 3719; x_wconf 86' lang='lat' dir='ltr'>nunciatum</span> <span class='ocrx_word' id='word_1_297' title='bbox 2100 3659 2201 3717; x_wconf 88' lang='lat' dir='ltr'>est</span> <span class='ocrx_word' id='word_1_298' title='bbox 2237 3651 2336 3717; x_wconf 86' lang='lat' dir='ltr'>illi</span> <span class='ocrx_word' id='word_1_299' title='bbox 2372 3651 2540 3719; x_wconf 85' lang='lat' dir='ltr'>an-</span> 
     </span>
     <span class='ocr_line' id='line_1_40' title="bbox 591 3738 2540 3821; baseline -0.002 -15"><span class='ocrx_word' id='word_1_300' title='bbox 591 3762 807 3807; x_wconf 90' lang='lat' dir='ltr'>sarem</span> <span class='ocrx_word' id='word_1_301' title='bbox 867 3738 1141 3806; x_wconf 89' lang='lat' dir='ltr'>insidias</span> <span class='ocrx_word' id='word_1_302' title='bbox 1197 3739 1484 3806; x_wconf 91' lang='lat' dir='ltr'>tendere.</span> <span class='ocrx_word' id='word_1_303' title='bbox 1575 3738 1795 3821; x_wconf 78' lang='lat' dir='ltr'>Quam</span> <span class='ocrx_word' id='word_1_304' title='bbox 1847 3739 1930 3804; x_wconf 92' lang='lat' dir='ltr'>ob</span> <span class='ocrx_word' id='word_1_305' title='bbox 1985 3758 2250 3804; x_wconf 91' lang='lat' dir='ltr'>causam</span> <span class='ocrx_word' id='word_1_306' title='bbox 2306 3759 2540 3804; x_wconf 90' lang='lat' dir='ltr'>rursus</span> 
     </span>
     <span class='ocr_line' id='line_1_41' title="bbox 589 3825 2537 3893; baseline -0.002 -1"><span class='ocrx_word' id='word_1_307' title='bbox 589 3828 765 3893; x_wconf 88' lang='lat' dir='ltr'>inter</span> <span class='ocrx_word' id='word_1_308' title='bbox 828 3847 938 3892; x_wconf 90' lang='lat' dir='ltr'>eos</span> <span class='ocrx_word' id='word_1_309' title='bbox 1002 3825 1498 3892; x_wconf 88' lang='lat' dir='ltr'>ardentissimae</span> <span class='ocrx_word' id='word_1_310' title='bbox 1561 3825 1948 3890; x_wconf 87' lang='lat' dir='ltr'>inimicitiae</span> <span class='ocrx_word' id='word_1_311' title='bbox 2016 3833 2284 3888; x_wconf 85' lang='lat' dir='ltr'>exortae</span> <span class='ocrx_word' id='word_1_312' title='bbox 2362 3832 2537 3889; x_wconf 92' lang='lat' dir='ltr'>sunt.</span> 
     </span>
     <span class='ocr_line' id='line_1_42' title="bbox 588 3910 2538 3978; baseline -0.003 0"><span class='ocrx_word' id='word_1_313' title='bbox 588 3913 805 3978; x_wconf 88' lang='lat' dir='ltr'>Autor</span> <span class='ocrx_word' id='word_1_314' title='bbox 838 3912 1239 3978; x_wconf 89' lang='lat' dir='ltr'>Plutarchus</span> <span class='ocrx_word' id='word_1_315' title='bbox 1273 3913 1344 3975; x_wconf 93' lang='lat' dir='ltr'>in</span> <span class='ocrx_word' id='word_1_316' title='bbox 1379 3912 1688 3977; x_wconf 89' lang='lat' dir='ltr'>Antonio.</span> <span class='ocrx_word' id='word_1_317' title='bbox 1751 3910 2059 3975; x_wconf 84' lang='lat' dir='ltr'>Meminit</span> <span class='ocrx_word' id='word_1_318' title='bbox 2092 3910 2292 3975; x_wconf 83' lang='lat' dir='ltr'>etiam</span> <span class='ocrx_word' id='word_1_319' title='bbox 2328 3910 2538 3974; x_wconf 77' lang='lat' dir='ltr'>&#39;Pran-</span> 
     </span>
     <span class='ocr_line' id='line_1_43' title="bbox 588 3994 2540 4080; baseline -0.002 -17"><span class='ocrx_word' id='word_1_320' title='bbox 588 3997 829 4080; x_wconf 91' lang='lat' dir='ltr'>quillus</span> <span class='ocrx_word' id='word_1_321' title='bbox 867 3996 970 4062; x_wconf 89' lang='lat' dir='ltr'>his</span> <span class='ocrx_word' id='word_1_322' title='bbox 997 3998 1247 4063; x_wconf 88' lang='lat' dir='ltr'>verbis:</span> <span class='ocrx_word' id='word_1_323' title='bbox 1286 3997 1724 4062; x_wconf 89' lang='lat' dir='ltr'>Hortantibus</span> <span class='ocrx_word' id='word_1_324' title='bbox 1758 3994 2093 4061; x_wconf 92' lang='lat' dir='ltr'>nonnullis</span> <span class='ocrx_word' id='word_1_325' title='bbox 2126 4016 2540 4078; x_wconf 88' lang='lat' dir='ltr'>percussores</span> 
     </span>
     <span class='ocr_line' id='line_1_44' title="bbox 589 4081 2017 4165; baseline -0.002 -16"><span class='ocrx_word' id='word_1_326' title='bbox 589 4084 652 4149; x_wconf 89' lang='lat' dir='ltr'>ei</span> <span class='ocrx_word' id='word_1_327' title='bbox 695 4083 1094 4149; x_wconf 83' lang='lat' dir='ltr'>subornavit.</span> <span class='ocrx_word' id='word_1_328' title='bbox 1181 4081 1369 4147; x_wconf 89' lang='lat' dir='ltr'>Idem</span> <span class='ocrx_word' id='word_1_329' title='bbox 1412 4081 1614 4148; x_wconf 87' lang='lat' dir='ltr'>tradit</span> <span class='ocrx_word' id='word_1_330' title='bbox 1655 4082 2017 4165; x_wconf 88' lang='lat' dir='ltr'>Appianus.</span> 
     </span>
    </p>

    <p class='ocr_par' dir='ltr' id='par_1_3' title="bbox 585 4165 2535 4508">
     <span class='ocr_line' id='line_1_45' title="bbox 762 4165 2535 4255; baseline -0.001 -23"><span class='ocrx_word' id='word_1_331' title='bbox 762 4167 908 4232; x_wconf 83' lang='lat' dir='ltr'>Iam</span> <span class='ocrx_word' id='word_1_332' title='bbox 937 4169 1151 4251; x_wconf 77' lang='lat' dir='ltr'>fuerat</span> <span class='ocrx_word' id='word_1_333' title='bbox 1182 4169 1411 4252; x_wconf 76' lang='lat' dir='ltr'>colleya</span> <span class='ocrx_word' id='word_1_334' title='bbox 1432 4165 1906 4255; x_wconf 72' lang='lat' dir='ltr'>proscriptoris]</span> <span class='ocrx_word' id='word_1_335' title='bbox 1951 4167 2182 4232; x_wconf 91' lang='lat' dir='ltr'>Hostis</span> <span class='ocrx_word' id='word_1_336' title='bbox 2227 4165 2535 4245; x_wconf 88' lang='lat' dir='ltr'>consulis,</span> 
     </span>
     <span class='ocr_line' id='line_1_46' title="bbox 586 4253 2535 4337; baseline -0.002 -18"><span class='ocrx_word' id='word_1_337' title='bbox 586 4254 1050 4337; x_wconf 88' lang='lat' dir='ltr'>proscriptoris</span> <span class='ocrx_word' id='word_1_338' title='bbox 1094 4253 1357 4337; x_wconf 84' lang='lat' dir='ltr'>collega.</span> <span class='ocrx_word' id='word_1_339' title='bbox 1429 4254 1575 4319; x_wconf 90' lang='lat' dir='ltr'>Non</span> <span class='ocrx_word' id='word_1_340' title='bbox 1622 4253 1798 4318; x_wconf 89' lang='lat' dir='ltr'>enim</span> <span class='ocrx_word' id='word_1_341' title='bbox 1843 4254 2016 4318; x_wconf 88' lang='lat' dir='ltr'>inter</span> <span class='ocrx_word' id='word_1_342' title='bbox 2061 4272 2171 4317; x_wconf 92' lang='lat' dir='ltr'>eos</span> <span class='ocrx_word' id='word_1_343' title='bbox 2207 4253 2535 4331; x_wconf 87' lang='lat' dir='ltr'>convenit,</span> 
     </span>
     <span class='ocr_line' id='line_1_47' title="bbox 586 4337 2534 4405; baseline -0.001 0"><span class='ocrx_word' id='word_1_344' title='bbox 586 4340 715 4405; x_wconf 89' lang='lat' dir='ltr'>nisi</span> <span class='ocrx_word' id='word_1_345' title='bbox 760 4340 949 4404; x_wconf 88' lang='lat' dir='ltr'>initis</span> <span class='ocrx_word' id='word_1_346' title='bbox 1004 4339 1084 4404; x_wconf 91' lang='lat' dir='ltr'>de</span> <span class='ocrx_word' id='word_1_347' title='bbox 1138 4340 1560 4405; x_wconf 83' lang='lat' dir='ltr'>triumviratu</span> <span class='ocrx_word' id='word_1_348' title='bbox 1616 4346 1684 4404; x_wconf 91' lang='lat' dir='ltr'>et</span> <span class='ocrx_word' id='word_1_349' title='bbox 1736 4338 1911 4403; x_wconf 90' lang='lat' dir='ltr'>ultra</span> <span class='ocrx_word' id='word_1_350' title='bbox 1964 4337 2394 4404; x_wconf 84' lang='lat' dir='ltr'>ducentorum</span> <span class='ocrx_word' id='word_1_351' title='bbox 2444 4339 2534 4405; x_wconf 92' lang='lat' dir='ltr'>ci-</span> 
     </span>
     <span class='ocr_line' id='line_1_48' title="bbox 585 4425 1771 4508; baseline -0.001 -17"><span class='ocrx_word' id='word_1_352' title='bbox 585 4425 773 4491; x_wconf 91' lang='lat' dir='ltr'>vium</span> <span class='ocrx_word' id='word_1_353' title='bbox 816 4425 1303 4508; x_wconf 89' lang='lat' dir='ltr'>proscriptione,</span> <span class='ocrx_word' id='word_1_354' title='bbox 1348 4425 1771 4508; x_wconf 84' lang='lat' dir='ltr'>pactionibus.</span> 
     </span>
    </p>

    <p class='ocr_par' dir='ltr' id='par_1_4' title="bbox 580 4510 2535 4853">
     <span class='ocr_line' id='line_1_49' title="bbox 767 4510 2535 4595; baseline -0.001 -18"><span class='ocrx_word' id='word_1_355' title='bbox 767 4511 971 4593; x_wconf 76' lang='lat' dir='ltr'>Quum</span> <span class='ocrx_word' id='word_1_356' title='bbox 1035 4531 1276 4577; x_wconf 76' lang='lat' dir='ltr'>annum</span> <span class='ocrx_word' id='word_1_357' title='bbox 1328 4512 1875 4595; x_wconf 60' lang='lat' dir='ltr'>quadragesimum</span> <span class='ocrx_word' id='word_1_358' title='bbox 1941 4510 2300 4589; x_wconf 66' lang='lat' dir='ltr'>transisset:</span> <span class='ocrx_word' id='word_1_359' title='bbox 2353 4515 2409 4575; x_wconf 77' lang='lat' dir='ltr'>et</span> <span class='ocrx_word' id='word_1_360' title='bbox 2462 4512 2535 4576; x_wconf 81' lang='lat' dir='ltr'>in</span> 
     </span>
     <span class='ocr_line' id='line_1_50' title="bbox 592 4595 2533 4684; baseline -0.001 -21"><span class='ocrx_word' id='word_1_361' title='bbox 592 4595 843 4684; x_wconf 73' lang='lat' dir='ltr'>Gallia]</span> <span class='ocrx_word' id='word_1_362' title='bbox 910 4597 1163 4680; x_wconf 89' lang='lat' dir='ltr'>Nempe</span> <span class='ocrx_word' id='word_1_363' title='bbox 1221 4617 1395 4661; x_wconf 87' lang='lat' dir='ltr'>anno</span> <span class='ocrx_word' id='word_1_364' title='bbox 1449 4597 1708 4680; x_wconf 91' lang='lat' dir='ltr'>imperii</span> <span class='ocrx_word' id='word_1_365' title='bbox 1762 4617 1964 4676; x_wconf 89' lang='lat' dir='ltr'>nono,</span> <span class='ocrx_word' id='word_1_366' title='bbox 2018 4617 2224 4678; x_wconf 91' lang='lat' dir='ltr'>quum</span> <span class='ocrx_word' id='word_1_367' title='bbox 2278 4595 2533 4661; x_wconf 81' lang='lat' dir='ltr'>Medio-</span> 
     </span>
     <span class='ocr_line' id='line_1_51' title="bbox 582 4680 2533 4766; baseline -0.001 -18"><span class='ocrx_word' id='word_1_368' title='bbox 582 4682 720 4748; x_wconf 90' lang='lat' dir='ltr'>lani</span> <span class='ocrx_word' id='word_1_369' title='bbox 755 4690 976 4760; x_wconf 89' lang='lat' dir='ltr'>staret,</span> <span class='ocrx_word' id='word_1_370' title='bbox 1015 4690 1092 4748; x_wconf 92' lang='lat' dir='ltr'>ut</span> <span class='ocrx_word' id='word_1_371' title='bbox 1124 4680 1207 4747; x_wconf 89' lang='lat' dir='ltr'>ad</span> <span class='ocrx_word' id='word_1_372' title='bbox 1229 4683 1511 4766; x_wconf 89' lang='lat' dir='ltr'>primam</span> <span class='ocrx_word' id='word_1_373' title='bbox 1533 4703 1861 4765; x_wconf 88' lang='lat' dir='ltr'>quamque</span> <span class='ocrx_word' id='word_1_374' title='bbox 1884 4682 2292 4748; x_wconf 87' lang='lat' dir='ltr'>occasionem</span> <span class='ocrx_word' id='word_1_375' title='bbox 2311 4681 2533 4748; x_wconf 92' lang='lat' dir='ltr'>Druso</span> 
     </span>
     <span class='ocr_line' id='line_1_52' title="bbox 580 4766 2221 4853; baseline -0.002 -19"><span class='ocrx_word' id='word_1_376' title='bbox 580 4767 842 4835; x_wconf 87' lang='lat' dir='ltr'>adesset-</span> <span class='ocrx_word' id='word_1_377' title='bbox 883 4769 1132 4834; x_wconf 91' lang='lat' dir='ltr'>bellum</span> <span class='ocrx_word' id='word_1_378' title='bbox 1173 4769 1429 4853; x_wconf 86' lang='lat' dir='ltr'>gerenti</span> <span class='ocrx_word' id='word_1_379' title='bbox 1474 4767 1788 4835; x_wconf 86' lang='lat' dir='ltr'>adversus</span> <span class='ocrx_word' id='word_1_380' title='bbox 1832 4766 2221 4833; x_wconf 78' lang='lat' dir='ltr'>Germanos.</span> 
     </span>
    </p>

    <p class='ocr_par' dir='ltr' id='par_1_5' title="bbox 572 4850 2535 5283">
     <span class='ocr_line' id='line_1_53' title="bbox 752 4850 2532 4940; baseline -0.003 -19"><span class='ocrx_word' id='word_1_381' title='bbox 752 4854 1057 4921; x_wconf 79' lang='lat' dir='ltr'>Delatum</span> <span class='ocrx_word' id='word_1_382' title='bbox 1089 4860 1180 4919; x_wconf 76' lang='lat' dir='ltr'>est</span> <span class='ocrx_word' id='word_1_383' title='bbox 1212 4855 1297 4919; x_wconf 83' lang='lat' dir='ltr'>ad</span> <span class='ocrx_word' id='word_1_384' title='bbox 1330 4875 1472 4918; x_wconf 78' lang='lat' dir='ltr'>eum</span> <span class='ocrx_word' id='word_1_385' title='bbox 1515 4850 1847 4940; x_wconf 76' lang='lat' dir='ltr'>indicium]</span> <span class='ocrx_word' id='word_1_386' title='bbox 1896 4852 2110 4935; x_wconf 84' lang='lat' dir='ltr'>Saepe</span> <span class='ocrx_word' id='word_1_387' title='bbox 2153 4851 2532 4917; x_wconf 85' lang='lat' dir='ltr'>huiusmodi</span> 
     </span>
     <span class='ocr_line' id='line_1_54' title="bbox 580 4938 2535 5022; baseline -0.002 -18"><span class='ocrx_word' id='word_1_388' title='bbox 580 4939 971 5020; x_wconf 87' lang='lat' dir='ltr'>delationes,</span> <span class='ocrx_word' id='word_1_389' title='bbox 1040 4960 1260 5006; x_wconf 89' lang='lat' dir='ltr'>merae</span> <span class='ocrx_word' id='word_1_390' title='bbox 1323 4947 1481 5004; x_wconf 91' lang='lat' dir='ltr'>sunt</span> <span class='ocrx_word' id='word_1_391' title='bbox 1541 4940 1908 5005; x_wconf 87' lang='lat' dir='ltr'>calumniae</span> <span class='ocrx_word' id='word_1_392' title='bbox 1926 4990 1940 5018; x_wconf 89' lang='lat'>,</span> <span class='ocrx_word' id='word_1_393' title='bbox 2005 4938 2241 5022; x_wconf 90' lang='lat' dir='ltr'>quibus</span> <span class='ocrx_word' id='word_1_394' title='bbox 2305 4944 2535 5021; x_wconf 89' lang='lat' dir='ltr'>patent</span> 
     </span>
     <span class='ocr_line' id='line_1_55' title="bbox 580 5024 2532 5111; baseline -0.002 -20"><span class='ocrx_word' id='word_1_395' title='bbox 580 5047 774 5092; x_wconf 89' lang='lat' dir='ltr'>aures</span> <span class='ocrx_word' id='word_1_396' title='bbox 816 5028 1218 5111; x_wconf 87' lang='lat' dir='ltr'>principum:</span> <span class='ocrx_word' id='word_1_397' title='bbox 1275 5025 1428 5091; x_wconf 91' lang='lat' dir='ltr'>huic</span> <span class='ocrx_word' id='word_1_398' title='bbox 1472 5047 1631 5091; x_wconf 87' lang='lat' dir='ltr'>vero</span> <span class='ocrx_word' id='word_1_399' title='bbox 1657 5024 1671 5049; x_wconf 90' lang='grc'><em>“</em></span> <span class='ocrx_word' id='word_1_400' title='bbox 1688 5025 1927 5090; x_wconf 91' lang='lat' dir='ltr'>indicio</span> <span class='ocrx_word' id='word_1_401' title='bbox 1985 5026 2079 5090; x_wconf 90' lang='lat' dir='ltr'>ita</span> <span class='ocrx_word' id='word_1_402' title='bbox 2133 5044 2361 5088; x_wconf 89' lang='lat' dir='ltr'>omnes</span> <span class='ocrx_word' id='word_1_403' title='bbox 2405 5024 2532 5088; x_wconf 91' lang='lat' dir='ltr'>cir-</span> 
     </span>
     <span class='ocr_line' id='line_1_56' title="bbox 579 5109 2532 5195; baseline -0.004 -17"><span class='ocrx_word' id='word_1_404' title='bbox 579 5114 1014 5178; x_wconf 89' lang='lat' dir='ltr'>cumstantiae</span> <span class='ocrx_word' id='word_1_405' title='bbox 1066 5112 1218 5191; x_wconf 92' lang='lat' dir='ltr'>loci,</span> <span class='ocrx_word' id='word_1_406' title='bbox 1278 5113 1615 5195; x_wconf 89' lang='lat' dir='ltr'>temporis,</span> <span class='ocrx_word' id='word_1_407' title='bbox 1675 5109 1881 5188; x_wconf 91' lang='lat' dir='ltr'>modi,</span> <span class='ocrx_word' id='word_1_408' title='bbox 1945 5116 2397 5192; x_wconf 86' lang='lat' dir='ltr'>apponuntur,</span> <span class='ocrx_word' id='word_1_409' title='bbox 2454 5116 2532 5174; x_wconf 90' lang='lat' dir='ltr'>ut</span> 
     </span>
     <span class='ocr_line' id='line_1_57' title="bbox 572 5198 1639 5283; baseline 0.001 -22"><span class='ocrx_word' id='word_1_410' title='bbox 572 5218 698 5283; x_wconf 87' lang='lat' dir='ltr'>pro</span> <span class='ocrx_word' id='word_1_411' title='bbox 741 5219 812 5263; x_wconf 91' lang='lat' dir='ltr'>re</span> <span class='ocrx_word' id='word_1_412' title='bbox 855 5206 1188 5282; x_wconf 88' lang='lat' dir='ltr'>comperta</span> <span class='ocrx_word' id='word_1_413' title='bbox 1230 5218 1373 5263; x_wconf 89' lang='lat' dir='ltr'>esse</span> <span class='ocrx_word' id='word_1_414' title='bbox 1415 5198 1639 5281; x_wconf 89' lang='lat' dir='ltr'>possit.</span> 
     </span>
    </p>
   </div>
   <div class='ocr_carea' id='block_1_3' title="bbox 2588 487 2620 5255">
    <p class='ocr_par' dir='ltr' id='par_1_6' title="bbox 2588 487 2620 5255">
     <span class='ocr_line' id='line_1_58' title="bbox 2588 487 2620 5255; baseline 0 0"><span class='ocrx_word' id='word_1_415' title='bbox 2588 487 2620 5255; x_wconf 95' lang='lat' dir='ltr'> </span> 
     </span>
    </p>
   </div>
   <div class='ocr_carea' id='block_1_4' title="bbox 2654 473 4623 3222">
    <p class='ocr_par' dir='ltr' id='par_1_7' title="bbox 2657 473 4595 1488">
     <span class='ocr_line' id='line_1_59' title="bbox 2838 473 4585 564; baseline 0.001 -21"><span class='ocrx_word' id='word_1_416' title='bbox 2838 476 3135 564; x_wconf 77' lang='lat' dir='ltr'>Cinnam]</span> <span class='ocrx_word' id='word_1_417' title='bbox 3194 476 3363 559; x_wconf 78' lang='lat' dir='ltr'>Quis</span> <span class='ocrx_word' id='word_1_418' title='bbox 3413 477 3538 542; x_wconf 91' lang='lat' dir='ltr'>iste</span> <span class='ocrx_word' id='word_1_419' title='bbox 3588 476 3787 542; x_wconf 82' lang='lat' dir='ltr'>fuerit</span> <span class='ocrx_word' id='word_1_420' title='bbox 3834 476 4083 541; x_wconf 91' lang='lat' dir='ltr'>Lucius</span> <span class='ocrx_word' id='word_1_421' title='bbox 4138 473 4377 555; x_wconf 79' lang='lat' dir='ltr'>Cinna,</span> <span class='ocrx_word' id='word_1_422' title='bbox 4425 479 4585 561; x_wconf 88' lang='lat' dir='ltr'>apud</span> 
     </span>
     <span class='ocr_line' id='line_1_60' title="bbox 2663 561 4588 646; baseline 0 -16"><span class='ocrx_word' id='word_1_423' title='bbox 2663 564 2823 630; x_wconf 89' lang='lat' dir='ltr'>alios</span> <span class='ocrx_word' id='word_1_424' title='bbox 2867 571 3126 629; x_wconf 90' lang='lat' dir='ltr'>autores</span> <span class='ocrx_word' id='word_1_425' title='bbox 3169 584 3302 628; x_wconf 93' lang='lat' dir='ltr'>non</span> <span class='ocrx_word' id='word_1_426' title='bbox 3354 564 3625 646; x_wconf 87' lang='lat' dir='ltr'>reperio.</span> <span class='ocrx_word' id='word_1_427' title='bbox 3713 563 4013 627; x_wconf 89' lang='lat' dir='ltr'>Primum</span> <span class='ocrx_word' id='word_1_428' title='bbox 4066 561 4139 625; x_wconf 90' lang='lat' dir='ltr'>in</span> <span class='ocrx_word' id='word_1_429' title='bbox 4180 581 4259 626; x_wconf 88' lang='lat' dir='ltr'>ea</span> <span class='ocrx_word' id='word_1_430' title='bbox 4298 563 4588 645; x_wconf 89' lang='lat' dir='ltr'>opinione</span> 
     </span>
     <span class='ocr_line' id='line_1_61' title="bbox 2660 647 4585 732; baseline 0.001 -17"><span class='ocrx_word' id='word_1_431' title='bbox 2660 650 2784 728; x_wconf 81' lang='lat' dir='ltr'>fui,</span> <span class='ocrx_word' id='word_1_432' title='bbox 2846 649 3131 715; x_wconf 89' lang='lat' dir='ltr'>eundem</span> <span class='ocrx_word' id='word_1_433' title='bbox 3186 670 3328 715; x_wconf 90' lang='lat' dir='ltr'>esse</span> <span class='ocrx_word' id='word_1_434' title='bbox 3382 647 3699 727; x_wconf 84' lang='lat' dir='ltr'>Cinnam,</span> <span class='ocrx_word' id='word_1_435' title='bbox 3756 648 3868 732; x_wconf 85' lang='lat' dir='ltr'>qui</span> <span class='ocrx_word' id='word_1_436' title='bbox 3922 647 4213 731; x_wconf 87' lang='lat' dir='ltr'>graviter</span> <span class='ocrx_word' id='word_1_437' title='bbox 4255 655 4321 712; x_wconf 91' lang='lat' dir='ltr'>et</span> <span class='ocrx_word' id='word_1_438' title='bbox 4371 669 4585 732; x_wconf 86' lang='lat' dir='ltr'>aspere</span> 
     </span>
     <span class='ocr_line' id='line_1_62' title="bbox 2660 733 4589 817; baseline 0.001 -17"><span class='ocrx_word' id='word_1_439' title='bbox 2660 736 2732 800; x_wconf 90' lang='lat' dir='ltr'>in</span> <span class='ocrx_word' id='word_1_440' title='bbox 2785 734 3137 802; x_wconf 78' lang='lat' dir='ltr'>Gaesarem</span> <span class='ocrx_word' id='word_1_441' title='bbox 3205 741 3536 800; x_wconf 88' lang='lat' dir='ltr'>mortuum</span> <span class='ocrx_word' id='word_1_442' title='bbox 3591 733 3767 817; x_wconf 89' lang='lat' dir='ltr'>apud</span> <span class='ocrx_word' id='word_1_443' title='bbox 3818 733 4131 817; x_wconf 91' lang='lat' dir='ltr'>populum</span> <span class='ocrx_word' id='word_1_444' title='bbox 4188 734 4589 802; x_wconf 84' lang='lat' dir='ltr'>concionatus</span> 
     </span>
     <span class='ocr_line' id='line_1_63' title="bbox 2661 819 4589 904; baseline -0.001 -16"><span class='ocrx_word' id='word_1_445' title='bbox 2661 830 2821 901; x_wconf 89' lang='lat' dir='ltr'>erat,</span> <span class='ocrx_word' id='word_1_446' title='bbox 2868 822 3021 904; x_wconf 88' lang='lat' dir='ltr'>quia</span> <span class='ocrx_word' id='word_1_447' title='bbox 3052 819 3398 886; x_wconf 89' lang='lat' dir='ltr'>videbatur</span> <span class='ocrx_word' id='word_1_448' title='bbox 3431 819 3804 898; x_wconf 87' lang='lat' dir='ltr'>verisimile,</span> <span class='ocrx_word' id='word_1_449' title='bbox 3850 840 4001 886; x_wconf 93' lang='lat' dir='ltr'>oum</span> <span class='ocrx_word' id='word_1_450' title='bbox 4032 819 4142 901; x_wconf 92' lang='lat' dir='ltr'>qui</span> <span class='ocrx_word' id='word_1_451' title='bbox 4187 840 4357 885; x_wconf 91' lang='lat' dir='ltr'>unus</span> <span class='ocrx_word' id='word_1_452' title='bbox 4398 821 4589 887; x_wconf 89' lang='lat' dir='ltr'>semel</span> 
     </span>
     <span class='ocr_line' id='line_1_64' title="bbox 2659 904 4587 990; baseline -0.001 -18"><span class='ocrx_word' id='word_1_453' title='bbox 2659 907 2893 973; x_wconf 88' lang='lat' dir='ltr'>fuisset</span> <span class='ocrx_word' id='word_1_454' title='bbox 2925 928 3008 971; x_wconf 90' lang='lat' dir='ltr'>ex</span> <span class='ocrx_word' id='word_1_455' title='bbox 3044 905 3417 972; x_wconf 81' lang='lat' dir='ltr'>vindicibus</span> <span class='ocrx_word' id='word_1_456' title='bbox 3451 904 3791 984; x_wconf 88' lang='lat' dir='ltr'>libertatis,</span> <span class='ocrx_word' id='word_1_457' title='bbox 3836 906 4092 971; x_wconf 88' lang='lat' dir='ltr'>stetisse</span> <span class='ocrx_word' id='word_1_458' title='bbox 4134 904 4208 968; x_wconf 91' lang='lat' dir='ltr'>in</span> <span class='ocrx_word' id='word_1_459' title='bbox 4249 907 4587 990; x_wconf 82' lang='lat' dir='ltr'>proposito:</span> 
     </span>
     <span class='ocr_line' id='line_1_65' title="bbox 2660 987 4591 1076; baseline 0.001 -19"><span class='ocrx_word' id='word_1_460' title='bbox 2660 1013 2864 1076; x_wconf 89' lang='lat' dir='ltr'>eaque</span> <span class='ocrx_word' id='word_1_461' title='bbox 2919 1012 3115 1058; x_wconf 88' lang='lat' dir='ltr'>causa</span> <span class='ocrx_word' id='word_1_462' title='bbox 3169 993 3371 1057; x_wconf 81' lang='lat' dir='ltr'>fuisse</span> <span class='ocrx_word' id='word_1_463' title='bbox 3412 992 3740 1057; x_wconf 83' lang='lat' dir='ltr'>infensum</span> <span class='ocrx_word' id='word_1_464' title='bbox 3786 993 4109 1075; x_wconf 84' lang='lat' dir='ltr'>Augusto.</span> <span class='ocrx_word' id='word_1_465' title='bbox 4199 987 4336 1055; x_wconf 90' lang='lat' dir='ltr'>Sed</span> <span class='ocrx_word' id='word_1_466' title='bbox 4376 999 4591 1074; x_wconf 84' lang='lat' dir='ltr'>postea</span> 
     </span>
     <span class='ocr_line' id='line_1_66' title="bbox 2660 1076 4595 1156; baseline 0 -13"><span class='ocrx_word' id='word_1_467' title='bbox 2660 1077 3093 1144; x_wconf 88' lang='lat' dir='ltr'>animadverti</span> <span class='ocrx_word' id='word_1_468' title='bbox 3138 1076 3519 1143; x_wconf 82' lang='lat' dir='ltr'>Cornelium</span> <span class='ocrx_word' id='word_1_469' title='bbox 3558 1098 3719 1156; x_wconf 88' lang='lat' dir='ltr'>esse,</span> <span class='ocrx_word' id='word_1_470' title='bbox 3765 1097 3898 1141; x_wconf 93' lang='lat' dir='ltr'>non</span> <span class='ocrx_word' id='word_1_471' title='bbox 3943 1077 4245 1154; x_wconf 90' lang='lat' dir='ltr'>Lucium,</span> <span class='ocrx_word' id='word_1_472' title='bbox 4284 1084 4350 1140; x_wconf 90' lang='lat' dir='ltr'>et</span> <span class='ocrx_word' id='word_1_473' title='bbox 4380 1080 4595 1143; x_wconf 89' lang='lat' dir='ltr'>vocari</span> 
     </span>
     <span class='ocr_line' id='line_1_67' title="bbox 2659 1161 4590 1246; baseline 0.001 -19"><span class='ocrx_word' id='word_1_474' title='bbox 2659 1184 2700 1227; x_wconf 91' lang='lat' dir='ltr'>a</span> <span class='ocrx_word' id='word_1_475' title='bbox 2743 1162 2998 1230; x_wconf 81' lang='lat' dir='ltr'>Seneca</span> <span class='ocrx_word' id='word_1_476' title='bbox 3039 1161 3511 1229; x_wconf 84' lang='lat' dir='ltr'>adolescentem</span> <span class='ocrx_word' id='word_1_477' title='bbox 3525 1214 3542 1243; x_wconf 93' lang='lat'>,</span> <span class='ocrx_word' id='word_1_478' title='bbox 3601 1164 3712 1246; x_wconf 91' lang='lat' dir='ltr'>qui</span> <span class='ocrx_word' id='word_1_479' title='bbox 3759 1164 3928 1228; x_wconf 88' lang='lat' dir='ltr'>foret</span> <span class='ocrx_word' id='word_1_480' title='bbox 3974 1163 4191 1227; x_wconf 90' lang='lat' dir='ltr'>iustae</span> <span class='ocrx_word' id='word_1_481' title='bbox 4233 1165 4590 1229; x_wconf 86' lang='lat' dir='ltr'>senectutis.</span> 
     </span>
     <span class='ocr_line' id='line_1_68' title="bbox 2657 1247 4593 1332; baseline -0.001 -18"><span class='ocrx_word' id='word_1_482' title='bbox 2657 1250 2860 1314; x_wconf 84' lang='lat' dir='ltr'>Forte</span> <span class='ocrx_word' id='word_1_483' title='bbox 2903 1250 2962 1315; x_wconf 91' lang='lat' dir='ltr'>is</span> <span class='ocrx_word' id='word_1_484' title='bbox 3004 1250 3147 1332; x_wconf 91' lang='lat' dir='ltr'>ipse</span> <span class='ocrx_word' id='word_1_485' title='bbox 3190 1257 3310 1329; x_wconf 90' lang='lat' dir='ltr'>est,</span> <span class='ocrx_word' id='word_1_486' title='bbox 3356 1249 3542 1314; x_wconf 89' lang='lat' dir='ltr'>cuius</span> <span class='ocrx_word' id='word_1_487' title='bbox 3588 1251 3783 1314; x_wconf 90' lang='lat' dir='ltr'>tacito</span> <span class='ocrx_word' id='word_1_488' title='bbox 3827 1249 4089 1314; x_wconf 90' lang='lat' dir='ltr'>nomine</span> <span class='ocrx_word' id='word_1_489' title='bbox 4130 1247 4434 1312; x_wconf 90' lang='lat' dir='ltr'>meminit</span> <span class='ocrx_word' id='word_1_490' title='bbox 4464 1248 4593 1313; x_wconf 90' lang='lat' dir='ltr'>Va-</span> 
     </span>
     <span class='ocr_line' id='line_1_69' title="bbox 2658 1334 4595 1485; baseline 0.001 -86"><span class='ocrx_word' id='word_1_491' title='bbox 2658 1335 2859 1485; x_wconf 73' lang='lat' dir='ltr'>lerilus</span> <span class='ocrx_word' id='word_1_492' title='bbox 2901 1335 3069 1401; x_wconf 87' lang='lat' dir='ltr'>libro</span> <span class='ocrx_word' id='word_1_493' title='bbox 3127 1356 3297 1401; x_wconf 92' lang='lat' dir='ltr'>nono</span> <span class='ocrx_word' id='word_1_494' title='bbox 3348 1355 3483 1417; x_wconf 91' lang='lat' dir='ltr'>cap.</span> <span class='ocrx_word' id='word_1_495' title='bbox 3532 1334 3612 1400; x_wconf 91' lang='lat' dir='ltr'>de</span> <span class='ocrx_word' id='word_1_496' title='bbox 3653 1334 3844 1400; x_wconf 89' lang='lat' dir='ltr'>dietis</span> <span class='ocrx_word' id='word_1_497' title='bbox 3886 1335 4199 1417; x_wconf 88' lang='lat' dir='ltr'>improbis</span> <span class='ocrx_word' id='word_1_498' title='bbox 4250 1342 4366 1398; x_wconf 90' lang='lat' dir='ltr'>aut</span> <span class='ocrx_word' id='word_1_499' title='bbox 4413 1335 4595 1400; x_wconf 84' lang='lat' dir='ltr'>factis</span> 
     </span>
     <span class='ocr_line' id='line_1_70' title="bbox 2657 1422 3008 1488; baseline -0.006 0"><span class='ocrx_word' id='word_1_500' title='bbox 2657 1441 2765 1488; x_wconf 88' lang='lat' dir='ltr'>sce</span> <span class='ocrx_word' id='word_1_501' title='bbox 2792 1422 3008 1486; x_wconf 89' lang='lat' dir='ltr'>eratis.</span> 
     </span>
    </p>

    <p class='ocr_par' dir='ltr' id='par_1_8' title="bbox 2654 1504 4617 2874">
     <span class='ocr_line' id='line_1_71' title="bbox 2844 1504 4600 1593; baseline -0.001 -19"><span class='ocrx_word' id='word_1_502' title='bbox 2844 1506 3021 1574; x_wconf 79' lang='lat' dir='ltr'>Unus</span> <span class='ocrx_word' id='word_1_503' title='bbox 3064 1527 3143 1571; x_wconf 76' lang='lat' dir='ltr'>ex</span> <span class='ocrx_word' id='word_1_504' title='bbox 3184 1508 3446 1573; x_wconf 68' lang='lat' dir='ltr'>consciis</span> <span class='ocrx_word' id='word_1_505' title='bbox 3486 1504 3829 1593; x_wconf 72' lang='lat' dir='ltr'>deferebat]</span> <span class='ocrx_word' id='word_1_506' title='bbox 3885 1504 4099 1571; x_wconf 83' lang='lat' dir='ltr'>Index</span> <span class='ocrx_word' id='word_1_507' title='bbox 4141 1506 4405 1589; x_wconf 90' lang='lat' dir='ltr'>proprie</span> <span class='ocrx_word' id='word_1_508' title='bbox 4447 1504 4600 1572; x_wconf 88' lang='lat' dir='ltr'>diei-</span> 
     </span>
     <span class='ocr_line' id='line_1_72' title="bbox 2658 1591 4599 1673; baseline 0 -16"><span class='ocrx_word' id='word_1_509' title='bbox 2658 1601 2785 1671; x_wconf 86' lang='lat' dir='ltr'>tur,</span> <span class='ocrx_word' id='word_1_510' title='bbox 2831 1602 2909 1657; x_wconf 89' lang='lat' dir='ltr'>ut</span> <span class='ocrx_word' id='word_1_511' title='bbox 2950 1601 3139 1658; x_wconf 88' lang='lat' dir='ltr'>autor</span> <span class='ocrx_word' id='word_1_512' title='bbox 3171 1602 3271 1658; x_wconf 90' lang='lat' dir='ltr'>est</span> <span class='ocrx_word' id='word_1_513' title='bbox 3302 1592 3673 1658; x_wconf 87' lang='lat' dir='ltr'>Paedianus</span> <span class='ocrx_word' id='word_1_514' title='bbox 3715 1591 3789 1655; x_wconf 85' lang='lat' dir='ltr'>in</span> <span class='ocrx_word' id='word_1_515' title='bbox 3833 1591 4320 1667; x_wconf 84' lang='lat' dir='ltr'>divinationem,</span> <span class='ocrx_word' id='word_1_516' title='bbox 4365 1592 4475 1673; x_wconf 91' lang='lat' dir='ltr'>qui</span> <span class='ocrx_word' id='word_1_517' title='bbox 4507 1592 4599 1657; x_wconf 81' lang='lat' dir='ltr'>fa-</span> 
     </span>
     <span class='ocr_line' id='line_1_73' title="bbox 2660 1676 4601 1760; baseline 0.001 -19"><span class='ocrx_word' id='word_1_518' title='bbox 2660 1678 2901 1744; x_wconf 88' lang='lat' dir='ltr'>cinoris</span> <span class='ocrx_word' id='word_1_519' title='bbox 2946 1679 3131 1744; x_wconf 89' lang='lat' dir='ltr'>cuius</span> <span class='ocrx_word' id='word_1_520' title='bbox 3174 1686 3276 1744; x_wconf 90' lang='lat' dir='ltr'>est</span> <span class='ocrx_word' id='word_1_521' title='bbox 3315 1678 3614 1743; x_wconf 89' lang='lat' dir='ltr'>conscius</span> <span class='ocrx_word' id='word_1_522' title='bbox 3627 1730 3642 1757; x_wconf 88' lang='lat'>,</span> <span class='ocrx_word' id='word_1_523' title='bbox 3688 1676 3972 1743; x_wconf 88' lang='lat' dir='ltr'>latebras</span> <span class='ocrx_word' id='word_1_524' title='bbox 4011 1676 4247 1741; x_wconf 91' lang='lat' dir='ltr'>indicit</span> <span class='ocrx_word' id='word_1_525' title='bbox 4260 1727 4276 1754; x_wconf 94' lang='lat'>,</span> <span class='ocrx_word' id='word_1_526' title='bbox 4320 1678 4601 1760; x_wconf 87' lang='lat' dir='ltr'>impuni-</span> 
     </span>
     <span class='ocr_line' id='line_1_74' title="bbox 2660 1763 4602 1847; baseline 0.001 -19"><span class='ocrx_word' id='word_1_527' title='bbox 2660 1771 2794 1829; x_wconf 84' lang='lat' dir='ltr'>tate</span> <span class='ocrx_word' id='word_1_528' title='bbox 2837 1765 3185 1847; x_wconf 85' lang='lat' dir='ltr'>proposita.</span> <span class='ocrx_word' id='word_1_529' title='bbox 3253 1763 3460 1830; x_wconf 84' lang='lat' dir='ltr'>Cuius</span> <span class='ocrx_word' id='word_1_530' title='bbox 3503 1764 3787 1829; x_wconf 91' lang='lat' dir='ltr'>nominis</span> <span class='ocrx_word' id='word_1_531' title='bbox 3827 1765 4297 1846; x_wconf 89' lang='lat' dir='ltr'>proprietatem</span> <span class='ocrx_word' id='word_1_532' title='bbox 4342 1784 4602 1846; x_wconf 84' lang='lat' dir='ltr'>expres-</span> 
     </span>
     <span class='ocr_line' id='line_1_75' title="bbox 2659 1848 4604 1933; baseline -0.001 -18"><span class='ocrx_word' id='word_1_533' title='bbox 2659 1851 2745 1915; x_wconf 89' lang='lat' dir='ltr'>sit</span> <span class='ocrx_word' id='word_1_534' title='bbox 2790 1848 3045 1916; x_wconf 84' lang='lat' dir='ltr'>Seneca</span> <span class='ocrx_word' id='word_1_535' title='bbox 3084 1870 3203 1933; x_wconf 88' lang='lat' dir='ltr'>per</span> <span class='ocrx_word' id='word_1_536' title='bbox 3244 1849 3698 1933; x_wconf 87' lang='lat' dir='ltr'>periphrasim.</span> <span class='ocrx_word' id='word_1_537' title='bbox 3786 1848 4036 1915; x_wconf 82' lang='lat' dir='ltr'>Videas</span> <span class='ocrx_word' id='word_1_538' title='bbox 4088 1856 4318 1913; x_wconf 89' lang='lat' dir='ltr'>tamen</span> <span class='ocrx_word' id='word_1_539' title='bbox 4374 1848 4604 1916; x_wconf 90' lang='lat' dir='ltr'>alicubi</span> 
     </span>
     <span class='ocr_line' id='line_1_76' title="bbox 2659 1933 4605 2021; baseline 0.001 -22"><span class='ocrx_word' id='word_1_540' title='bbox 2659 1955 2797 2000; x_wconf 93' lang='lat' dir='ltr'>non</span> <span class='ocrx_word' id='word_1_541' title='bbox 2839 1935 3255 2000; x_wconf 85' lang='lat' dir='ltr'>observatam</span> <span class='ocrx_word' id='word_1_542' title='bbox 3307 1956 3347 1999; x_wconf 90' lang='lat' dir='ltr'>a</span> <span class='ocrx_word' id='word_1_543' title='bbox 3398 1935 3619 2017; x_wconf 88' lang='lat' dir='ltr'>probis</span> <span class='ocrx_word' id='word_1_544' title='bbox 3672 1935 4024 2000; x_wconf 87' lang='lat' dir='ltr'>autoribus.</span> <span class='ocrx_word' id='word_1_545' title='bbox 4115 1933 4391 2000; x_wconf 84' lang='lat' dir='ltr'>Curtius</span> <span class='ocrx_word' id='word_1_546' title='bbox 4437 1933 4605 2021; x_wconf 74' lang='lat' dir='ltr'>libro</span> 
     </span>
     <span class='ocr_line' id='line_1_77' title="bbox 2658 2019 4606 2106; baseline -0.001 -21"><span class='ocrx_word' id='word_1_547' title='bbox 2658 2041 2863 2086; x_wconf 90' lang='lat' dir='ltr'>nono:</span> <span class='ocrx_word' id='word_1_548' title='bbox 2921 2022 3201 2100; x_wconf 92' lang='lat' dir='ltr'>Bessus,</span> <span class='ocrx_word' id='word_1_549' title='bbox 3257 2041 3628 2104; x_wconf 87' lang='lat' dir='ltr'>quanquam</span> <span class='ocrx_word' id='word_1_550' title='bbox 3685 2028 3826 2086; x_wconf 91' lang='lat' dir='ltr'>erat</span> <span class='ocrx_word' id='word_1_551' title='bbox 3879 2020 4099 2104; x_wconf 88' lang='lat' dir='ltr'>graeci</span> <span class='ocrx_word' id='word_1_552' title='bbox 4142 2019 4469 2086; x_wconf 86' lang='lat' dir='ltr'>sermonis</span> <span class='ocrx_word' id='word_1_553' title='bbox 4510 2021 4606 2106; x_wconf 89' lang='lat' dir='ltr'>ig-</span> 
     </span>
     <span class='ocr_line' id='line_1_78' title="bbox 2658 2105 4607 2186; baseline -0.001 -15"><span class='ocrx_word' id='word_1_554' title='bbox 2658 2127 2888 2186; x_wconf 88' lang='lat' dir='ltr'>narus,</span> <span class='ocrx_word' id='word_1_555' title='bbox 2945 2114 3165 2172; x_wconf 90' lang='lat' dir='ltr'>tamen</span> <span class='ocrx_word' id='word_1_556' title='bbox 3210 2106 3589 2173; x_wconf 90' lang='lat' dir='ltr'>stimulante</span> <span class='ocrx_word' id='word_1_557' title='bbox 3631 2106 4057 2182; x_wconf 88' lang='lat' dir='ltr'>conscientia,</span> <span class='ocrx_word' id='word_1_558' title='bbox 4113 2105 4438 2171; x_wconf 90' lang='lat' dir='ltr'>indicium</span> <span class='ocrx_word' id='word_1_559' title='bbox 4482 2107 4607 2171; x_wconf 90' lang='lat' dir='ltr'>Pa-</span> 
     </span>
     <span class='ocr_line' id='line_1_79' title="bbox 2656 2192 4608 2272; baseline 0.001 -15"><span class='ocrx_word' id='word_1_560' title='bbox 2656 2200 2915 2257; x_wconf 89' lang='lat' dir='ltr'>tronem</span> <span class='ocrx_word' id='word_1_561' title='bbox 2981 2192 3294 2258; x_wconf 89' lang='lat' dir='ltr'>detulisse</span> <span class='ocrx_word' id='word_1_562' title='bbox 3358 2192 3680 2257; x_wconf 88' lang='lat' dir='ltr'>credebat.</span> <span class='ocrx_word' id='word_1_563' title='bbox 3790 2192 3962 2257; x_wconf 89' lang='lat' dir='ltr'>Nam</span> <span class='ocrx_word' id='word_1_564' title='bbox 4027 2200 4106 2257; x_wconf 92' lang='lat' dir='ltr'>ut</span> <span class='ocrx_word' id='word_1_565' title='bbox 4168 2199 4431 2257; x_wconf 89' lang='lat' dir='ltr'>certum</span> <span class='ocrx_word' id='word_1_566' title='bbox 4494 2201 4608 2272; x_wconf 87' lang='lat' dir='ltr'>est,</span> 
     </span>
     <span class='ocr_line' id='line_1_80' title="bbox 2657 2278 4611 2364; baseline 0 -21"><span class='ocrx_word' id='word_1_567' title='bbox 2657 2279 2910 2343; x_wconf 89' lang='lat' dir='ltr'>Patron</span> <span class='ocrx_word' id='word_1_568' title='bbox 2962 2299 3300 2361; x_wconf 88' lang='lat' dir='ltr'>nunquam</span> <span class='ocrx_word' id='word_1_569' title='bbox 3353 2278 3698 2364; x_wconf 88' lang='lat' dir='ltr'>consilium</span> <span class='ocrx_word' id='word_1_570' title='bbox 3751 2278 3992 2343; x_wconf 89' lang='lat' dir='ltr'>inierat</span> <span class='ocrx_word' id='word_1_571' title='bbox 4034 2298 4185 2343; x_wconf 92' lang='lat' dir='ltr'>cum</span> <span class='ocrx_word' id='word_1_572' title='bbox 4237 2278 4611 2357; x_wconf 86' lang='lat' dir='ltr'>coniuratis,</span> 
     </span>
     <span class='ocr_line' id='line_1_81' title="bbox 2657 2363 4610 2447; baseline 0.001 -19"><span class='ocrx_word' id='word_1_573' title='bbox 2657 2383 2781 2429; x_wconf 90' lang='lat' dir='ltr'>nec</span> <span class='ocrx_word' id='word_1_574' title='bbox 2844 2371 2986 2429; x_wconf 88' lang='lat' dir='ltr'>erat</span> <span class='ocrx_word' id='word_1_575' title='bbox 3047 2365 3380 2447; x_wconf 88' lang='lat' dir='ltr'>proposita</span> <span class='ocrx_word' id='word_1_576' title='bbox 3438 2363 3816 2447; x_wconf 87' lang='lat' dir='ltr'>impunitas.</span> <span class='ocrx_word' id='word_1_577' title='bbox 3904 2363 4093 2429; x_wconf 92' lang='lat' dir='ltr'>Idem</span> <span class='ocrx_word' id='word_1_578' title='bbox 4155 2364 4329 2429; x_wconf 86' lang='lat' dir='ltr'>libro</span> <span class='ocrx_word' id='word_1_579' title='bbox 4395 2372 4610 2430; x_wconf 86' lang='lat' dir='ltr'>sexto:</span> 
     </span>
     <span class='ocr_line' id='line_1_82' title="bbox 2655 2448 4617 2533; baseline 0.001 -19"><span class='ocrx_word' id='word_1_580' title='bbox 2655 2449 2781 2514; x_wconf 92' lang='lat' dir='ltr'>Ille</span> <span class='ocrx_word' id='word_1_581' title='bbox 2824 2448 3165 2516; x_wconf 83' lang='lat' dir='ltr'>Oeballino</span> <span class='ocrx_word' id='word_1_582' title='bbox 3208 2452 3279 2515; x_wconf 94' lang='lat' dir='ltr'>in</span> <span class='ocrx_word' id='word_1_583' title='bbox 3323 2450 3827 2516; x_wconf 84' lang='lat' dir='ltr'>armamentario</span> <span class='ocrx_word' id='word_1_584' title='bbox 3861 2450 4266 2532; x_wconf 89' lang='lat' dir='ltr'>abscondito,</span> <span class='ocrx_word' id='word_1_585' title='bbox 4310 2450 4617 2533; x_wconf 89' lang='lat' dir='ltr'>protinus</span> 
     </span>
     <span class='ocr_line' id='line_1_83' title="bbox 2655 2535 4613 2620; baseline 0 -19"><span class='ocrx_word' id='word_1_586' title='bbox 2655 2536 2797 2619; x_wconf 90' lang='lat' dir='ltr'>regi</span> <span class='ocrx_word' id='word_1_587' title='bbox 2863 2557 3098 2618; x_wconf 89' lang='lat' dir='ltr'>corpus</span> <span class='ocrx_word' id='word_1_588' title='bbox 3162 2536 3332 2600; x_wconf 84' lang='lat' dir='ltr'>forte</span> <span class='ocrx_word' id='word_1_589' title='bbox 3394 2536 3656 2600; x_wconf 89' lang='lat' dir='ltr'>curanti</span> <span class='ocrx_word' id='word_1_590' title='bbox 3671 2587 3690 2614; x_wconf 88' lang='lat'>‚</span> <span class='ocrx_word' id='word_1_591' title='bbox 3757 2535 3913 2620; x_wconf 89' lang='lat' dir='ltr'>quid</span> <span class='ocrx_word' id='word_1_592' title='bbox 3976 2536 4180 2601; x_wconf 90' lang='lat' dir='ltr'>index</span> <span class='ocrx_word' id='word_1_593' title='bbox 4248 2536 4613 2614; x_wconf 87' lang='lat' dir='ltr'>detulisset,</span> 
     </span>
     <span class='ocr_line' id='line_1_84' title="bbox 2656 2619 4616 2702; baseline 0.001 -17"><span class='ocrx_word' id='word_1_594' title='bbox 2656 2620 2958 2686; x_wconf 88' lang='lat' dir='ltr'>ostendit.</span> <span class='ocrx_word' id='word_1_595' title='bbox 3051 2619 3277 2702; x_wconf 79' lang='lat' dir='ltr'>Quum</span> <span class='ocrx_word' id='word_1_596' title='bbox 3322 2629 3541 2686; x_wconf 89' lang='lat' dir='ltr'>tamen</span> <span class='ocrx_word' id='word_1_597' title='bbox 3587 2619 3965 2686; x_wconf 83' lang='lat' dir='ltr'>Ceballinus</span> <span class='ocrx_word' id='word_1_598' title='bbox 4009 2644 4142 2688; x_wconf 92' lang='lat' dir='ltr'>non</span> <span class='ocrx_word' id='word_1_599' title='bbox 4187 2629 4372 2688; x_wconf 89' lang='lat' dir='ltr'>esset</span> <span class='ocrx_word' id='word_1_600' title='bbox 4414 2644 4454 2687; x_wconf 90' lang='lat' dir='ltr'>e</span> <span class='ocrx_word' id='word_1_601' title='bbox 4495 2644 4616 2687; x_wconf 91' lang='lat' dir='ltr'>nu·</span> 
     </span>
     <span class='ocr_line' id='line_1_85' title="bbox 2654 2707 4617 2791; baseline 0.001 -22"><span class='ocrx_word' id='word_1_602' title='bbox 2654 2726 2838 2771; x_wconf 91' lang='lat' dir='ltr'>mero</span> <span class='ocrx_word' id='word_1_603' title='bbox 2883 2707 3390 2784; x_wconf 91' lang='lat' dir='ltr'>coniuratorum,</span> <span class='ocrx_word' id='word_1_604' title='bbox 3438 2714 3506 2770; x_wconf 90' lang='lat' dir='ltr'>et</span> <span class='ocrx_word' id='word_1_605' title='bbox 3547 2707 3888 2773; x_wconf 90' lang='lat' dir='ltr'>detulisset</span> <span class='ocrx_word' id='word_1_606' title='bbox 3929 2727 4064 2771; x_wconf 92' lang='lat' dir='ltr'>non</span> <span class='ocrx_word' id='word_1_607' title='bbox 4102 2708 4455 2791; x_wconf 88' lang='lat' dir='ltr'>proposita</span> <span class='ocrx_word' id='word_1_608' title='bbox 4496 2708 4617 2771; x_wconf 91' lang='lat' dir='ltr'>im-</span> 
     </span>
     <span class='ocr_line' id='line_1_86' title="bbox 2654 2791 2972 2874; baseline 0.006 -19"><span class='ocrx_word' id='word_1_609' title='bbox 2654 2791 2972 2874; x_wconf 88' lang='lat' dir='ltr'>punitate.</span> 
     </span>
    </p>

    <p class='ocr_par' dir='ltr' id='par_1_9' title="bbox 2654 2876 4623 3134">
     <span class='ocr_line' id='line_1_87' title="bbox 2832 2876 4623 2965; baseline 0.001 -24"><span class='ocrx_word' id='word_1_610' title='bbox 2832 2878 2978 2942; x_wconf 79' lang='lat' dir='ltr'>Nox</span> <span class='ocrx_word' id='word_1_611' title='bbox 3019 2877 3119 2942; x_wconf 73' lang='lat' dir='ltr'>illi</span> <span class='ocrx_word' id='word_1_612' title='bbox 3162 2878 3441 2958; x_wconf 72' lang='lat' dir='ltr'>inquieta</span> <span class='ocrx_word' id='word_1_613' title='bbox 3484 2876 3645 2965; x_wconf 75' lang='lat' dir='ltr'>erat]</span> <span class='ocrx_word' id='word_1_614' title='bbox 3705 2878 3814 2943; x_wconf 88' lang='lat' dir='ltr'>Ex</span> <span class='ocrx_word' id='word_1_615' title='bbox 3856 2899 4084 2943; x_wconf 91' lang='lat' dir='ltr'>eorum</span> <span class='ocrx_word' id='word_1_616' title='bbox 4124 2900 4319 2945; x_wconf 86' lang='lat' dir='ltr'>more</span> <span class='ocrx_word' id='word_1_617' title='bbox 4359 2881 4475 2962; x_wconf 90' lang='lat' dir='ltr'>qui</span> <span class='ocrx_word' id='word_1_618' title='bbox 4517 2900 4623 2943; x_wconf 88' lang='lat' dir='ltr'>res</span> 
     </span>
     <span class='ocr_line' id='line_1_88' title="bbox 2654 2963 4622 3050; baseline 0.001 -22"><span class='ocrx_word' id='word_1_619' title='bbox 2654 2983 2929 3048; x_wconf 89' lang='lat' dir='ltr'>magnas</span> <span class='ocrx_word' id='word_1_620' title='bbox 2973 2963 3193 3029; x_wconf 91' lang='lat' dir='ltr'>animo</span> <span class='ocrx_word' id='word_1_621' title='bbox 3237 2963 3535 3043; x_wconf 85' lang='lat' dir='ltr'>volvunt,</span> <span class='ocrx_word' id='word_1_622' title='bbox 3583 2972 3650 3030; x_wconf 90' lang='lat' dir='ltr'>et</span> <span class='ocrx_word' id='word_1_623' title='bbox 3691 2965 3762 3028; x_wconf 91' lang='lat' dir='ltr'>in</span> <span class='ocrx_word' id='word_1_624' title='bbox 3802 2965 4059 3049; x_wconf 89' lang='lat' dir='ltr'>magnis</span> <span class='ocrx_word' id='word_1_625' title='bbox 4104 2965 4622 3050; x_wconf 86' lang='lat' dir='ltr'>cogitationibus</span> 
     </span>
     <span class='ocr_line' id='line_1_89' title="bbox 2655 3049 4526 3134; baseline 0.002 -21"><span class='ocrx_word' id='word_1_626' title='bbox 2655 3052 2800 3129; x_wconf 74' lang='lat' dir='ltr'>[pag.</span> <span class='ocrx_word' id='word_1_627' title='bbox 2838 3055 2949 3129; x_wconf 80' lang='lat'>63]</span> <span class='ocrx_word' id='word_1_628' title='bbox 2997 3051 3299 3134; x_wconf 87' lang='lat' dir='ltr'>suspensi</span> <span class='ocrx_word' id='word_1_629' title='bbox 3344 3050 3638 3116; x_wconf 88' lang='lat' dir='ltr'>haerent.</span> <span class='ocrx_word' id='word_1_630' title='bbox 3726 3051 3792 3115; x_wconf 93' lang='lat' dir='ltr'>N</span> <span class='ocrx_word' id='word_1_631' title='bbox 3792 3072 3897 3115; x_wconf 91' lang='lat' dir='ltr'>am</span> <span class='ocrx_word' id='word_1_632' title='bbox 3940 3057 4016 3116; x_wconf 89' lang='lat' dir='ltr'>ut</span> <span class='ocrx_word' id='word_1_633' title='bbox 4058 3052 4152 3116; x_wconf 90' lang='lat' dir='ltr'>ait</span> <span class='ocrx_word' id='word_1_634' title='bbox 4197 3049 4526 3118; x_wconf 86' lang='lat' dir='ltr'>Ovidius:</span> 
     </span>
    </p>

    <p class='ocr_par' dir='ltr' id='par_1_10' title="bbox 2928 3152 4075 3222">
     <span class='ocr_line' id='line_1_90' title="bbox 2928 3152 4075 3222; baseline 0 -16"><span class='ocrx_word' id='word_1_635' title='bbox 2928 3198 2940 3217; x_wconf 75' lang='grc'><em>,</em></span> <span class='ocrx_word' id='word_1_636' title='bbox 3047 3152 3276 3207; x_wconf 83' lang='lat' dir='ltr'>Conscia</span> <span class='ocrx_word' id='word_1_637' title='bbox 3310 3169 3557 3207; x_wconf 85' lang='lat' dir='ltr'>curarum</span> <span class='ocrx_word' id='word_1_638' title='bbox 3593 3168 3703 3207; x_wconf 87' lang='lat' dir='ltr'>uox</span> <span class='ocrx_word' id='word_1_639' title='bbox 3734 3153 4075 3222; x_wconf 79' lang='lat' dir='ltr'>intempesta.</span> 
     </span>
    </p>
   </div>
   <div class='ocr_carea' id='block_1_5' title="bbox 2645 3246 4207 3626">
    <p class='ocr_par' dir='ltr' id='par_1_11' title="bbox 2645 3246 4207 3626">
     <span class='ocr_line' id='line_1_91' title="bbox 2647 3246 3603 3330; baseline 0 -17"><span class='ocrx_word' id='word_1_640' title='bbox 2647 3246 2844 3313; x_wconf 87' lang='lat' dir='ltr'>Unde</span> <span class='ocrx_word' id='word_1_641' title='bbox 2886 3246 3051 3311; x_wconf 92' lang='lat' dir='ltr'>illud</span> <span class='ocrx_word' id='word_1_642' title='bbox 3097 3246 3271 3330; x_wconf 86' lang='lat' dir='ltr'>apud</span> <span class='ocrx_word' id='word_1_643' title='bbox 3314 3254 3603 3329; x_wconf 89' lang='lat' dir='ltr'>poetam:</span> 
     </span>
     <span class='ocr_line' id='line_1_92' title="bbox 3091 3356 4013 3416; baseline 0.001 -4"><span class='ocrx_word' id='word_1_644' title='bbox 3091 3356 3167 3412; x_wconf 87' lang='lat' dir='ltr'>Et</span> <span class='ocrx_word' id='word_1_645' title='bbox 3203 3359 3301 3413; x_wconf 88' lang='lat' dir='ltr'>sub</span> <span class='ocrx_word' id='word_1_646' title='bbox 3336 3367 3551 3414; x_wconf 82' lang='lat' dir='ltr'>noctem</span> <span class='ocrx_word' id='word_1_647' title='bbox 3586 3374 3717 3415; x_wconf 87' lang='lat' dir='ltr'>cura</span> <span class='ocrx_word' id='word_1_648' title='bbox 3750 3366 4013 3416; x_wconf 84' lang='lat' dir='ltr'>recursat.</span> 
     </span>
     <span class='ocr_line' id='line_1_93' title="bbox 2645 3452 2848 3518; baseline -0.015 0"><span class='ocrx_word' id='word_1_649' title='bbox 2645 3452 2848 3518; x_wconf 88' lang='lat' dir='ltr'>Item:</span> 
     </span>
     <span class='ocr_line' id='line_1_94' title="bbox 2919 3555 4207 3626; baseline 0.001 -16"><span class='ocrx_word' id='word_1_650' title='bbox 2919 3555 3035 3611; x_wconf 80' lang='lat' dir='ltr'>Nec</span> <span class='ocrx_word' id='word_1_651' title='bbox 3070 3555 3337 3625; x_wconf 84' lang='lat' dir='ltr'>placidam</span> <span class='ocrx_word' id='word_1_652' title='bbox 3369 3557 3619 3611; x_wconf 87' lang='lat' dir='ltr'>membris</span> <span class='ocrx_word' id='word_1_653' title='bbox 3655 3555 3750 3610; x_wconf 83' lang='lat' dir='ltr'>dat</span> <span class='ocrx_word' id='word_1_654' title='bbox 3785 3573 3924 3613; x_wconf 81' lang='lat' dir='ltr'>cura</span> <span class='ocrx_word' id='word_1_655' title='bbox 3950 3558 4207 3626; x_wconf 87' lang='lat' dir='ltr'>quietem.</span> 
     </span>
    </p>
   </div>
   <div class='ocr_carea' id='block_1_6' title="bbox 2634 3650 4648 5278">
    <p class='ocr_par' dir='ltr' id='par_1_12' title="bbox 2644 3650 4635 3822">
     <span class='ocr_line' id='line_1_95' title="bbox 2644 3650 4635 3736; baseline 0.002 -21"><span class='ocrx_word' id='word_1_656' title='bbox 2644 3650 2729 3715; x_wconf 88' lang='lat' dir='ltr'>In</span> <span class='ocrx_word' id='word_1_657' title='bbox 2794 3671 2989 3734; x_wconf 86' lang='lat' dir='ltr'>quem</span> <span class='ocrx_word' id='word_1_658' title='bbox 3054 3670 3323 3715; x_wconf 89' lang='lat' dir='ltr'>sensum</span> <span class='ocrx_word' id='word_1_659' title='bbox 3385 3650 3864 3735; x_wconf 85' lang='lat' dir='ltr'>Aristophanes</span> <span class='ocrx_word' id='word_1_660' title='bbox 3938 3652 4285 3736; x_wconf 88' lang='lat' dir='ltr'>eleganter</span> <span class='ocrx_word' id='word_1_661' title='bbox 4361 3655 4635 3722; x_wconf 81' lang='lat' dir='ltr'>vocavit</span> 
     </span>
     <span class='ocr_line' id='line_1_96' title="bbox 2645 3730 3816 3822; baseline 0.002 -22"><span class='ocrx_word' id='word_1_662' title='bbox 2645 3730 3092 3800; x_wconf 76' lang='grc' dir='ltr'><strong><em>δυσκολόκοιτον</em></strong></span> <span class='ocrx_word' id='word_1_663' title='bbox 3131 3745 3441 3822; x_wconf 76' lang='grc' dir='ltr'><strong><em>μερίμνην.</em></strong></span> <span class='ocrx_word' id='word_1_664' title='bbox 3807 3772 3816 3779; x_wconf 87' lang='grc'><em>·</em></span> 
     </span>
    </p>

    <p class='ocr_par' dir='ltr' id='par_1_13' title="bbox 2638 3820 4641 4574">
     <span class='ocr_line' id='line_1_97' title="bbox 2825 3820 4633 3910; baseline 0.003 -25"><span class='ocrx_word' id='word_1_665' title='bbox 2825 3823 3031 3903; x_wconf 76' lang='lat' dir='ltr'>Quum</span> <span class='ocrx_word' id='word_1_666' title='bbox 3086 3820 3403 3910; x_wconf 72' lang='lat' dir='ltr'>ooyitaret]</span> <span class='ocrx_word' id='word_1_667' title='bbox 3471 3822 3658 3889; x_wconf 87' lang='lat' dir='ltr'>Haec</span> <span class='ocrx_word' id='word_1_668' title='bbox 3710 3822 3808 3886; x_wconf 91' lang='lat' dir='ltr'>illi</span> <span class='ocrx_word' id='word_1_669' title='bbox 3865 3830 4007 3886; x_wconf 91' lang='lat' dir='ltr'>tum</span> <span class='ocrx_word' id='word_1_670' title='bbox 4061 3824 4633 3905; x_wconf 87' lang='lat' dir='ltr'>obversabantur,</span> 
     </span>
     <span class='ocr_line' id='line_1_98' title="bbox 2643 3908 4636 3997; baseline 0.003 -26"><span class='ocrx_word' id='word_1_671' title='bbox 2643 3908 2950 3974; x_wconf 81' lang='lat' dir='ltr'>nobilitas</span> <span class='ocrx_word' id='word_1_672' title='bbox 2985 3910 3131 3987; x_wconf 85' lang='lat' dir='ltr'>viri,</span> <span class='ocrx_word' id='word_1_673' title='bbox 3177 3909 3259 3974; x_wconf 90' lang='lat' dir='ltr'>ob</span> <span class='ocrx_word' id='word_1_674' title='bbox 3294 3929 3491 3991; x_wconf 87' lang='lat' dir='ltr'>quam</span> <span class='ocrx_word' id='word_1_675' title='bbox 3535 3908 3743 3973; x_wconf 89' lang='lat' dir='ltr'>multo</span> <span class='ocrx_word' id='word_1_676' title='bbox 3777 3909 4020 3988; x_wconf 85' lang='lat' dir='ltr'>favore,</span> <span class='ocrx_word' id='word_1_677' title='bbox 4064 3910 4453 3995; x_wconf 86' lang='lat' dir='ltr'>multisque</span> <span class='ocrx_word' id='word_1_678' title='bbox 4490 3912 4636 3997; x_wconf 91' lang='lat' dir='ltr'>opi-</span> 
     </span>
     <span class='ocr_line' id='line_1_99' title="bbox 2641 3993 4639 4078; baseline 0.004 -20"><span class='ocrx_word' id='word_1_679' title='bbox 2641 3994 2764 4059; x_wconf 91' lang='lat' dir='ltr'>bus</span> <span class='ocrx_word' id='word_1_680' title='bbox 2822 3993 3116 4076; x_wconf 86' lang='lat' dir='ltr'>polleret.</span> <span class='ocrx_word' id='word_1_681' title='bbox 3205 3994 3565 4078; x_wconf 83' lang='lat' dir='ltr'>Integritas</span> <span class='ocrx_word' id='word_1_682' title='bbox 3608 3994 3783 4060; x_wconf 85' lang='lat' dir='ltr'>vitae</span> <span class='ocrx_word' id='word_1_683' title='bbox 3826 4002 3893 4060; x_wconf 91' lang='lat' dir='ltr'>et</span> <span class='ocrx_word' id='word_1_684' title='bbox 3935 4014 4197 4059; x_wconf 90' lang='lat' dir='ltr'>morum</span> <span class='ocrx_word' id='word_1_685' title='bbox 4219 4048 4235 4076; x_wconf 90' lang='lat'>,</span> <span class='ocrx_word' id='word_1_686' title='bbox 4299 3999 4440 4065; x_wconf 88' lang='lat' dir='ltr'>hac</span> <span class='ocrx_word' id='word_1_687' title='bbox 4498 4020 4639 4064; x_wconf 87' lang='lat' dir='ltr'>una</span> 
     </span>
     <span class='ocr_line' id='line_1_100' title="bbox 2641 4078 4638 4163; baseline 0.004 -19"><span class='ocrx_word' id='word_1_688' title='bbox 2641 4079 3032 4163; x_wconf 90' lang='lat' dir='ltr'>proditionis</span> <span class='ocrx_word' id='word_1_689' title='bbox 3083 4082 3481 4163; x_wconf 89' lang='lat' dir='ltr'>exceptione.</span> <span class='ocrx_word' id='word_1_690' title='bbox 3546 4078 3869 4160; x_wconf 86' lang='lat' dir='ltr'>Probitas,</span> <span class='ocrx_word' id='word_1_691' title='bbox 3915 4101 4102 4162; x_wconf 89' lang='lat' dir='ltr'>quae.</span> <span class='ocrx_word' id='word_1_692' title='bbox 4125 4081 4398 4148; x_wconf 86' lang='lat' dir='ltr'>iniuria</span> <span class='ocrx_word' id='word_1_693' title='bbox 4443 4084 4638 4151; x_wconf 89' lang='lat' dir='ltr'>dam-</span> 
     </span>
     <span class='ocr_line' id='line_1_101' title="bbox 2641 4165 4641 4251; baseline 0.003 -21"><span class='ocrx_word' id='word_1_694' title='bbox 2641 4174 2874 4231; x_wconf 89' lang='lat' dir='ltr'>natum</span> <span class='ocrx_word' id='word_1_695' title='bbox 2926 4173 3250 4251; x_wconf 88' lang='lat' dir='ltr'>argueret.</span> <span class='ocrx_word' id='word_1_696' title='bbox 3338 4165 3637 4250; x_wconf 91' lang='lat' dir='ltr'>Pompeii</span> <span class='ocrx_word' id='word_1_697' title='bbox 3693 4166 4025 4249; x_wconf 89' lang='lat' dir='ltr'>cognatio,</span> <span class='ocrx_word' id='word_1_698' title='bbox 4079 4187 4260 4250; x_wconf 89' lang='lat' dir='ltr'>quae</span> <span class='ocrx_word' id='word_1_699' title='bbox 4320 4172 4641 4237; x_wconf 89' lang='lat' dir='ltr'>omnium</span> 
     </span>
     <span class='ocr_line' id='line_1_102' title="bbox 2639 4251 4638 4336; baseline 0.004 -20"><span class='ocrx_word' id='word_1_700' title='bbox 2639 4251 2738 4316; x_wconf 91' lang='lat' dir='ltr'>illi</span> <span class='ocrx_word' id='word_1_701' title='bbox 2782 4251 3174 4335; x_wconf 92' lang='lat' dir='ltr'>populorum</span> <span class='ocrx_word' id='word_1_702' title='bbox 3230 4252 3509 4336; x_wconf 88' lang='lat' dir='ltr'>gratiam</span> <span class='ocrx_word' id='word_1_703' title='bbox 3566 4251 3976 4330; x_wconf 89' lang='lat' dir='ltr'>conciliaret,</span> <span class='ocrx_word' id='word_1_704' title='bbox 4027 4252 4110 4317; x_wconf 90' lang='lat' dir='ltr'>ob</span> <span class='ocrx_word' id='word_1_705' title='bbox 4165 4253 4489 4323; x_wconf 88' lang='lat' dir='ltr'>hominis</span> <span class='ocrx_word' id='word_1_706' title='bbox 4534 4256 4638 4323; x_wconf 81' lang='lat' dir='ltr'>vi-</span> 
     </span>
     <span class='ocr_line' id='line_1_103' title="bbox 2640 4337 4641 4421; baseline 0.002 -19"><span class='ocrx_word' id='word_1_707' title='bbox 2640 4337 2861 4403; x_wconf 85' lang='lat' dir='ltr'>ventis</span> <span class='ocrx_word' id='word_1_708' title='bbox 2920 4337 3359 4403; x_wconf 90' lang='lat' dir='ltr'>celebritatem</span> <span class='ocrx_word' id='word_1_709' title='bbox 3377 4389 3393 4417; x_wconf 92' lang='lat'>,</span> <span class='ocrx_word' id='word_1_710' title='bbox 3453 4345 3521 4403; x_wconf 92' lang='lat' dir='ltr'>et</span> <span class='ocrx_word' id='word_1_711' title='bbox 3578 4338 3818 4403; x_wconf 88' lang='lat' dir='ltr'>mortui</span> <span class='ocrx_word' id='word_1_712' title='bbox 3875 4346 4130 4421; x_wconf 89' lang='lat' dir='ltr'>gratam</span> <span class='ocrx_word' id='word_1_713' title='bbox 4195 4345 4641 4409; x_wconf 88' lang='lat' dir='ltr'>memoriam.</span> 
     </span>
     <span class='ocr_line' id='line_1_104' title="bbox 2638 4422 4641 4574; baseline 0.003 -87"><span class='ocrx_word' id='word_1_714' title='bbox 2638 4422 2745 4574; x_wconf 53' lang='grc' dir='ltr'>ξω</span> <span class='ocrx_word' id='word_1_715' title='bbox 2787 4444 3143 4574; x_wconf 55' lang='grc' dir='ltr'>ἰιὲερθῑιειιε</span> <span class='ocrx_word' id='word_1_716' title='bbox 3189 4424 3410 4501; x_wconf 87' lang='lat' dir='ltr'>animi,</span> <span class='ocrx_word' id='word_1_717' title='bbox 3456 4423 3744 4489; x_wconf 84' lang='lat' dir='ltr'>Cinnam</span> <span class='ocrx_word' id='word_1_718' title='bbox 3791 4422 4115 4489; x_wconf 86' lang='lat' dir='ltr'>occideret</span> <span class='ocrx_word' id='word_1_719' title='bbox 4159 4446 4432 4508; x_wconf 88' lang='lat' dir='ltr'>necne,</span> <span class='ocrx_word' id='word_1_720' title='bbox 4495 4450 4641 4493; x_wconf 89' lang='lat' dir='ltr'>am·-</span> 
     </span>
    </p>

    <p class='ocr_par' dir='ltr' id='par_1_14' title="bbox 2689 4510 2918 4574">
     <span class='ocr_line' id='line_1_105' title="bbox 2689 4510 2918 4574; baseline -0.004 0"><span class='ocrx_word' id='word_1_721' title='bbox 2689 4510 2702 4523; x_wconf 83' lang='lat'><strong>‘</strong></span> <span class='ocrx_word' id='word_1_722' title='bbox 2754 4530 2791 4574; x_wconf 92' lang='lat' dir='ltr'>e</span> <span class='ocrx_word' id='word_1_723' title='bbox 2874 4517 2918 4573; x_wconf 92' lang='lat' dir='ltr'>t.</span> 
     </span>
    </p>

    <p class='ocr_par' dir='ltr' id='par_1_15' title="bbox 2636 4531 4645 4937">
     <span class='ocr_line' id='line_1_106' title="bbox 2684 4531 4644 4680; baseline 0.004 -21"><span class='ocrx_word' id='word_1_724' title='bbox 2684 4531 2753 4593; x_wconf 55' lang='lat' dir='ltr'>lg</span> <span class='ocrx_word' id='word_1_725' title='bbox 2811 4595 2959 4660; x_wconf 83' lang='lat' dir='ltr'>Iam</span> <span class='ocrx_word' id='word_1_726' title='bbox 2999 4615 3198 4659; x_wconf 79' lang='lat' dir='ltr'>unum</span> <span class='ocrx_word' id='word_1_727' title='bbox 3239 4591 3570 4680; x_wconf 75' lang='lat' dir='ltr'>hominem]</span> <span class='ocrx_word' id='word_1_728' title='bbox 3616 4594 4093 4677; x_wconf 85' lang='lat' dir='ltr'>Epiphonema,</span> <span class='ocrx_word' id='word_1_729' title='bbox 4140 4617 4274 4663; x_wconf 90' lang='lat' dir='ltr'>seu</span> <span class='ocrx_word' id='word_1_730' title='bbox 4325 4601 4432 4665; x_wconf 90' lang='lat' dir='ltr'>rei</span> <span class='ocrx_word' id='word_1_731' title='bbox 4480 4622 4644 4666; x_wconf 87' lang='lat' dir='ltr'>nar-</span> 
     </span>
     <span class='ocr_line' id='line_1_107' title="bbox 2638 4679 4638 4764; baseline 0.005 -19"><span class='ocrx_word' id='word_1_732' title='bbox 2638 4687 2821 4745; x_wconf 89' lang='lat' dir='ltr'>ratae</span> <span class='ocrx_word' id='word_1_733' title='bbox 2864 4679 3261 4746; x_wconf 75' lang='lat' dir='ltr'>acclamatio.</span> <span class='ocrx_word' id='word_1_734' title='bbox 3330 4679 3539 4746; x_wconf 84' lang='lat' dir='ltr'>Cuius</span> <span class='ocrx_word' id='word_1_735' title='bbox 3584 4681 3845 4764; x_wconf 87' lang='lat' dir='ltr'>generis</span> <span class='ocrx_word' id='word_1_736' title='bbox 3884 4686 3987 4746; x_wconf 90' lang='lat' dir='ltr'>est</span> <span class='ocrx_word' id='word_1_737' title='bbox 4018 4681 4194 4747; x_wconf 88' lang='lat' dir='ltr'>illud</span> <span class='ocrx_word' id='word_1_738' title='bbox 4237 4683 4638 4754; x_wconf 82' lang='lat' dir='ltr'>Ciceronis:</span> 
     </span>
     <span class='ocr_line' id='line_1_108' title="bbox 2636 4765 4645 4858; baseline 0.003 -28"><span class='ocrx_word' id='word_1_739' title='bbox 2636 4766 2887 4831; x_wconf 84' lang='lat' dir='ltr'>Facere</span> <span class='ocrx_word' id='word_1_740' title='bbox 2922 4767 3097 4831; x_wconf 90' lang='lat' dir='ltr'>enim</span> <span class='ocrx_word' id='word_1_741' title='bbox 3134 4766 3319 4831; x_wconf 88' lang='lat' dir='ltr'>fortis</span> <span class='ocrx_word' id='word_1_742' title='bbox 3360 4765 3735 4832; x_wconf 87' lang='lat' dir='ltr'>adolescens</span> <span class='ocrx_word' id='word_1_743' title='bbox 3778 4766 4157 4849; x_wconf 88' lang='lat' dir='ltr'>periculose,</span> <span class='ocrx_word' id='word_1_744' title='bbox 4211 4791 4437 4853; x_wconf 87' lang='lat' dir='ltr'>quam</span> <span class='ocrx_word' id='word_1_745' title='bbox 4487 4794 4645 4858; x_wconf 76' lang='lat' dir='ltr'>per-</span> 
     </span>
     <span class='ocr_line' id='line_1_109' title="bbox 2636 4849 4237 4937; baseline 0.002 -21"><span class='ocrx_word' id='word_1_746' title='bbox 2636 4853 2772 4935; x_wconf 90' lang='lat' dir='ltr'>peti</span> <span class='ocrx_word' id='word_1_747' title='bbox 2817 4849 3061 4934; x_wconf 88' lang='lat' dir='ltr'>aliquid</span> <span class='ocrx_word' id='word_1_748' title='bbox 3105 4852 3392 4935; x_wconf 84' lang='lat' dir='ltr'>turpiter</span> <span class='ocrx_word' id='word_1_749' title='bbox 3432 4851 3685 4917; x_wconf 88' lang='lat' dir='ltr'>maluit.</span> <span class='ocrx_word' id='word_1_750' title='bbox 3775 4852 3868 4917; x_wconf 86' lang='lat' dir='ltr'>Et</span> <span class='ocrx_word' id='word_1_751' title='bbox 3908 4851 4237 4937; x_wconf 87' lang='lat' dir='ltr'>Vergilii:</span> 
     </span>
    </p>

    <p class='ocr_par' dir='ltr' id='par_1_16' title="bbox 2844 4936 4274 5011">
     <span class='ocr_line' id='line_1_110' title="bbox 2844 4936 4274 5011; baseline 0.003 -21"><span class='ocrx_word' id='word_1_752' title='bbox 2844 4936 3053 4991; x_wconf 84' lang='lat' dir='ltr'>Tantae</span> <span class='ocrx_word' id='word_1_753' title='bbox 3090 4937 3249 4991; x_wconf 90' lang='lat' dir='ltr'>molis</span> <span class='ocrx_word' id='word_1_754' title='bbox 3285 4945 3404 4991; x_wconf 84' lang='lat' dir='ltr'>erat</span> <span class='ocrx_word' id='word_1_755' title='bbox 3438 4953 3716 5011; x_wconf 78' lang='lat' dir='ltr'>romanam</span> <span class='ocrx_word' id='word_1_756' title='bbox 3752 4938 3984 4993; x_wconf 87' lang='lat' dir='ltr'>condere</span> <span class='ocrx_word' id='word_1_757' title='bbox 4021 4945 4274 5007; x_wconf 80' lang='lat' dir='ltr'>gentem.</span> 
     </span>
    </p>

    <p class='ocr_par' dir='ltr' id='par_1_17' title="bbox 2634 5020 4648 5278">
     <span class='ocr_line' id='line_1_111' title="bbox 2636 5020 4646 5104; baseline 0.006 -16"><span class='ocrx_word' id='word_1_758' title='bbox 2636 5020 2861 5104; x_wconf 77' lang='lat' dir='ltr'>Quum</span> <span class='ocrx_word' id='word_1_759' title='bbox 2927 5032 3302 5087; x_wconf 88' lang='lat' dir='ltr'>enarrasset</span> <span class='ocrx_word' id='word_1_760' title='bbox 3363 5021 3803 5090; x_wconf 86' lang='lat' dir='ltr'>Octavianum</span> <span class='ocrx_word' id='word_1_761' title='bbox 3879 5022 4258 5091; x_wconf 85' lang='lat' dir='ltr'>intendisse</span> <span class='ocrx_word' id='word_1_762' title='bbox 4347 5030 4646 5099; x_wconf 87' lang='lat' dir='ltr'>insidias</span> 
     </span>
     <span class='ocr_line' id='line_1_112' title="bbox 2634 5106 4648 5195; baseline 0.006 -22"><span class='ocrx_word' id='word_1_763' title='bbox 2634 5109 2812 5173; x_wconf 88' lang='lat' dir='ltr'>vitae</span> <span class='ocrx_word' id='word_1_764' title='bbox 2855 5106 3171 5186; x_wconf 89' lang='lat' dir='ltr'>consulis,</span> <span class='ocrx_word' id='word_1_765' title='bbox 3218 5109 3690 5192; x_wconf 88' lang='lat' dir='ltr'>rempublicam</span> <span class='ocrx_word' id='word_1_766' title='bbox 3743 5111 3945 5175; x_wconf 89' lang='lat' dir='ltr'>armis</span> <span class='ocrx_word' id='word_1_767' title='bbox 4046 5109 4330 5180; x_wconf 82' lang='lat' dir='ltr'>ulsasse</span> <span class='ocrx_word' id='word_1_768' title='bbox 4347 5168 4366 5195; x_wconf 88' lang='lat'>‚</span> <span class='ocrx_word' id='word_1_769' title='bbox 4428 5119 4648 5187; x_wconf 89' lang='lat' dir='ltr'>fuisse</span> 
     </span>
     <span class='ocr_line' id='line_1_113' title="bbox 2637 5193 4647 5278; baseline 0.007 -20"><span class='ocrx_word' id='word_1_770' title='bbox 2637 5193 2880 5258; x_wconf 85' lang='lat' dir='ltr'>civium</span> <span class='ocrx_word' id='word_1_771' title='bbox 2923 5195 3430 5278; x_wconf 88' lang='lat' dir='ltr'>proscriptorem</span> <span class='ocrx_word' id='word_1_772' title='bbox 3445 5247 3460 5275; x_wconf 94' lang='lat'>,</span> <span class='ocrx_word' id='word_1_773' title='bbox 3507 5203 3575 5261; x_wconf 90' lang='lat' dir='ltr'>et</span> <span class='ocrx_word' id='word_1_774' title='bbox 3614 5215 3791 5261; x_wconf 90' lang='lat' dir='ltr'>nunc</span> <span class='ocrx_word' id='word_1_775' title='bbox 3836 5194 3947 5261; x_wconf 88' lang='lat' dir='ltr'>diu</span> <span class='ocrx_word' id='word_1_776' title='bbox 4038 5216 4075 5261; x_wconf 90' lang='lat' dir='ltr'>e</span> <span class='ocrx_word' id='word_1_777' title='bbox 4116 5209 4366 5267; x_wconf 85' lang='lat' dir='ltr'>morte</span> <span class='ocrx_word' id='word_1_778' title='bbox 4415 5204 4647 5271; x_wconf 90' lang='lat' dir='ltr'>homi-</span> 
     </span>
    </p>
   </div>
   <div class='ocr_carea' id='block_1_7' title="bbox 4908 1873 4915 3703">
    <p class='ocr_par' dir='ltr' id='par_1_18' title="bbox 4908 1873 4915 3703">
     <span class='ocr_line' id='line_1_114' title="bbox 4908 1873 4915 3703; baseline 0 0"><span class='ocrx_word' id='word_1_779' title='bbox 4908 1873 4915 3703; x_wconf 95' lang='lat' dir='ltr'> </span> 
     </span>
    </p>
   </div>
  </div>
 </body>
</html>
