4984 5975
356 331 464 393 189
800 342 805 351 ·
1321 404 1334 421 .
1867 271 2822 397 PsYoHoPANNchA.
4235 336 4356 398 190

351 517 562 582 hostes
603 516 964 597 domestici,
1012 540 1239 584 eorum
1291 540 1519 603 pacem
1562 517 1942 668 infestanti)
1965 519 2297 589 exuerint:

351 610 499 667 tunc
547 622 711 667 vero
757 603 1025 669 demum
1070 607 1510 687 acquiescunt,
1550 612 1617 669 et
1660 603 1834 686 apud
1946 624 2095 668 eum
2141 604 2302 668 resi-

353 688 512 754 dent.
606 687 721 755 Sic
766 690 943 755 enim
986 686 1276 773 loquitur
1318 690 1636 774 propheta
1681 691 1835 775 (Ies.
1866 693 1966 766 57,
1997 689 2091 773 1):
2152 689 2299 754 Ius-

351 783 451 840 tus
493 775 699 857 perit,
746 788 812 839 et
856 796 989 840 non
1031 784 1134 841 est
1166 778 1277 860 qui
1320 776 1635 860 recogitet
1670 776 1757 839 ’in
1793 775 1986 840 corde
2029 797 2173 839 suo:
2232 782 2299 839 et

352 860 473 927 viri
512 860 999 926 misericordiae
1034 861 1458 944 colliguntur:
1497 882 1537 925 a
1583 862 1746 927 facie
1790 862 1967 926 enim
2011 860 2297 924 malitiae

353 942 649 1012 collectus
686 954 788 1011 est
819 949 1052 1013 iustus.
1114 948 1361 1013 Veniat
1395 967 1557 1031 pax:
1597 948 1965 1030 requiescat
1998 947 2069 1009 in
2104 944 2299 1012 cubili

354 1053 488 1109 suo,
546 1033 662 1114 6111
718 1030 1085 1100 ambulavit
1133 1034 1202 1098 16
1260 1032 1612 1098 directione
1668 1054 1804 1097 sua.
1896 1033 2137 1097 Annon
2187 1054 2296 1097 eos

354 1115 428 1182 ad
468 1138 699 1200 pacem
735 1126 942 1197 vocat,
981 1120 1219 1201 quibus
1302 1142 1387 1184 ax
1422 1121 1636 1184 fuerat
1675 1117 2072 1183 domestica?
2162 1116 2297 1183 Sed

355 1202 511 1286 quia·
534 1203 669 1268 illis
703 1223 835 1287 pax
857 1205 1076 1269 fuerat
1109 1222 1237 1288 apu
1305 1203 1544 1283 Deum,
1575 1224 1802 1287 pugna
1834 1224 1982 1267 cum
2018 1201 2294 1268 mundo:

353 1309 451 1353 eos
477 1288 666 1353 ducit
699 1290 768 1353 in
806 1289 1103 1354 altiorem
1126 1289 1406 1373 gradum
1442 1291 1638 1372 pacis.
1694 1288 1851 1353 ldeo
1873 1288 2179 1355 Ezechiel
2206 1291 2294 1372 (l,

356 1375 457 1458 28)
484 1381 555 1439 61
580 1374 865 1440 Ioannes
902 1377 1136 1460 (Apoc.
1176 1383 1236 1453 4,
1278 1380 1364 1456 3),
1410 1397 1613 1459 6116111
1656 1375 1908 1441 vellent
1931 1374 2295 1442 describere

354 1459 661 1524 thronum
707 1461 953 1544 gloriae
995 1463 1155 1540 Dei,
1201 1461 1613 1528 circumdant
1656 1482 1807 1526 eum
1852 1460 2052 1539 iride,
2099 1482 2293 1542 quam

355 1547 589 1612 scimus
649 1568 792 1612 esse
849 1549 1111 1630 signum
1145 1547 1433 1612 foederis
1461 1549 1635 1612 inter
1659 1545 1877 1611 Deum
1907 1554 1975 1611 et
1996 1545 2294 1610 homines

386 1631 548 1696 Gen.
598 1638 654 1710 9,
700 1636 826 1712 13).
919 1632 1114 1713 Quod
1152 1633 1279 1697 alio
1324 1633 1466 1698 loco
1500 1632 1742 1697 clarius
1789 1630 1966 1695 idem
2008 1631 2294 1696 Ioannes

398 1718 594 1783 ocuit:
640 1717 850 1797 Beati,
895 1719 1111 1801 inquit
1155 1722 1387 1802 (Apoc.
1440 1724 1537 1797 14,
1590 1718 1718 1801 13),
1764 1718 2024 1795 mortui,
2071 1719 2181 1801 qui
2223 1717 2294 1780 in

355 1801 628 1868 Domino
672 1805 1059 1869 moriuntur.
1151 1807 1215 1868 A
1253 1804 1447 1869 modo
1492 1806 1624 1869 iam
1662 1803 1819 1868 dicit
1853 1803 2141 1885 spiritus,
2191 1823 2294 1868 re-

354 1890 686 1971 quiescant
711 1890 759 1974 ¹)
816 1911 857 1954 a
909 1888 1240 1954 laboribus
1295 1891 1459 1968 suis,
1519 1899 1637 1956 etc.
1726 1889 1858 1955 Hic
1910 1889 2115 1972 igitur
2155 1889 2295 1971 ipse

355 1982 442 2039 est
498 1975 684 2041 sinus
727 1975 1051 2040 Abrahae.
1141 1976 1294 2058 Ipse
1347 1976 1525 2041 enim
1586 1986 1688 2041 est
1739 1976 1852 2057 qui
1908 1975 2294 2057 promissam

355 2060 464 2125 sibi
498 2061 573 2124 in
614 2081 733 2125 suo
760 2062 1006 2125 semine
1030 2060 1570 2139 benedictionem,
1608 2062 1701 2124 ita
1734 2068 2038 2143 prompto
2073 2059 2294 2124 animo

354 2145 726 2228 complexus
771 2155 899 2225 est,
957 2154 1035 2210 ut
1088 2146 1259 2210 nihil
1316 2146 1745 2225 dubitaverit,
1802 2146 1961 2228 quin
2017 2143 2295 2210 verbum

354 2230 467 2297 Dei
504 2232 719 2297 virtus
742 2240 914 2297 esset
933 2252 1009 2297 ac
1042 2232 1307 2299 veritas.
1374 2233 1468 2298 Et
1498 2232 1685 2314 quasi
1705 2232 1840 2296 iam
1879 2252 2075 2313 opere
2109 2229 2295 2294 Deus

354 2317 753 2401 implevisset
807 2318 978 2401 quod
1033 2319 1448 2401 promiserat,
1504 2339 1730 2383 semen
1783 2317 1945 2381 illud
1988 2315 2295 2402 benedic-

354 2411 506 2483 tum,
552 2423 688 2468 non
730 2404 950 2469 minus
982 2412 1163 2468 certa
1187 2403 1315 2468 fide
1350 2404 1774 2485 exspectavit,
1821 2423 2018 2485 quam
2055 2403 2113 2465 si
2154 2423 2295 2466 ma-

354 2488 539 2554 nibus
584 2496 1083 2567 contrectasset,
1150 2509 1225 2554 ac
1278 2490 1578 2554 omnibus
1628 2489 1831 2553 animi
1884 2488 2295 2570 corporisque

356 2574 643 2640 sensibus
685 2577 1100 2658 percepisset.
1191 2576 1422 2658 Itaque
1457 2576 1902 2640 testimonium
1946 2572 2165 2638 reddit
2196 2572 2294 2636 illi

353 2657 668 2726 Dominus
711 2667 963 2742 noster,
1010 2661 1181 2744 quod
1240 2660 1488 2727 viderit·
1535 2660 1710 2725 diem
1754 2681 1952 2726 suum
1995 2667 2063 2725 et
2106 2660 2288 2743 gavi-

353 2767 452 2811 sus
496 2746 585 2810 sit
628 2747 880 2824 (Ioann.
927 2752 998 2826 8,
1046 2749 1177 2831 56).
1265 2746 1373 2811 Ε6
1417 2767 1547 2830 pax
1590 2747 1916 2824 Abrahae,
1962 2767 2045 2810 en
2089 2746 2290 2828 quies,

353 2853 426 2896 en
470 2852 770 2897 somnus:
808 2832 1001 2897 modo
1043 2855 1175 2897 non
1221 2833 1555 2915 polluatur
1595 2832 1783 2897 foedo
1826 2833 2102 2895 istorum
2143 2829 2293 2894 dor·
2332 2876 2337 2889 ,

352 2918 721 2982 16116611616
778 2940 889 2983 616
944 2919 1295 2984 honestum
1350 2938 1608 2983 nomen.
1701 2916 1878 3000 Quid
1922 2918 2099 2982 enim
2144 2936 2292 2980 sua-

352 3004 492 3070 vius
516 3013 734 3089 potest
754 3004 994 3070 11611616
1024 3007 1423 3071 66666166116
1449 3006 1521 3069 16
1567 3026 1694 3088 6116
1739 3025 1966 3069 666616
2002 3003 2293 3085 acquies-

350 3099 471 3168 cat,
531 3092 652 3156 hac
713 3111 903 3174 pace:
949 3113 1116 3174 quae
1169 3092 1268 3156 illi
1315 3090 1611 3156 coelestis
1654 3091 1905 3174 gratiae
1948 3090 2293 3154 thesauros

350 3178 568 3258 aperit,
597 3197 764 3259 quae
791 3175 1134 3242 dulcedine
1160 3177 1379 3244 calicis
1402 3176 1675 3241 Domini
1698 3174 2022 3242 inebriat?
2093 3174 2289 3255 Quid,

350 3280 387 3325 o
406 3259 912 3340 dormitabundi,
938 3284 1143 3344 quum
1179 3263 1416 3329 auditis
1453 3261 1854 3340 ebrietatem,
1897 3281 2118 3326 annon
2148 3281 2293 3326 ver-

350 3347 613 3432 tiginem
658 3349 888 3431 capitis
902 3399 917 3426 ,
979 3348 1405 3434 gravedinem
1419 3400 1435 3427 ,
1490 3369 1783 3414 crassum
1835 3347 2292 3430 carnalemque

350 3453 643 3498 somnum
685 3442 983 3500 vestrum
1018 3433 1362 3519 cogitatis?
1451 3434 1639 3499 Haec
1682 3434 1859 3497 enim
1906 3432 2292 3497 ebrietatem

348 3528 707 3603 sequuntur
748 3520 1173 3585 incommoda.
1252 3520 1435 3585 Haec
1486 3541 1603 3586 vos
1647 3518 1910 3602 quidem
1925 3569 1942 3596 ,
1979 3538 2101 3600 pro
2144 3535 2289 3582 ves·

348 3611 447 3669 tra
485 3607 810 3671 crassitie:
867 3612 937 3669 at
982 3607 1365 3691 intelligunt
1415 3605 1808 3670 theodidacti
1828 3656 1842 3682 ,
1912 3603 2140 3669 eodem
2193 3602 2291 3666 di-

347 3691 527 3756 cendi
568 3712 696 3756 usu
741 3712 1048 3772 somnum
1090 3695 1330 3771 vocari,
1368 3691 1918 3775 tranquillitatem
1955 3690 2290 3755 conscien-

348 3777 498 3856 tiae,
543 3798 741 3859 quam
782 3778 1118 3843 Dominus
1175 3779 1311 3844 suis
1368 3778 1651 3861 largitur
1706 3776 1779 3840 in
1836 3775 2025 3841 domo
2079 3776 2289 3859 pacis:

345 3881 469 3944 quo
513 3869 630 3943 [fol.
676 3868 780 3943 12]
817 3863 1101 3930 ebrietas
1123 3863 1464 3929 affluentia
1507 3863 1766 3938 dicitur,
1814 3883 1941 3944 qua
1964 3862 2291 3926 Dominus

345 3969 494 4014 suos
526 3950 724 4014 satiat
756 3949 827 4013 in
863 3947 1053 4014 domo
1091 3950 1479 4033 opulentiae.
1570 3947 1648 4014 Si
1688 3947 2027 4014 Abraham
2062 3967 2292 4029 pacem

342 4031 508 4100 hanc
548 4034 855 4119 possedit,
890 4035 1149 4101 medius
1183 4034 1399 4100 adhuc
1432 4035 1608 4100 inter
1641 4035 1932 4100 hostium
1965 4034 2289 4111 incursus,

342 4117 613 4204 labores,
654 4118 1052 4200 discrimina,
1099 4123 1233 4186 imo
1274 4122 1493 4186 ferens
1537 4141 1757 4186 secum
1794 4138 1982 4184 suam
2005 4138 2289 4196 carnem,

340 4204 592 4272 hostem
628 4206 1054 4272 domesticum
1090 4228 1218 4290 quo
1251 4206 1423 4271 nihil
1456 4214 1557 4272 est
1594 4205 2046 4288 perniciosius:
2083 4224 2291 4286 quan-

341 4297 479 4356 tam
516 4301 827 4376 putamus
870 4293 1010 4358 eius
1063 4313 1290 4376 pacem
1308 4345 1322 4370 ,
1368 4293 1480 4358 ubi
1532 4299 1725 4356 extra
1767 4290 2053 4356 hostium
2096 4291 2287 4368 ictus,

341 4376 747 4462 telorumque
792 4379 1001 4444 iactus
1055 4377 1388 4444 evolavit?
1477 4378 1766 4443 Miretur
1807 4397 1988 4441 nunc
2033 4374 2287 4457 aliquis,

340 4483 460 4528 cur
500 4466 903 4547 requiescere
941 4464 1013 4529 in
1049 4465 1201 4529 sinu
1225 4464 1533 4531 Abrahae
1579 4463 1883 4529 dicantur
1925 4460 2116 4526 electi
2140 4461 2287 4540 Dei,

338 4549 451 4632 qui
494 4571 575 4615 ex
611 4551 735 4615 hac
768 4551 910 4617 vita
953 4549 1295 4616 ad‘Deum
1332 4571 1526 4615 suum
1559 4549 1994 4614 transierunt:
2032 4568 2286 4630 nempe,

339 4634 513 4716 quod
553 4638 624 4702 in
668 4635 825 4700 sede
865 4638 1043 4719 pacis
1086 4636 1493 4719 recipiuntur
1526 4656 1674 4701 cum
1719 4632 2059 4699 Abraham
2101 4642 2288 4715 patre

338 4719 647 4800 fidelium,
692 4722 805 4786 ubi
856 4722 1002 4787 Deo
1043 4722 1362 4788 fruuntur
1401 4722 1485 4787 ad
1518 4721 1907 4796 satietatem,
1951 4719 2119 4784 citra
2158 4720 2287 4783 sas-

339 4804 589 4872 tidium.
680 4805 1124 4888 Quamobrem
1138 4861 1154 4888 ,
1210 4830 1343 4873 non
1388 4807 1505 4874 abs
1560 4828 1633 4872 re
1677 4805 2091 4890 Augustinus
2122 4823 2286 4885 quo-

338 4887 493 4956 dam
523 4892 692 4959 loco:
714 4895 772 4977 2)
811 4891 1399 4975 Quemadmodum,
1440 4895 1675 4977 inquit,
1711 4895 1909 4958 finem
1947 4887 2285 4954 beatorum

336 4977 741 5060 appellamus
772 4981 980 5046 vitam
1011 4989 1367 5060 aeternam,
1403 4982 1495 5045 ita
1525 4999 1875 5063 possumus
1910 4995 2145 5042 vocare
2168 4995 2285 5058 pa-

484 5251 539 5318 1)
575 5261 635 5307 ut
668 5254 1029 5322 requiescant,
1065 5249 1202 5306 15⁶2
1223 5265 1365 5320 seqq.
1503 5249 1565 5318 2)
1601 5251 1684 5307 De
1721 5253 1861 5307 civit.
1884 5250 1987 5306 Dei
2024 5250 2113 5306 lib.
2136 5250 2285 5306 m.

2402 540 2564 585 cem.
2653 518 2842 583 Nihil
2886 521 3064 585 enim
3107 521 3345 587 melius
3389 512 3564 587 dare'
3588 530 3848 605 potest,¹
3881 522 3991 605 qui
4030 520 4200 585 nihil
4243 527 4358 586 aut

2400 604 2617 669 maius
2661 612 2777 670 aut
2813 605 3050 671 melius
3095 628 3165 672 se
3207 607 3353 688 ipso
3399 607 3556 673 dare
3599 615 3829 690 potest,
3875 607 3986 690 qui
4029 607 4213 672 Deus
4255 614 4358 673 est

2401 691 2599 772 pacis.
2689 690 2975 757 Posthac
3020 714 3194 777 erg0,
3232 713 3434 775 quum
3481 693 3562 759 de
3598 694 3747 757 sinu
3789 692 4098 758 Abrahae
4141 713 4357 759 sermo

2400 777 2536 855 fiet,
2593 797 2724 840 non
2769 779 3032 859 rapiant
3075 778 3160 843 ad
3203 800 3396 843 suum
3442 799 3772 844 somnum:
3800 778 3850 863 ι)
3894 778 4200 861 quoniam
4245 768 4355 843 66-

2402 882 2555 925 rum
2594 863 2956 935 vanitatem
3001 865 3224 948 arguit
3275 885 3350 929 ac
3405 866 3738 931 convincit
3779 864 4140 947 scripturae
4181 865 4355 929 veri·

2402 955 2523 1011 tas.
2612 947 2755 1025 Est,
2801 950 3099 1032 inquam,
3145 951 3400 1032 requies
3443 950 3586 1027 illa,
3634 950 3928 1015 coelestis
3967 949 4353 1027 Ierusalem,

2402 1031 2528 1098 hoc
2570 1041 2670 1097 est
2703 1035 2874 1100 visio
2914 1036 3125 1117 pacis:
3170 1037 3238 1100 in
3274 1057 3403 1118 qua
3433 1036 3620 1101 Deus
3649 1037 3827 1118 pacis
3865 1034 3978 1099 dat
4019 1057 4096 1112 se,
4123 1033 4354 1099 viden-

2403 1117 2562 1183 dum
2599 1119 2735 1184 suis
2768 1122 3074 1202 666111616,
3120 1121 3311 1186 iuxta
3343 1120 3596 1187 Christi
3641 1122 4036 1203 promissum
4079 1120 4352 1203 (Matth.

2403 1210 2472 1283 5,
2523 1210 2561 1267 8
2612 1207 2746 1284 ss.).
2839 1205 3115 1286 Quoties
3169 1216 3390 1271 autem
3446 1207 3648 1271 huius
3703 1208 3882 1289 pacis
3939 1206 4240 1270 meminit
4281 1207 4355 1270 16

2402 1292 2606 1369 sacris
2661 1291 2871 1356 literis
2929 1293 3230 1375 spiritus,
3290 1293 3452 1357 adeo
3497 1291 3906 1357 familiariter
3949 1292 4161 1356 utitur
4204 1292 4354 1355 dor-

2399 1376 2646 1440 miendi
2685 1384 2760 1455 et
2802 1377 3176 1459 quiescendi
3219 1387 3438 1460 trop0‚
3491 1386 3572 1442 ut
3621 1377 3790 1441 nihil
3845 1378 3933 1442 sit
3985 1379 4194 1461 magis
4240 1378 4353 1442 ob-

2399 1462 2600 1526 vium:
2698 1462 3185 1547 Exsultabunt,
3247 1463 3465 1546 inquit
3515 1462 3738 1529 David
3796 1462 4001 1545 (Psal.
4063 1467 4203 1541 149,
4261 1463 4352 1547 5),

2400 1547 2614 1611 666611
2657 1548 2776 1627 tui,
2817 1548 3245 1615 laetabuntur
3287 1550 3358 1613 in
3401 1547 3720 1615 cubilibus
3756 1549 3908 1614 suis.
3975 1548 4166 1612 Alter
4197 1568 4353 1614 vero

2398 1632 2555 1714 (Ies.
2607 1637 2708 1713 26,
2753 1639 2828 1697 19
2866 1632 3014 1718 66.);
3072 1634 3328 1701 Vivent
3382 1637 3626 1700 mortui
3685 1635 3811 1713 tui,
3869 1634 4198 1699 interfecti
4253 1636 4354 1698 tui

2401 1726 2766 1802 resurgent.
2864 1721 3425 1805 Expergiscimini
3442 1772 3458 1799 ,
3519 1730 3587 1785 et
3639 1719 3901 1785 laudate
3956 1719 4356 1784 habitatores

2399 1803 2718 1886 pulveris:
2764 1806 2918 1888 quia
2962 1828 3068 1871 ros
3111 1815 3447 1889 pratorum
3492 1826 3599 1871 ros
3643 1814 3815 1884 tuus,
3863 1813 3930 1869 et
3963 1816 4209 1869 terram
4255 1806 4353 1888 gi-

2402 1897 2680 1973 gantum
2716 1890 3024 1957 detrahes
3066 1893 3136 1956 in
3180 1892 3463 1957 ruinam.
3527 1891 3716 1956 Vade
3750 1891 3986 1976 popule
4021 1890 4133 1969 mi,
4178 1892 4357 1955 intra

2402 1976 2469 2039 in
2513 1976 2934 2043 tabernacula
2974 1986 3111 2057 tua,
3158 1976 3390 2065 claude
3433 1978 3601 2042 ostia
3655 1984 3770 2042 tua
3823 1996 4023 2060 super
4065 1983 4148 2055 te,
4206 1975 4352 2042 abs-

2402 2060 2682 2131 condere
2726 2062 2811 2126 ad
2855 2062 3217 2141 modicum,
3267 2062 3470 2129 donec
3513 2072 3929 2146 pertranseat
3968 2061 4350 2145 indignatio.

2401 2144 2584 2225 Quin
2638 2145 2946 2213 hebraica
3001 2149 3233 2233 lingua
3289 2149 3412 2213 hoc
3455 2149 3731 2213 verbum
3774 2156 4053 2232 usurpat
4095 2145 4180 2212 ad
4223 2148 4354 2231 sig-³

2399 2231 2841 2297 nificationem
2881 2234 3174 2299 cuiusvis
3210 2235 3582 2299 securitatis
3625 2256 3702 2299 ac
3743 2233 4044 2298 fiduciae.
4133 2231 4355 2299 David
4461 2256 4478 2271 ⁸

2400 2336 2693 2381 rursum:
2752 2318 2833 2382 In
2886 2339 3047 2400 paco
3099 2320 3173 2383 in
3216 2318 3284 2383 id
3327 2320 3548 2402 ipsum
3592 2318 3916 2383 dormiam
3958 2325 4027 2383 et
4065 2319 4356 2400 requies-

2399 2423 2544 2467 cam
2589 2402 2793 2485 (Psal.
2832 2409 2892 2483 4,
2932 2403 3021 2488 9).
3123 2405 3218 2468 Et
3261 2404 3581 2488 propheta
3630 2401 3835 2485 (Osee
3871 2408 3940 2481 2,
3981 2404 4121 2489 20):
4188 2404 4353 2468 Per-

2400 2488 2641 2552 cutiam
2694 2487 2921 2554 foedus
2978 2490 3048 2554 in
3103 2489 3208 2554 die
3263 2490 3380 2555 illa
3432 2511 3583 2555 cum
3639 2489 3847 2555 bestia
3898 2489 4042 2572 agri
4094 2495 4161 2552 et
4202 2508 4354 2554 cum
4416 2556 4421 2573 ‚

2397 2573 2663 2640 volucre
2706 2574 2895 2654 coeli,
2944 2582 3011 2640 et
3053 2597 3204 2641 cum
3245 2576 3466 2659 reptili
3509 2581 3752 2640 terrae:
3801 2595 4055 2653 arcum,
4099 2581 4169 2639 et
4209 2573 4351 2661 gla-

2399 2658 2601 2738 dium,
2649 2667 2718 2724 et
2760 2660 3006 2726 bellum
3048 2668 3381 2726 conteram
3425 2658 3507 2726 de
3549 2667 3756 2725 terra:
3804 2668 3871 2724 et
3912 2660 4197 2725 dormire
4240 2679 4352 2724 eos

2396 2745 2633 2810 faciam
2689 2746 2932 2829 absque
2985 2754 3252 2812 terrore.
3345 2747 3564 2812 Moses
3608 2768 3765 2812 vero
3821 2746 4066 2832 (Levit.
4109 2749 4209 2823 26,
4250 2746 4348 2823 6):

2395 2831 2587 2897 Dabo
2633 2852 2855 2914 pacem
2902 2834 2973 2897 in
3014 2831 3255 2897 finibus
3301 2832 3570 2911 vestris,
3629 2840 3699 2895 et
3740 2853 3872 2896 non
3917 2832 4044 2896 erit
4084 2831 4195 2913 qui
4237 2851 4351 2895 ex-

2396 2925 2660 2981 terreat.
2728 2918 2813 2982 In
2845 2917 3012 2983 libro
3040 2939 3200 2984 vero
3232 2919 3376 2983 Iob:
3423 2919 3516 2983 Et
3551 2918 3823 2983 habebis
3859 2917 4170 2981 fiduciam
4203 2936 4353 3000 pro-

2396 3004 2608 3086 posita
2664 3004 2784 3070 tibi
2838 3025 2986 3089 spe,
3045 3013 3113 3070 et
3166 3004 3459 3072 defossus
3511 3003 4125 3090 securusdormies.
4214 3003 4350 3067 Re-

2394 3090 2717 3172 quiesces,
2763 3097 2830 3155 et
2870 3112 3006 3156 non
3049 3091 3178 3155 erit
3218 3092 3334 3174 qui
3376 3098 3734 3169 exterreat,
3789 3098 3858 3154 et
3901 3086 4350 3172 deprecabun-

2396 3183 2507 3239 tur
2556 3176 2790 3242 faciem
2845 3185 3030 3242 tuam
3085 3177 3352 3262 plurimi
3408 3174 3575 3260 (Iob.
3625 3180 3718 3254 11,
3763 3175 3890 3260 18).
3982 3174 4192 3240 Cuius
4248 3174 4346 3238 rei

2394 3282 2516 3325 nos
2550 3261 2838 3326 latinum
2878 3283 3135 3346 quoque
3177 3261 3598 3345 proverbium
3642 3262 3980 3326 admonet:
4035 3259 4348 3325 Dormire

2395 3347 2465 3411 in
2509 3353 2860 3430 utramque
2914 3368 3171 3426 aurem,
3230 3369 3348 3431 616
3407 3367 3633 3412 666616
3689 3367 3904 3430 agere.
3989 3346 4349 3410 Dormiunt

2394 3433 2417 3497 i
2468 3433 2602 3496 'tur
2623 3440 2691 3496 et
2719 3453 2949 3515 pacem
2983 3432 3233 3498 habent
3252 3433 3618 3500 viventium
3651 3432 3927 3510 animae,
3962 3450 4126 3512 quae
4146 3427 4348 3495 verbo

2465 3519 2665 3582 omini
2717 3518 3184 3601 acquiescunt,
3218 3538 3341 3583 nec
3395 3518 3653 3602 praeire
3693 3516 3824 3583 Dei
3877 3517 3980 3581 sui
4020 3513 4349 3580 voluntati

2395 3603 2698 3686 cupiunt:
2748 3602 2861 3669 sed
2906 3625 3032 3687 quo
3073 3604 3188 3669 ille
3230 3603 3594 3683 vocaverit,
3646 3603 3831 3686 sequi
3870 3605 4167 3684 paratae,
4225 3597 4348 3663 sub

2396 3689 2542 3754 eius
2575 3709 2776 3754 manu
2820 3709 2891 3754 se
2936 3691 3293 3754 continent.
3361 3688 3556 3771 Quod
3590 3688 3720 3754 illis
3756 3692 4180 3771 praeceptum
4213 3692 4344 3749 est:

2396 3773 2475 3840 Si
2518 3796 2771 3840 moram
2814 3776 3044 3842 fecerit
3077 3776 3218 3840 eius
3252 3775 3497 3841 ‘veritas
3516 3826 3531 3853 ,
3571 3780 3877 3856 exspecta
3919 3770 4101 3834 illam
4140 3768 4342 3851 (11611.

2397 3863 2455 3940 2,
2494 3861 2585 3945 3).
2672 3860 2864 3940 Item,
2910 3861 2994 3926 In
3037 3882 3152 3944 spe
3197 3868 3264 3925 et
3304 3860 3565 3926 silentio
3610 3859 3735 3924 erit
3776 3852 4088 3922 fortitudo
4122 3861 4347 3920 vestra

2396 3944 2554 4030 (Ies.
2595 3951 2695 4025 30,
2741 3947 2865 4032 15).
2922 3945 3146 4028 Quum
3191 3953 3412 4011 autem
3463 3951 3845 4027 exspectent
3886 3939 4133 4024 aliquid
4173 3939 4347 4022 quod

2397 4052 2532 4097 non
2566 4031 2808 4130 vident,
2855 4041 2923 4099 et
2966 4030 3340 4098 desiderent
3371 4029 3545 4114 quod
3589 4050 3723 4093 non
3768 4027 4045 4093 habent:
4090 4032 4347 4093 constat
4399 4030 4412 4041 ⁶

2394 4137 2625 4202 pacem
2648 4127 2875 4183 eorum
2896 4139 3041 4184 esse
3074 4118 3538 4202 imperfectam.
3595 4115 3907 4192 Rursum,
3944 4133 4146 4196 quum
4167 4119 4346 4177 certo

2398 4208 2516 4282 [fol.
2561 4209 2664 4284 13]
2711 4225 2829 4269 exs
3016 4211 3093 4267 nt
3134 4202 3308 4287 quod
3351 4207 3762 4283 exspectant,
3810 4209 3876 4264 et
3915 4197 4045 4264 fide
4090 4196 4343 4264 deside·

2394 4299 2548 4354 rent
2587 4289 2761 4372 quod
2849 4289 3206 4355 csiderant:
3248 4289 3500 4354 clarum
3540 4293 3659 4365 est,
3706 4285 4001 4369 quietum
4043 4303 4185 4348 esse
4229 4281 4342 4346 de·

2394 4375 2726 4440 siderium.
2788 4375 2986 4441 Hanc
3023 4395 3251 4458 pacem
3294 4381 3493 4457 auget
3534 4380 3600 4437 et
3641 4373 3715 4437 in
3756 4369 3994 4434 melius
4036 4366 4346 4452 provehit

2394 4481 2601 4540 mors,
2658 4482 2827 4545 quae
2883 4462 3081 4527 huius
3134 4459 3367 4526 mundi
3411 4458 3649 4523 militia
3702 4455 3949 4521 solutos
3964 4505 3980 4533 ,
4037 4460 4105 4519 61
4158 4452 4344 4536 quasi

2393 4553 2830 4627 exautoratos,
2867 4547 3048 4614 ducit
3062 4547 3134 4611 in
3154 4545 3371 4611 locum
3389 4544 3600 4627 pacis:
3636 4543 3750 4607 ubi
3772 4539 3930 4606 dum
3964 4540 4088 4604 toti
4122 4541 4344 4604 animo

2391 4639 2458 4697 et
2497 4640 2764 4716 aspectu
2804 4634 2875 4698 in
2908 4633 3054 4698 Deo
3102 4632 3394 4708 haerent,
3439 4629 3609 4694 nihil
3643 4626 3891 4694 habent
3922 4624 4177 4704 melius,
4213 4644 4342 4707 quo

2392 4725 2699 4783 avertant
2749 4718 2970 4783 oculos
2984 4769 3001 4796 ‚
3058 4723 3175 4781 aut
3230 4713 3625 4780 desiderium
3681 4712 4043 4778 retrahant.
4132 4709 4342 4775 Deest

2390 4811 2617 4868 tamen
2661 4800 2874 4869 adhuc
2915 4800 3242 4886 quiddam,
3329 4798 3460 4865 uod
3500 4799 3727 4869 videre
3767 4798 4063 4883 cupiant:
4106 4813 4344 4894 6611166

2390 4909 2650 4954 66161116
2682 4896 2752 4954 61
2781 4889 3073 4973 perfecta
3102 4887 3230 4952 Dei
3262 4908 3308 4971 g
3331 4887 3488 4965 oria,
3526 4885 3612 4951 ad
3642 4905 3837 4969 quam
3875 4901 4136 4965 semper
4167 4899 4342 4962 6661-

2388 4984 2560 5041 rant.
2651 4974 2748 5040 Ut
2796 4974 2984 5039 nulla
3038 4973 3127 5037 sit
3181 4971 3314 5038 illis
3355 4972 3771 5055 impatientia
3813 4967 4133 5047 desiderii,
4178 4986 4342 5031 non-

2528 5247 2588 5314 1)
2609 5191 2905 5317 “somnium
2939 5245 3193 5302 mendose
3229 5243 3364 5300 1576
3399 5257 3539 5315 seqq.
