4984 5975
647 312 765 372 159

640 516 835 577 quem
893 494 1022 558 iam
1077 489 1520 557 membrorum
1569 491 2000 556 contentione
2066 490 2383 556 lassatum
2440 495 2589 569 [pag.

649 596 673 645 1
687 586 793 658 54]
838 582 1077 644 fluctus
1120 577 1433 642 hauriret.
1526 574 1859 659 Vergilius
1904 575 2234 641 Aeneidos
2275 575 2427 640 VL:

809 665 895 719 Da
930 664 1176 718 dextram
1211 663 1427 731 misero,
1463 668 1520 715 et
1553 670 1730 715 tecum
1766 677 1850 715 me
1887 661 2018 715 tolle
2055 677 2154 730 per
2188 661 2376 715 midas.

639 751 1035 834 Quanquam
1078 757 1145 813 et
1187 748 1311 812 hoc
1353 746 1696 829 reperitur.
1765 743 2220 825 Quintilianus
2256 744 2421 811 libro
2457 745 2590 810 IL:

639 839 735 904 Ut
779 835 1225 903 velocissimus
1278 831 1551 915 quisque
1612 831 1670 894 si
1710 830 1881 895 forte
1934 832 2060 895 iter
2112 851 2261 896 cum
2313 831 2591 913 parvulo

640 923 863 1000 faciat,
910 920 1021 985 det
1077 939 1381 997 manum,
1440 923 1508 981 et
1552 914 1830 999 gradum
1874 937 2069 981 suum
2125 916 2411 994 minuat,
2471 938 2591 983 nec

636 1006 948 1092 procedat
983 1006 1160 1071 ultra
1194 1025 1390 1088 quam
1423 1023 1639 1067 comos
1674 1002 1897 1084 possit.
1972 1001 2237 1084 Alioqui
2271 1001 2429 1067 dare
2451 1022 2592 1066 ma-

638 1115 800 1160 num
843 1100 946 1158 est
987 1091 1234 1157 cedere.

817 1178 961 1243 Non
1007 1178 1164 1242 hanc
1217 1171 1736 1255 contumeliosam]
1797 1172 2170 1238 Advertant
2222 1172 2330 1237 hic
2385 1174 2593 1238 nostri

641 1266 969 1342 homines,
1037 1283 1313 1346 quorum
1379 1258 1689 1342 permulti
1727 1257 1939 1342 ,longe
2025 1256 2265 1323 absunt
2328 1259 2409 1324 ab
2467 1258 2591 1323 hac

639 1352 1048 1417 ethnicorum
1103 1345 1646 1430 philosophorum
1698 1342 2232 1408 mansuetudine:
2310 1364 2472 1426 quos
2535 1344 2593 1410 si

638 1435 897 1521 quando
941 1434 1277 1517 contingat
1320 1433 1554 1514 stipem
1598 1431 1873 1512 pauperi
1917 1450 2204 1513 erogare,
2252 1429 2440 1512 quasi
2475 1451 2591 1513 pa-

639 1544 791 1587 mm
834 1522 920 1587 sit
961 1543 1044 1586 ex
1087 1539 1315 1584 eorum
1360 1516 1679 1600 dignitate
1721 1514 1792 1579 in
1834 1536 2105 1581 manum
2141 1513 2316 1594 dare,
2362 1525 2592 1581 contu-

642 1608 877 1673 meliae
920 1626 1114 1671 causa
1156 1603 1486 1670 abiiciunt.

819 1692 1090 1758 Catenas
1129 1690 1284 1757 solvi
1328 1686 1577 1769 iubebit]
1599 1686 1719 1751 ‘Ut
1763 1686 1819 1751 si
1865 1707 1904 1750 a
1947 1686 2177 1768 piratis
2220 1693 2449 1768 captus
2484 1687 2589 1766 sit,

642 1779 939 1854 redimet,
985 1785 1052 1841 et
1094 1785 1343 1841 asseret
1384 1776 1456 1838 in
1498 1771 1890 1837 libertatem.

817 1864 994 1929 Ludo
1016 1860 1261 1949 erimet]
1301 1862 1444 1925 Aut
1477 1856 1883 1942 gladiatorio,
1921 1863 2037 1921 aut
2057 1857 2408 1921 venatorio.
2476 1858 2592 1921 In-

646 1949 1088 2017 stituebantur
1129 1947 1307 2012 enim
1351 1946 1523 2010 servi
1539 1995 1554 2020 ,
1596 1942 1708 2007 alii
1751 1941 1835 2008 ad
1873 1943 2306 2020 venationem,
2354 1943 2470 2026 qui
2508 1942 2593 2007 ad

644 2058 774 2188 31⁶3?
777 2036 884 2186 ”2¹31
910 2023 1717 2199 v‘iffllssssffrffmmssffifffi
1740 2030 1970 2195 1323?
1970 2027 2230 2177 ¹2³1m‘32‘ip
2229 2036 2593 2180 3533ssss

644 2214 892 2272 rentur.
928 2142 1314 2270 gDimmmr
1367 2211 1589 2266 autem
1644 2199 2039 2283 gladiatores
2110 2219 2185 2265 ac
2249 2207 2595 2265 venatores

643 2292 800 2358 ludo
835 2291 1054 2367 eximi,
1092 2291 1199 2373 qui
1248 2310 1331 2354 ex
1365 2288 1481 2353 illa
1513 2285 1900 2351 necessitate
1947 2283 2330 2349 liberantur.
2397 2282 2592 2365 Quod

643 2380 842 2443 etiam
885 2399 926 2443 a
978 2375 1131 2441 ludo
1183 2375 1506 2440 redimere
1558 2371 1819 2437 dicitur.
1922 2368 2372 2451 Quintilianus
2424 2371 2592 2437 libro

643 2463 868 2528 vm:
911 2464 1004 2529 Ut
1058 2463 1130 2527 in
1185 2482 1337 2526 eum
1392 2480 1586 2544 quem
1640 2456 1902 2540 saepius
1945 2475 1987 2519 a
2025 2454 2183 2520 ludo
2224 2455 2594 2521 redemerat

646 2571 829 2616 soror
846 2601 861 2628 ,
918 2555 1223 2633 agentem
1292 2567 1441 2613 cum
1508 2564 1587 2609 ea
1639 2542 1933 2620 talionis,
2001 2541 2170 2623 quod
2242 2541 2593 2607 dormienti

644 2636 944 2720 pollicem
964 2633 1320 2700 recidisset.
1356 2632 1528 2696 Eras
1563 2628 1805 2712 dignus
1838 2634 1917 2690 ut
1954 2626 2230 2692 haberes
2264 2628 2592 2711 integram

641 2742 930 2786 manum.
1020 2717 1136 2785 Sic
1179 2718 1354 2783 enim
1395 2715 1677 2792 auditur,
1723 2720 1798 2777 ut
1839 2711 2267 2796 depugnares.

820 2805 1142 2876 Fortunae
1162 2799 1512 2887 intercedet]
1551 2800 1853 2864 Honesta
1885 2797 2246 2862 translatio.
2292 2798 2386 2863 Ut
2412 2799 2590 2862 enim

644 2890 1015 2957 consulibus
1038 2899 1106 2954 et
1125 2887 1534 2954 senatoribus
1557 2882 2051 2949 intercedebant
2084 2884 2348 2962 tribuni,
2385 2903 2590 2965 quum

645 2975 1049 3042 obsistebant
1083 2974 1232 3053 illis,
1274 2973 1331 3038 si
1373 2970 1628 3056 plebem
1673 2966 1982 3034 insolenti
2014 2968 2288 3051 imperio
2333 2988 2590 3052 preme-

647 3070 820 3127 rent:
876 3061 971 3124 ita
1025 3061 1323 3125 fortunae
1377 3055 1756 3132 intercedit,
1800 3054 1911 3137 qui
1931 3104 1946 3130 ,
2004 3064 2082 3118 ut
2123 3054 2323 3138 vulgo
2379 3054 2590 3137 loqui-

645 3167 828 3225 mur,
887 3165 957 3210 se
1011 3145 1308 3228 opponit,
1365 3152 1433 3208 et
1481 3143 1742 3208 obviam
1800 3140 1855 3203 it
1907 3139 2117 3218 casui,
2177 3149 2254 3205 ut
2309 3139 2592 3205 alterum

644 3239 916 3297 tueatur
957 3252 997 3295 a
1031 3231 1332 3295 fortunae
1375 3229 1631 3294 iniuria.
1699 3225 1959 3291 Plinius
2002 3226 2247 3290 iunior:
2297 3226 2591 3291 Interce-

645 3316 801 3383 dere
846 3318 1100 3382 casibus
1113 3368 1129 3395 ,
1176 3334 1518 3382 occursare
1559 3315 1876 3380 fortunae.
1966 3311 2295 3394 Exempla
2345 3312 2593 3395 passim

642 3411 996 3471 occurrunt
1048 3401 1221 3486 apud
1275 3401 1545 3467 Livium
1561 3452 1576 3479 ,
1637 3408 1704 3465 et
1756 3396 1934 3462 alios.
2023 3397 2174 3462 Non
2226 3396 2417 3462 video
2474 3417 2593 3462 cur

641 3491 961 3556 Erasmus
1018 3487 1328 3554 maluerit
1378 3487 1740 3552 interdicere
1794 3481 1968 3568 apud
2024 3482 2482 3566 Tranquillum
2520 3484 2591 3548 in

641 3577 783 3641 vita
833 3575 1082 3640 Tiberii
1134 3573 1243 3638 ubi
1301 3573 1484 3657 prius
1525 3569 1891 3636 intercedere
1946 3569 2286 3654 legebatur
2301 3620 2316 3646 ,
2366 3569 2441 3633 in
2484 3569 2591 3634 his

640 3661 891 3728 verbis:
937 3660 1163 3726 Etiam
1197 3660 1385 3744 virgo
1429 3658 1723 3723 Vestalis
1762 3655 2037 3720 fratrem
2074 3656 2326 3720 iniussu
2367 3655 2591 3738 populi

641 3747 1181 3830 triumphantem,
1227 3764 1495 3811 ascenso
1540 3743 1739 3809 simul
1782 3762 2001 3819 curru,
2042 3761 2247 3824 usque
2287 3742 2357 3805 in
2393 3741 2591 3824 Capi-

642 3833 873 3899 tolium
907 3840 1304 3915 prosequuta
1340 3839 1468 3896 est:
1507 3851 1591 3895 ne
1634 3840 1858 3895 vetare
1895 3841 2010 3892 aut
2044 3825 2450 3892 intercedere
2492 3827 2592 3892 fas

645 3918 948 4000 cuiquam
988 3917 1410 3982 tribunorum
1454 3924 1641 3981 esset.

832 4003 1090 4068 Vultum
1141 4023 1264 4067 non
1306 4003 1548 4068 deiiciet
1562 4052 1575 4079 ‚
1621 4021 1731 4067 nec
1765 3999 2075 4082 animam]
2125 3997 2318 4080 Quod
2363 3997 2594 4063 Cicero

647 4109 828 4153 nunc
872 4088 1167 4165 abiicere,
1203 4110 1380 4154 nunc
1417 4087 1762 4152 demittere
1798 4082 1975 4163 dicit,
2018 4085 2258 4150 Livius
2288 4083 2591 4168 defigere.

646 4173 851 4239 Libro
886 4172 1128 4254 primo:
1167 4170 1518 4238 Silentium
1556 4172 1747 4237 triste
1786 4192 1861 4235 ac
1901 4170 2098 4237 tacita
2132 4169 2461 4235 moestitia
2504 4171 2598 4233 ita

645 4258 875 4324 defixit
926 4259 1206 4335 animos,
1253 4274 1328 4323 ut
1379 4278 1538 4342 prae
1594 4269 1774 4323 metu
1828 4254 2013 4321 obliti
2064 4253 2222 4339 quid
2267 4255 2597 4338 relinque-

646 4352 817 4423 rent,
865 4342 1021 4425 quid
1065 4363 1284 4409 secum
1327 4346 1593 4422 ferrent,
1640 4342 1984 4410 deficiente
2026 4341 2317 4419 consilio,
2364 4350 2485 4406 eto.

820 4428 1161 4494 Imbecilles
1201 4429 1429 4512 acidos]
1475 4430 1671 4496 Facit
1713 4426 2208 4509 similitudinem
2246 4447 2287 4491 a
2329 4448 2597 4510 corpore

649 4513 733 4580 ad
776 4515 1085 4579 animum.
1176 4513 1253 4579 Si
1297 4521 1453 4579 sunt
1495 4515 1851 4581 imbecilles
1906 4514 2107 4591 oculi,
2155 4513 2267 4596 qui
2313 4512 2396 4578 ad
2440 4513 2598 4578 alie-

647 4621 807 4665 nam
849 4599 1310 4683 lippitudinem
1366 4600 1864 4681 suffunduntur,
1911 4621 2066 4685 ergo
2112 4608 2213 4662 est
2254 4598 2597 4664 imbecillis

650 4686 909 4751 animus
924 4737 939 4764 ,
1041 4684 1109 4749 ui
1167 4685 1250 4750 ad
1295 4685 1577 4750 alienam
1617 4686 1951 4752 miseriam
1995 4696 2300 4750 movetur
2340 4685 2597 4751 miseri-

649 4770 887 4837 cordia.
1048 4790 1123 4835 oc
1158 4780 1380 4835 tamen
1415 4773 1805 4837 naturaliter
1840 4771 2106 4837 evenire
2150 4769 2353 4836 tradit
2395 4770 2599 4835 Alex-

651 4856 857 4923 ander
902 4855 1351 4940 Aphrodiseus
1391 4858 1461 4920 in
1485 4857 1877 4922 Problemat.
1925 4859 2081 4942 quia
2107 4855 2277 4922 oculi
2309 4856 2599 4921 humecti

649 4949 804 5010 sunt
840 4949 907 5007 et
939 4942 1190 5021 molles,
1229 4953 1425 5025 atque
1464 4942 1804 5008 affectibus
1839 4941 2140 5028 expositi.
2231 4942 2401 5006 Tum
2446 4943 2601 5025 quia

649 5028 898 5095 sanitas
942 5050 1024 5094 ex
1069 5026 1456 5093 habitudine
1491 5026 1774 5106 modica,
1819 5031 2054 5095 vitium
2110 5048 2195 5092 ex
2252 5027 2600 5095 immodica

650 5114 899 5181 accidit.
989 5112 1184 5195 Quod
1219 5114 1423 5198 igitur
1455 5111 1800 5191 modicum,
1839 5115 2093 5181 facilius
2129 5113 2212 5179 ab
2255 5113 2600 5179 immodico

649 5208 941 5266 mutatur
994 5219 1070 5265 ac
1118 5201 1429 5281 vertitur,
1485 5216 1684 5281 quam
1726 5206 1971 5265 contra.
2062 5201 2246 5284 Ergo
2279 5198 2600 5283 lippitudo

2278 301 2407 368 DE
2452 300 2998 369 CLEMENTIA

4507 310 4613 373 160

2694 512 2861 574 quae
2926 490 3273 557 immodica
3327 489 3649 572 quaedam
3705 489 4016 556 habitudo
4089 496 4239 569 [pag.
4296 497 4437 570 155]
4509 501 4610 568 est,

2694 576 2882 641 facile
2926 577 3279 641 sanitatem
3324 587 3546 660 utpote
3588 575 3907 641 modicam
3969 575 4280 641 demutat.
4369 576 4477 640 Fit
4513 599 4613 641 au-

2696 670 2831 726 tem
2875 662 3152 727 mutatio
3185 662 3470 727 naturali
3506 683 3853 746 corporum
3895 663 4072 726 inter
4113 684 4184 726 se
4219 681 4545 727 consensu.

2867 746 2978 812 Ad
3018 748 3298 813 omm’am
3330 748 3746 814 oscitationem
3787 750 4002 830 ipsam
4044 767 4112 812 os
4153 747 4463 830 diducere]
4504 746 4616 814 Os·

2696 833 2916 899 citatio
2962 834 3042 898 ab
3085 854 3197 897 ore
3241 833 3471 898 ciendo
3486 884 3501 912 ,
3546 832 3617 898 id
3659 843 3761 899 est
3793 831 4261 899 commovendo
4318 831 4513 910 dicta,
4553 847 4619 898 ut

2694 918 2882 984 docet
2923 920 3227 984 Donatus
3267 921 3336 984 in
3383 918 3707 984 Andriam
3718 943 3734 997 3
3778 919 4087 1001 provenit
4126 918 4506 1002 plerumque
4544 939 4618 984 ex

2696 1005 2933 1086 supina
2973 1004 3320 1071 securitate
3373 1014 3442 1070 et
3497 1005 3779 1089 ignavia.
3868 1002 4214 1069 Interdum
4257 1011 4472 1069 tamen
4514 1026 4618 1070 na·

2697 1097 2881 1155 turae
2915 1090 3148 1155 vitium
3183 1091 3396 1174 magis
3439 1111 3636 1172 quam
3680 1090 3990 1155 hominis:
4037 1089 4210 1154 undo
4252 1089 4480 1155 osoedo
4519 1111 4620 1172 ap-

2695 1175 2997 1258 pellatur,
3033 1183 3108 1241 ut
3140 1176 3440 1240 meminit
3476 1175 3736 1242 Gellius
3768 1174 3937 1240 libro
3971 1174 4092 1240 IV.
4140 1176 4350 1259 capite
4393 1175 4618 1241 ultimo.

2694 1262 2788 1326 Et
2831 1262 2955 1327 hoc
2998 1262 3300 1327 naturale
3343 1283 3483 1328 esse
3526 1269 3715 1344 putat
3757 1258 4154 1339 Alexander,
4201 1267 4276 1325 ut
4319 1261 4435 1343 qui
4475 1262 4623 1327 osci-

2696 1353 2949 1413 tantem
3004 1346 3301 1423 videant‚
3363 1358 3431 1412 et
3482 1348 3608 1431 ipsi
3663 1347 3966 1413 oscitent:
4025 1348 4179 1430 quia
4230 1358 4469 1434 natura
4505 1347 4625 1411 ani·

2695 1433 3037 1510 mantium,
3084 1434 3496 1515 maximeque
3541 1434 3796 1498 ratione
3840 1433 4218 1509 carentium,
4265 1430 4624 1498 similitudi·

2696 1539 2858 1583 num
2914 1517 3241 1601 quendam
3298 1539 3687 1584 consensum
3707 1571 3725 1597 ,
3782 1519 4069 1601 itemque
4121 1517 4475 1582 affectuum
4516 1518 4621 1582 ha-

2694 1603 2837 1668 bet:
2861 1615 3054 1687 atque
3075 1606 3169 1668 ita
3190 1606 3268 1669 fit
3286 1614 3362 1668 ut
3384 1606 3665 1669 meiente
3688 1603 3905 1680 asello,
3931 1604 4171 1669 caeteri
4192 1603 4355 1669 item
4376 1603 4625 1680 meiant,

2696 1710 2904 1770 quum
2947 1690 3081 1754 sint
3119 1691 3311 1754 urina
3353 1690 3603 1772 repleti.

2882 1774 3156 1858 Vacuus]
3181 1774 3262 1839 Id
3286 1783 3406 1853 est,
3430 1775 3613 1841 omni
3635 1775 3980 1840 affectione
4000 1788 4068 1839 et
4099 1775 4406 1856 passione
4440 1775 4626 1839 animi

2697 1860 2802 1926 vel
2856 1860 3302 1927 misericordia
3356 1861 3461 1927 vel
3528 1858 3937 1945 aegritudine
4002 1860 4256 1926 solutus
4320 1881 4399 1926 ac
4460 1860 4624 1925 liber.

2697 1943 2919 2026 Quum
2956 1948 3135 2011 enim
3171 1948 3313 2011 sine
3347 1945 3598 2013 adiecto
3632 1946 3915 2030 ponitur,
3951 1945 4020 2010 id
4069 1946 4416 2029 significat.
4481 1943 4628 2011 Ovi-

2697 2031 2844 2097 dius
2888 2034 3204 2098 Tristium
3246 2032 3369 2116 H.:

2902 2119 3012 2172 Aut
3047 2120 3108 2185 si,
3147 2119 3291 2187 quod
3325 2118 3556 2186 mallem,
3596 2134 3793 2172 vacuus
3832 2117 4067 2172 fortasse
4104 2116 4319 2172 fuisses.

2695 2203 2787 2268 Et
2828 2204 2899 2268 in
2950 2203 3222 2286 epistola
3257 2201 3592 2286 Sapphus:

2980 2288 3309 2344 Proveniant
3342 2304 3546 2344 vacuae
3585 2290 3818 2343 carmina
3856 2289 4048 2343 mentis
4085 2303 4241 2356 opus.

2698 2373 2929 2440 Cicero
2984 2376 3271 2441 Verrina
3311 2374 3433 2440 H.:
3493 2375 3735 2440 Animo
3788 2375 3969 2457 coepi
4021 2374 4228 2438 multo
4272 2374 4486 2460 magis
4529 2396 4631 2440 va-

2696 2481 2838 2558 cuo·
2862 2482 2937 2526 ac
2991 2461 3205 2526 soluto
3261 2461 3428 2525 nihil
3484 2460 3663 2526 aliud
3719 2460 3848 2526 nisi
3906 2460 3986 2524 de
4039 2458 4300 2526 iudiciis
4343 2482 4535 2545 agere
4574 2469 4632 2525 et

2698 2558 3003 2629 cogitare.

2872 2629 3117 2696 Poenae
3158 2632 3411 2696 meritae
3452 2629 3765 2717 remissio]
3806 2630 4277 2697 Controversia
4309 2632 4386 2696 in
4432 2630 4633 2698 verbis

2695 2725 2820 2780 est:
2868 2715 2949 2781 de
2991 2736 3064 2781 re
3107 2716 3370 2800 quidem
3404 2716 3728 2783 convenit.
3819 2715 3958 2782 Cur
4000 2717 4179 2782 enim
4221 2718 4331 2799 qui
4387 2718 4635 2784 veniam

2697 2802 3004 2885 largitur,
3050 2802 3268 2884 potius
3324 2823 3598 2885 poenam
3656 2803 3961 2868 meritam
4004 2804 4343 2868 remittere
4391 2803 4633 2879 dicitur,

2699 2908 2897 2969 quam
2940 2887 3275 2971 ignoscere
3290 2939 3305 2966 ,
3366 2898 3434 2952 et
3476 2887 3757 2971 quadam
3802 2888 4112 2954 facilitate
4157 2909 4438 2971 poenam
4483 2895 4633 2954 tem·

2698 2972 2969 3056 perare?
3061 2973 3319 3040 Deinde
3372 2974 3537 3039 nihil
3596 2972 3813 3040 obstat
3865 2996 3994 3058 quo
4038 2974 4254 3040 minus
4299 2974 4635 3043 clementia

2698 3058 2943 3143 aliquid
2964 3058 3262 3125 remittat
3282 3059 3451 3143 quod
3489 3061 3804 3126 severitas
3838 3061 3979 3125 iure
4015 3067 4083 3125 et
4100 3061 4336 3126 merito
4365 3062 4633 3146 puniret,

2696 3145 2928 3210 Potest
2969 3146 3170 3230 igitur
3214 3145 3559 3212 clementia
3611 3147 3913 3211 meritam
3970 3166 4244 3228 poenam
4294 3147 4635 3222 remittere,

2700 3231 2757 3296 si
2800 3230 2869 3295 id
2910 3253 2995 3296 ex
3037 3251 3238 3297 causa
3279 3232 3492 3297 faciat.

3413 3520 3715 3588 CAPUT
3762 3521 3916 3587 VII.

2867 3656 3005 3740 Eyo
3048 3664 3118 3721 at
3159 3657 3421 3723 breviter
3464 3662 3765 3739 tanquam
3799 3659 3871 3723 in
3911 3658 4114 3724 alieno
4156 3660 4392 3726 iudicio
4425 3662 4636 3737 dicam,

2697 3745 2755 3809 ei
2796 3743 3153 3827 ignoscitur,
3197 3745 3308 3824 qai
3340 3743 3572 3824 puniri
3613 3743 3836 3808 debuit.
3930 3744 4200 3827 Sapiens
4236 3752 4447 3813 autem
4487 3745 4638 3811 niba

2693 3830 2850 3911 facit
2906 3830 3068 3909 qaod
3119 3849 3244 3893 non
3298 3829 3493 3907 debet,
3552 3828 3715 3893 nihil
3755 3832 4202 3911 praetermittit
4253 3834 4422 3913 quod
4462 3831 4633 3897 debet.

2700 3915 2923 3997 Itaque
2946 3934 3217 3997 poenam
3250 3933 3441 3995 qaam
3483 3914 3725 3997 eoeiyere
3767 3915 3949 3995 debet,
3992 3937 4116 3981 non
4148 3917 4372 3983 donat:
4417 3918 4525 3984 sed
4563 3916 4637 3981 nl·

2701 4001 2811 4067 lud
2864 4000 3028 4081 qaod
3080 4022 3156 4064 ex
3213 4002 3396 4064 venia
3448 4001 3733 4081 consequi
3801 4003 3926 4080 vis,
3982 4001 4316 4068 honestiore
4366 4004 4484 4068 tibi
4542 4002 4639 4066 via

2698 4087 2932 4151 tribuit.
2994 4085 3211 4151 Parcit
3249 4087 3417 4151 enim
3450 4087 3720 4167 sapiens,
3751 4088 4016 4152 consulit
4047 4093 4105 4152 et
4138 4090 4411 4172 corr-iqit.
4472 4087 4640 4153 Idem

2698 4173 2853 4254 facit
2893 4173 3055 4252 quod
3096 4173 3157 4236 si
3199 4173 3544 4255 iynosceret,
3590 4192 3697 4237 nec
3738 4173 4023 4256 tyno-scit.-
4065 4175 4364 4255 quoniam
4407 4176 4517 4257 qui
4560 4176 4640 4256 iy-

2701 4258 2922 4337 noscit,
2972 4259 3207 4339 fatetur
3246 4258 3494 4339 aliquid
3533 4278 3627 4337 se,
3680 4259 3844 4339 quod
3879 4259 4023 4340 fieri
4064 4258 4300 4338 debuit,
4346 4261 4639 4326 omisisse

2702 4344 2996 4424 Aliquem
3038 4342 3239 4409 verbis
3279 4349 3520 4408 tantam
3564 4343 3940 4422 admonebit,
3977 4364 4183 4426 poena
4234 4366 4355 4411 non
4402 4345 4638 4428 afficiet,

2698 4434 2963 4495 aetatem
3016 4431 3153 4494 eius
3204 4430 3641 4495 emendabilem
3694 4432 3956 4494 intuens.
4043 4429 4344 4512 Aliquem
4402 4430 4639 4497 invidia

2703 4515 2988 4579 minis
3020 4516 3345 4597 manifeste
3379 4514 3769 4594 laborantem,
3813 4514 4046 4580 iubebit
4078 4516 4446 4583 incolumem
4489 4536 4643 4582 esse.-

2703 4601 2856 4683 qaia
2897 4601 3181 4683 deceptus
3218 4607 3336 4667 est:
3392 4604 3538 4678 [pag.
3595 4606 3739 4681 156]
3795 4603 3947 4681 qaia
3990 4621 4114 4682 per
4151 4603 4373 4666 vinam
4414 4603 4640 4685 lapsas.

2708 4685 2929 4751 Hostes
2980 4688 3242 4751 dimittet
3293 4687 3527 4765 salvos,
3583 4687 3926 4768 aliquando
3982 4688 4170 4751 etiam
4222 4688 4544 4765 laudatos,
4588 4687 4642 4751 si

2704 4772 2970 4838 honestis
3010 4775 3252 4850 causis,
3284 4792 3409 4852 pro
3447 4772 3603 4851 fide,
3637 4792 3761 4852 pro
3802 4772 4057 4854 foedere,
4090 4793 4216 4855 pro
4256 4773 4538 4839 libertate
4582 4774 4638 4834 ir

2706 4857 2929 4923 bellam
2970 4860 3228 4925 accincti
3269 4862 3431 4922 sunt.
3506 4856 3921 4957 Haecomnia
3954 4879 4076 4923 non
4108 4858 4342 4938 ven'iae,
4384 4859 4498 4924 sed
4536 4858 4643 4925 cle-

2704 5120 2761 5178 et
2800 5114 3111 5180 absolvere
3163 5114 3263 5179 illi
3305 5115 3464 5191 licet,
3504 5120 3560 5178 et
3612 5119 3831 5196 quanti
3888 5117 4021 5181 valt
4074 5116 4407 5181 aestimare
4456 5116 4639 5180 litent.

2713 5198 2900 5264 Nihil
2952 5220 3031 5265 ea·
3082 5200 3184 5267 liis
3233 5200 3391 5281 facit
3445 5205 3744 5281 tanquam
3796 5200 4497 5282 iastominasfecerit:
4540 5197 4642 5266 sed
