4984 5975
417 283 541 342 357

411 467 611 535 deest.
713 468 1050 553 Quidquid
1104 477 1326 536 autem
1379 472 1532 547 fecit
1589 479 1657 537 et
1708 492 1940 555 passus
1986 479 2088 536 est
2135 472 2206 535 in
2264 493 2368 535 re-

413 554 857 639 demptionem
898 563 1193 621 nostram
1238 556 1544 623 Christus
1559 609 1575 637 ,
1622 567 1812 624 extra
1852 556 2369 623 controversiam

410 662 645 708 verum
700 661 843 706 esse
907 640 1234 707 ducimus:
1314 641 1861 725 quemadmodum
1934 642 2005 707 in
2072 642 2367 726 symbolo

411 727 851 811 perscriptum
884 726 1225 794 habemus:
1267 727 1479 794 Credo
1514 730 1585 794 in
1609 728 1831 794 Deum
1864 735 2123 812 patrem
2156 728 2367 793 omni-

412 820 767 896 potentem,
812 820 933 878 etc.

874 1016 1287 1085 IUSTITIA
1330 1019 1432 1084 IN
1481 1018 1912 1086 CHRISTO.

588 1155 811 1237 Quare
875 1155 1035 1221 haec
1095 1175 1136 1219 a
1188 1157 1330 1220 Deo
1400 1165 1589 1239 patre
1649 1157 1968 1223 beneficia
2047 1156 2236 1221 nobis
2290 1157 2361 1220 in

412 1239 681 1308 Christo
726 1241 963 1306 collata
1016 1262 1157 1308 esse
1211 1244 1752 1326 recognoscimus.
1841 1243 2146 1308 Primum
2189 1241 2363 1325 quod

412 1348 619 1411 quum
658 1338 815 1392 natu
826 1350 897 1391 ra
932 1327 1180 1391 inimici
1214 1329 1359 1392 Deo
1405 1349 1725 1405 essemus,
1772 1327 2010 1394 iudicio
2049 1328 2258 1411 ipsius
2296 1336 2364 1391 et

411 1416 548 1479 irae
592 1414 887 1490 obnoxii,
946 1413 1343 1478 reconciliati
1395 1413 1493 1477 illi
1551 1435 1808 1492 sumus,
1856 1427 2049 1496 atque
2093 1416 2164 1477 in
2209 1433 2360 1498 gra-

411 1501 573 1565 tiam
626 1500 871 1581 recepti
927 1498 1370 1564 intercedente
1427 1499 1679 1564 Christi
1732 1500 2111 1565 innocentia
2166 1508 2361 1582 atque

413 1586 664 1651 iustitia
681 1637 694 1664 ,
752 1606 869 1667 per
912 1606 1110 1667 quam
1152 1585 1602 1650 remissionem
1644 1594 2065 1667 peccatorum
2107 1586 2361 1651 obtine-

410 1693 588 1737 mus:
637 1694 713 1736 ac
768 1672 1106 1755 sanguinis
1160 1671 1298 1734 eius
1352 1672 1698 1750 effusione,
1756 1692 1875 1753 per
1923 1693 2123 1754 quam
2157 1670 2363 1736 abluti

414 1779 641 1824 sumus
683 1766 751 1821 et
790 1758 1065 1822 maculis
1107 1758 1408 1822 omnibus
1449 1758 1730 1840 purgati.

735 1961 1408 2027 REGENERATIO
1452 1962 1553 2027 m
1597 1960 2021 2027 CHRISTO.

586 2098 846 2164 Deinde
901 2098 1074 2180 quod
1139 2120 1257 2181 per
1307 2100 1613 2181 spiritum
1668 2101 1806 2163 eius
1863 2099 1932 2162 in
1988 2118 2229 2163 novam
2288 2117 2363 2162 ac

411 2184 823 2269 spiritualem
857 2193 1166 2249 naturam
1210 2205 1693 2267 regeneramur,
1741 2183 1900 2248 dum
1933 2183 2180 2250 scilicet
2215 2187 2360 2263 [pag.

414 2277 522 2348 55]
582 2290 821 2352 pravae
888 2279 1152 2335 nostrae
1206 2271 1425 2335 carnis
1488 2269 1874 2352 cupiditates
1939 2269 2082 2333 eius
2148 2269 2364 2352 gratia

408 2356 920 2433 mortificantur,
977 2377 1061 2420 ne
1110 2356 1383 2439 posthac
1437 2357 1506 2419 in
1562 2354 1752 2420 nobis
1798 2362 2093 2440 regnent.
2181 2355 2361 2419 Rur-

404 2464 558 2507 sum
605 2440 865 2508 divinae
907 2440 1230 2506 voluntati
1266 2449 1495 2506 nostra
1537 2441 1998 2519 conformatur,
2047 2461 2176 2523 quo
2220 2439 2362 2523 pla-

404 2547 560 2594 cere
600 2547 722 2611 per
761 2527 980 2590 omnia
1028 2526 1172 2591 Deo
1217 2547 1291 2593 ac
1335 2527 1602 2610 obsequi
1644 2526 1919 2592 studeat.
1991 2528 2206 2609 Atque
2249 2525 2359 2604 ita,

409 2611 589 2696 quod
640 2633 758 2695 per
806 2612 1027 2695 ipsum
1076 2634 1115 2676 a
1155 2613 1407 2695 peccati
1449 2611 1770 2678 servitute
1813 2611 2246 2691 vindicamur,
2290 2613 2363 2674 in

409 2718 545 2782 qua
601 2696 1000 2774 detinemur,
1059 2705 1374 2780 quantum
1427 2696 1511 2762 ad
1562 2705 1870 2762 naturam
1925 2703 2221 2763 nostram
2263 2704 2363 2762 at-

408 2786 597 2862 tinet,
643 2784 914 2866 captivi:
960 2784 1143 2848 cuius
1182 2783 1587 2850 liberationis
1618 2784 1934 2849 beneficio
1970 2783 2361 2861 obtinemus,

406 2877 490 2935 ut
522 2868 607 2934 ad
648 2870 820 2936 bona
860 2890 1057 2951 opera
1093 2870 1298 2935 simus
1340 2869 1572 2936 idonei.

661 3075 1270 3142 CONDONA'I'IO
1324 3075 2123 3143 IMPERFECTIONIS

1132 3180 1648 3245 PERPETUA.

583 3300 793 3365 Porro
835 3299 987 3363 talis
1031 3307 1134 3364 est
1174 3300 1337 3365 haec
1380 3300 1814 3385 regeneratio,
1862 3306 1938 3363 ut
1978 3298 2180 3364 donec
2223 3320 2364 3365 cor-

408 3407 569 3470 pore
652 3386 781 3450 isto
856 3386 1116 3449 mortali
1192 3387 1529 3451 exonerati
1594 3385 1910 3450 fuerimus
1925 3435 1939 3462 ,
2007 3384 2364 3466 plurimum

410 3492 671 3555 semper
704 3470 1271 3552 imperfectionum
1315 3480 1383 3536 et
1421 3472 1881 3536 infirmitatum
1915 3470 1987 3533 in
2030 3470 2218 3536 nobis
2252 3492 2365 3535 su-

410 3558 638 3641 persit.
734 3556 932 3622 Unde
987 3556 1445 3641 intelligimus,
1498 3577 1617 3621 nos
1668 3557 2029 3620 etiamnum
2087 3557 2362 3620 miseros

410 3664 557 3709 esse
593 3650 980 3726 peccatores,
1026 3664 1102 3707 ac
1145 3643 1408 3707 tametsi
1444 3662 1649 3707 novos
1688 3643 1760 3706 in
1804 3639 1942 3706 dies
1975 3661 2362 3725 progressus

409 3730 484 3793 in
527 3728 779 3793 iustitia
812 3728 1083 3793 Domini
1121 3729 1334 3794 facere
1371 3750 1489 3793 nos
1526 3727 1725 3807 decet,
1767 3748 2102 3809 nunquam
2139 3736 2361 3792 tamen

411 3815 499 3879 ad
539 3814 1003 3898 perfectionem
1046 3820 1163 3879 aut
1203 3808 1679 3896 plenitudinem
1724 3814 2005 3892 venitur,
2050 3811 2361 3895 quamdiu

410 3901 485 3965 in
527 3920 786 3966 carcere
829 3900 1046 3965 carnis
1089 3908 1352 3965 nostrae
1394 3899 1783 3965 habitamus.
1860 3898 2151 3964 Proinde
2193 3919 2363 3963 sem-

408 4006 533 4070 per
574 3986 945 4077 necessaria
976 3990 1077 4050 est
1110 3986 1298 4051 nobis
1340 3985 1784 4051 misericordia
1818 3984 2089 4050 Domini
2125 3983 2208 4049 ad
2248 3985 2363 4049 ob·

412 4070 758 4136 tinendam
800 4070 1183 4136 delictorum
1225 4081 1293 4135 et
1334 4071 1636 4155 lapsuum
1682 4072 1958 4136 veniam.
2022 4068 2219 4136 Unde
2262 4091 2364 4134 se-

411 4159 664 4240 quitur,
723 4156 1166 4239 quaerendam
1224 4178 1483 4240 semper
1536 4156 1724 4221 nobis
1779 4177 1922 4222 esse
1976 4157 2049 4220 in
2094 4155 2363 4221 Christo

408 4243 736 4308 iustitiam
779 4253 1099 4320 nostram,
1133 4265 1267 4308 non
1302 4242 1475 4326 apud
1518 4261 1656 4316 nos,
1692 4249 1888 4326 atque
1924 4243 2177 4308 abiecta
2210 4262 2364 4324 ope-

412 4350 563 4393 rum
618 4325 884 4407 fiducia,
946 4330 1362 4395 securitatem
1415 4330 1487 4393 in
1541 4328 1683 4410 ipso
1726 4339 2022 4393 nostram
2066 4336 2363 4410 oportere

411 4434 841 4498 acquiescere.

503 4618 969 4701 QUIDQUID
1014 4619 1241 4685 som
1284 4616 1759 4789 ΗΑξξΜσε,
1804 4620 1868 4684 A
1913 4618 2271 4684 GRATJA

1156 4723 1323 4788 DEI
1364 4723 1424 4788 E
1536 4723 1615 4788 Ε.

588 4844 771 4928 Ergo
806 4864 933 4924 quo
985 4841 1131 4906 laus
1173 4843 1386 4908 omnis
1434 4852 1499 4909 et
1552 4843 1762 4927 gloria
1798 4841 1881 4906 ad
1924 4842 2141 4907 Deum
2194 4842 2365 4906 refe-

416 4938 635 5009 ratur,
692 4926 1239 5012 quemadmodum
1302 4928 1401 4993 illi
1477 4930 1622 4995 iure
1683 4927 1904 4994 deberi
1954 4926 2189 5010 -palam
2243 4936 2362 5007 est,

417 5038 543 5100 quo
602 5015 802 5081 etiam
866 5034 1095 5079 veram
1157 5034 1387 5096 pacem
1453 5025 1521 5079 et
1584 5015 1871 5098 quietem
1933 5013 2364 5079 conscientiae

414 5110 683 5168 nostrae
726 5106 1221 5182 consequantur,
1267 5120 1431 5181 quae
1475 5122 1675 5185 supra
1708 5100 2365 5167 commemoravimus

415 5187 762 5265 beneficia,
848 5184 1279 5269 intelligimus
1355 5185 1540 5251 nobis
1617 5207 1701 5252 ex
1767 5207 1951 5251 mera
2020 5184 2365 5252 clementia

2083 282 2761 353 CATECHISMUS.

4303 298 4434 360 358

2476 476 2624 551 [pag.
2651 479 2759 554 56]
2785 472 3354 557 misericordiaque
3375 475 3644 540 Domini
3674 479 4041 560 provenire,
4075 480 4260 548 nulla
4284 482 4431 568 dig-

2474 558 2699 623 nitatis
2744 567 3005 625 nostrae
3037 560 3291 626 ratione
3334 559 3577 640 habita,
3621 561 3936 646 nulloque
3980 585 4252 648 operum
4286 590 4430 635 me-

2472 643 2601 708 rito
2644 644 2718 708 in
2761 644 3088 710 calculum
3124 647 3460 723 veniente,
3507 648 3740 729 quibus
3775 670 3910 715 non
3946 650 4076 715 alia
4121 674 4429 720 remune-

2472 730 2640 795 ratio
2665 729 2956 809 debetur,
2990 752 3188 814 quam
3215 738 3524 797 aeternae
3546 735 3961 801 confusionis.
4028 734 4425 820 Quanquam

2470 814 2826 895 DominuS,
2883 817 2999 883 ubi
3055 837 3176 882 nos
3230 839 3349 900 pro
3395 840 3517 883 sua
3571 818 3976 902 benignitate
4029 823 4099 885 in
4157 823 4277 888 filii
4322 828 4428 890 sui

2471 903 2996 967 communionem
3041 903 3246 967 semel
3288 904 3553 987 recepit,
3597 926 3795 987 opera
3831 915 4060 972 nostra
4094 918 4285 992 grata
4318 931 4429 977 ac-

2471 993 2785 1069 ceptaque
2807 986 3032 1053 habet:
3077 1011 3210 1053 non
3245 989 3417 1072 quod
3439 991 3532 1054 ita
3565 999 4076 1074 promereantur,
4124 994 4239 1060 sed
4273 997 4427 1077 quia

2468 1071 2837 1137 condonata
2877 1074 3171 1157 ipsorum
3214 1075 3731 1174 imperfectione,
3777 1077 3875 1141 nil
3915 1079 3985 1142 in
4032 1079 4165 1144 illis
4207 1081 4426 1146 intue-

2468 1165 2609 1234 tur,
2663 1159 2795 1223 nisi
2849 1159 3020 1242 quod
3070 1180 3110 1223 a
3164 1161 3403 1243 spiritu
3442 1162 3582 1227 eius
3623 1162 3989 1245 profectum
4005 1215 4020 1243 ,
4065 1187 4308 1249 purum
4347 1190 4426 1234 ac

2468 1249 2766 1308 sanctum
2810 1251 2928 1310 est.

3298 1449 3599 1517 FIDES.

2639 1586 2785 1651 Iam
2826 1585 2956 1651 fide
3000 1586 3254 1651 aditum
3296 1589 3483 1653 nobis
3525 1590 3820 1672 patefieri
3865 1589 4296 1676 intelligimus
4339 1595 4424 1658 ad

2466 1679 2687 1737 tantas
2741 1672 2870 1737 Dei
2926 1672 3217 1751 divitias,
3287 1694 3452 1756 quae
3504 1673 3886 1754 liberalitero
3913 1678 3982 1740 in
4042 1699 4162 1743 nos
4209 1679 4424 1745 offun-

2467 1755 2745 1836 duntur,
2803 1757 2963 1822 dum
3019 1758 3267 1825 scilicet
3311 1770 3488 1824 certa
3529 1760 3770 1827 fiducia
3812 1768 3879 1827 et
3921 1762 4133 1829 cordis
4176 1766 4425 1830 securi-

2466 1850 2602 1908 tate
2636 1843 2960 1927 evangelii
2995 1845 3464 1927 promissiones
3510 1847 3924 1928 suscipimus,
3976 1869 4050 1914 ac
4079 1848 4423 1916 Christum

2467 1928 2941 2011 amplectimur,
2986 1931 3186 1995 talem
3225 1932 3437 2014 qualis
3481 1932 3758 1997 offertur
3790 1934 3978 1999 nobis
4022 1956 4061 1999 a
4104 1944 4308 2018 patre,
4346 1957 4425 2001 ac

2467 2013 2538 2077 in
2581 2015 2910 2098 scriptura
2954 2014 3460 2082 demonstratur.

2571 2218 3085 2286 INVOCA'PIO
3123 2220 3290 2286 DEI
3332 2220 3669 2289 SOLIUS
3711 2225 3901 2289 PER
3943 2224 4327 2293 CHRISTI

3022 2322 3863 2392 INTERCESSIONEM.

2640 2440 3214 2522 Quemadmodum
3260 2466 3462 2528 supra
3503 2447 3727 2511 testati
3766 2467 3996 2511 sumus
4013 2499 4028 2524 ,
4083 2470 4218 2513 non
4263 2449 4420 2515 alibi

2466 2547 2662 2610 quam
2714 2528 2785 2592 in
2833 2529 2981 2594 Deo
3024 2538 3209 2611 patre
3261 2551 3379 2612 per
3423 2530 3796 2611 Christum,
3854 2533 4144 2598 recidere
4187 2535 4424 2601 salutis

2467 2621 2665 2695 atque
2708 2615 2920 2678 omnis
2974 2614 3304 2681 felicitatis
3348 2616 3655 2683 fiduciam
3700 2626 3999 2700 oportere
4013 2670 4027 2695 ,
4074 2619 4169 2684 ita
4211 2642 4422 2686 unum

2465 2698 2685 2781 ipsum
2726 2700 2798 2763 in
2842 2700 3021 2764 omni
3062 2701 3451 2767 necessitato
3494 2703 3936 2768 invocandum
3973 2703 4273 2771 dicimus:
4320 2706 4422 2770 id-

2466 2804 2593 2866 que
2635 2805 2755 2867 per
2791 2784 3041 2851 Christi
3076 2808 3334 2868 nomen,
3372 2789 3551 2854 unici
3584 2788 3964 2854 mediatoris
4000 2800 4069 2854 et
4102 2790 4422 2867 advocati,

2466 2890 2585 2953 per
2625 2891 2821 2952 quem
2864 2890 3161 2937 accessus
3216 2871 3301 2938 ad
3348 2874 3663 2939 thronum
3699 2875 4044 2941 coelestem
4082 2875 4270 2942 nobis
4305 2898 4424 2961 pa-

2469 2966 2579 3021 tet.
2649 2953 2866 3021 Simul
2902 2958 2971 3022 in
3008 2957 3187 3022 omni
3219 2962 3672 3044 prosperitate.
3690 2961 4100 3026 referendam
4134 2961 4234 3027 illi
4270 2984 4426 3049 gra-

2468 3043 2710 3107 tiarum
2754 3044 3096 3110 actionem.
3165 3044 3416 3111 Contra
3457 3068 3632 3125 ver0,
3668 3048 3967 3114 fictitiam
4009 3048 4193 3113 illam
4236 3071 4424 3117 sanc-

2468 3136 2688 3192 torum
2743 3130 2856 3212 qui
2899 3150 2982 3194 ex
3016 3131 3156 3195 vita
3195 3131 3320 3197 hac
3376 3132 3831 3217 demigrarunt
3888 3135 4424 3219 intercessionem

2467 3234 2587 3297 pro
2643 3216 3140 3299 superstitione,
3198 3228 3460 3300 praeter
3498 3220 3892 3302 scripturam
3926 3221 4263 3286 inventam
4308 3243 4425 3287 ex-

2466 3299 2815 3382 plodimus.
2919 3302 3323 3367 Praesertim
3375 3308 3523 3383 [pag.
3566 3310 3672 3384 57]
3731 3326 3937 3388 quum
3980 3326 4114 3371 non
4158 3306 4427 3371 aliunde

2465 3393 2624 3450 nata
2649 3386 2866 3466 fuerit,
2895 3408 3090 3469 quam
3127 3409 3210 3452 ex
3248 3388 3611 3455 diffidentia
3643 3391 4127 3455 intercessionis
4151 3391 4426 3457 Christi.

2623 3590 2748 3655 NE
2793 3591 3366 3660 PRECATIONI
3411 3593 3689 3661 DESI'P
3734 3591 4085 3660 SENSUS
4130 3595 4250 3658 ΕΤ

3063 3695 3164 3761 IN
3167 3696 3823 3763 TELLIGENTIA.

2640 3815 2996 3879 Praeterea
3039 3837 3241 3898 quum
3283 3818 3489 3882 oratio
3523 3816 3693 3881 nihil
3738 3837 3937 3898 quam
3982 3837 4293 3899 perversa
4335 3819 4428 3882 si—

2468 3900 2740 3965 mulatio
2783 3899 2902 3980 sit,
2958 3901 3089 3967 nisi
3132 3903 3211 3967 ab
3256 3902 3552 3967 interiori
3596 3902 3810 3967 cordis
3871 3902 4111 3968 affectu
4155 3904 4426 3984 oriatur,

2469 3982 2926 4069 concipiendas
2961 4008 3102 4052 esse
3146 3998 3327 4052 certa
3370 3987 3805 4071 intelligentia
3842 3989 4174 4055 orationes
4218 3989 4428 4056 credi-

2468 4092 2647 4151 mus,
2709 4092 2835 4155 quo
2879 4088 3036 4137 vero
3079 4072 3526 4157 intelligamus
3570 4072 3727 4156 quid
3783 4074 3871 4137 sit
3925 4096 3965 4138 a
4008 4075 4152 4138 Deo
4197 4083 4426 4157 postu—

2467 4157 2758 4233 landum,
2800 4159 3163 4223 orationem
3207 4159 3567 4225 ediscemus
3613 4157 3863 4224 Christi
3903 4180 4015 4224 ore
4059 4161 4244 4226 nobis
4289 4169 4424 4225 tra-

2467 4241 2694 4393 {1itam,
2740 4243 2979 4309 Matth.
3021 4248 3077 4322 6,
3116 4249 3152 4308 9
3196 4267 3282 4310 ss.
3355 4246 3556 4309 Pater
3608 4254 3835 4310 noster
3881 4246 3992 4328 qui
4037 4267 4108 4311 es
4160 4248 4230 4309 in
4276 4267 4424 4311 coe—

2492 4329 2568 4406 is,
2615 4336 2734 4395 ete.

3008 4534 3135 4600 DE
3181 4535 3856 4603 SAORAMEN'PIS.

2643 4669 3089 4750 Sacramenta,
3136 4693 3301 4754 quae
3338 4671 3663 4738 Dominus
3709 4673 4018 4739 ecclesiae
4052 4696 4210 4739 suae
4245 4693 4421 4739 com-

2469 4757 2826 4837 mendavit,
2872 4777 3014 4823 esse
3050 4757 3202 4822 fidei
3248 4756 3756 4823 exercitamenta
3790 4760 4208 4825 confitemur:
4256 4780 4422 4841 quae

2468 4849 2616 4907 tum
2659 4840 2743 4907 ad
2784 4844 2995 4925 ipsam
3038 4844 3108 4907 in
3149 4843 3280 4907 Dei
3322 4844 3861 4926 promissionibus
3904 4844 4419 4910 confirmandam

2469 4935 2538 4994 et
2577 4928 3151 5007 corroborandam,
3195 4941 3337 4993 tum
3382 4930 3555 5013 apud
3599 4930 3900 4996 homines
3944 4929 4420 4996 testificandam

2469 5013 2691 5080 valere
2744 5012 3039 5079 debeant.
3141 5012 3296 5078 Duo
3364 5023 3587 5081 autem
3651 5016 3975 5080 duntaxat
4027 5016 4419 5081 christianae

2469 5100 2803 5177 ecclesiae,
2849 5097 2978 5163 Dei
3023 5100 3373 5165 autoritate
3389 5153 3402 5178 ,
3461 5102 3766 5167 instituta
3808 5121 3949 5165 esse
3993 5100 4417 5177 admittimus,

2468 5186 2887 5268 Baptismum
2928 5192 2998 5250 et
3030 5184 3324 5251 Coenam
3357 5187 3650 5251 Domini.
3707 5184 3924 5266 Quam
3962 5185 4045 5249 ob
4071 5207 4210 5251 rem
4246 5185 4422 5268 quod

3910 5286 4012 5339 23*
