4984 5975
660 286 739 349 31
2284 279 2414 347 DE
2447 278 3010 347 omnm
4562 281 4639 345 32

652 473 870 539 fitiari.
968 470 1193 552 Quum
1265 475 1489 534 autem
1553 469 1724 536 hanc
1781 468 2250 536 confessionem
2301 468 2597 534 tardissi-

652 579 830 623 mam
892 561 1109 632 vocat,
1189 553 1423 620 alludit
1483 553 1567 620 ad
1633 554 1818 620 illam
1879 554 2138 620 Horatii
2202 555 2599 620 sententiam

654 639 874 728 satyr.
915 643 997 707 L:

962 828 999 866 .
1029 742 1431 892 mags&
1467 750 1719 891 2¹2:ssss
1752 743 2284 879 aemesam

890 879 1187 936 Contentus
1219 886 1382 947 vivat,
1472 879 1602 934 udet
1635 879 1848 934 diversa
1883 880 2208 949 sequentes?

823 965 942 1031 Ius
1004 985 1208 1048 supra
1271 965 1579 1029 iniuriam
1631 962 1940 1052 positum]
2011 963 2302 1029 Iniuriae
2357 985 2598 1029 nomen

650 1052 830 1118 varie
873 1051 1078 1133 accipi
1117 1058 1344 1134 potest
1427 1048 1505 1114 Si
1547 1050 2006 1116 contumeliam
2048 1049 2398 1134 intelligas,
2444 1071 2597 1115 sen-

648 1160 761 1205 sus
805 1138 955 1202 erit:
1008 1137 1269 1219 Legum
1309 1133 1629 1219 praesidio
1685 1137 1778 1201 sic
1820 1157 1964 1202 esse
2014 1137 2301 1200 munitos
2340 1136 2454 1218 qui
2494 1136 2596 1200 in-

646 1224 854 1289 iuriae
896 1230 1048 1289 sunt
1092 1222 1355 1286 obnoxii
1373 1270 1388 1298 ,
1434 1242 1517 1285 ne
1559 1223 1848 1304 potentia
1888 1228 2004 1286 aut
2046 1220 2320 1287 factione
2365 1220 2596 1287 adv'er-

648 1310 972 1375 sariorum
1012 1307 1479 1389 opprimantur.
1567 1306 1757 1387 Nam,
1803 1314 1879 1371 ut
1920 1307 2014 1371 ait
2055 1304 2351 1385 Ovidius,

921 1408 1053 1464 Inde
1089 1409 1249 1464 datae
1285 1409 1453 1478 leges,
1487 1424 1557 1464 ne
1589 1408 1784 1464 fortior
1819 1409 1996 1489 omnia
2027 1416 2233 1477 posset.

647 1495 882 1563 Malim
947 1501 1170 1559 tamen
1238 1493 1347 1559 hie
1414 1494 1834 1576 interpretari
1903 1494 2316 1577 iniquitatem
2329 1544 2346 1572 ,
2412 1495 2599 1577 quasi

647 1602 781 1647 non
821 1579 1081 1657 iuriam,
1110 1579 1156 1660 ¹)
1211 1579 1401 1644 iuxta
1444 1579 1629 1644 verbi
1671 1586 1942 1663 etymon
1956 1630 1972 1657 ,
2031 1586 2103 1644 ut
2146 1578 2334 1646 docet
2370 1578 2599 1662 Ulpia-

647 1686 774 1732 nus
827 1666 900 1729 in
953 1664 1119 1729 libro
1161 1663 1215 1728 I.
1251 1664 1320 1728 ff.
1376 1664 1457 1729 de
1493 1665 1783 1745 iniuriis;
1840 1675 1915 1729 ut
1967 1664 2349 1747 simpliciter
2390 1665 2597 1749 signi-

647 1752 799 1818 ficet
848 1770 986 1815 non
1044 1769 1187 1815 esse
1237 1750 1457 1814 locum
1508 1750 1814 1829 iniuriae,
1870 1750 1982 1815 ubi
2029 1751 2172 1815 iure
2225 1758 2295 1816 et
2344 1749 2598 1834 legibus

647 1836 869 1904 omnia
911 1834 1474 1901 administrantur.
1565 1839 1712 1914 [pag.
1759 1841 1860 1914 19]
1907 1833 2135 1916 Quum
2176 1836 2237 1902 le
2322 1858 2355 1901 s
2399 1836 2598 1901 silent

647 1923 825 1989 inter
875 1941 1057 1986 arma
1072 1971 1089 1998 ,
1143 1941 1347 2002 quum
1402 1918 1692 1986 iudicum
1757 1922 2115 1986 sententiae
2163 1943 2236 1987 re
2286 1923 2594 2000 ‘muntur,

647 2009 804 2075 socii
855 2008 1123 2089 impune
1179 2005 1570 2089 spoliantur,
1641 2025 1867 2072 omnes
1930 2006 2322 2089 reipublicae
2376 2014 2598 2091 partes

646 2100 1176 2176 constuprantur,
1222 2099 1382 2156 tunc
1422 2090 1665 2157 iniuria
1716 2092 1858 2157 iure
1901 2093 2214 2177 superior.
2303 2096 2399 2158 At
2441 2114 2598 2159 vero

647 2180 760 2245 ubi
813 2198 947 2242 non
997 2197 1328 2243 armorum
1383 2175 1649 2243 licentia
1702 2177 2007 2243 disiectae
2064 2178 2243 2262 leges
2256 2231 2273 2258 ,
2340 2177 2453 2244 ubi
2495 2179 2598 2243 iu-

648 2263 816 2330 dicia
855 2264 1260 2346 incorrupta,
1306 2262 1526 2328 nullae
1567 2264 1888 2330 sociorum
1932 2266 2412 2348 oppressiones,
2458 2286 2599 2328 om-

647 2350 762 2415 nia
813 2348 1204 2431 reipublicae
1268 2348 1563 2414 membra
1616 2350 1777 2416 bene
1830 2350 2212 2432 composita,
2267 2350 2372 2416 ius
2421 2349 2597 2415 iniu-

648 2436 813 2502 riam
858 2436 1139 2518 superat.

825 2518 948 2587 Oui
1008 2520 1096 2586 ad
1146 2521 1865 2615 summamspibertatem
1930 2521 2096 2586 nihil
2158 2519 2354 2607 deest]
2436 2520 2599 2586 Pro-

649 2607 712 2673 le
795 2607 808 2620 '
889 2604 975 2670 ad
1015 2606 1282 2671 tacitam
1325 2606 1765 2672 obiectionem.
1853 2606 2089 2672 Posset
2130 2606 2309 2671 enim
2342 2605 2595 2689 aliquis,

775 2712 1099 2758 summam
1142 2690 1366 2774 populi
1397 2692 1773 2758 felicitatem
1803 2691 2175 2758 libertatem
2208 2691 2598 2773 desiderare,

531 2830 546 2854 ,
649 2798 778 2861 qua
842 2775 1005 2841 nihil
1069 2776 1414 2858 pretiosius
1479 2778 1909 2843 aestimabant
1972 2777 2281 2841 Romani:
2361 2797 2599 2860 nempe

650 2864 764 2947 qui
804 2863 1168 2946 ingenuum
1211 2881 1353 2931 esse
1396 2861 1723 2941 ducerent,
1761 2862 1975 2946 potius
2016 2861 2116 2928 bis
2157 2863 2326 2926 mori
2339 2911 2354 2938 ,
2399 2881 2598 2944 quam

650 2949 915 3015 servire.
1006 2944 1450 3028 Quamobrem
1509 2946 1692 3014 addit
1741 2948 2111 3014 libertatem
2164 2946 2248 3014 ad
2298 2967 2376 3014 ea
2428 2946 2600 3012 bona

649 3033 888 3119 quibus
915 3033 1234 3117 principis
1270 3032 1656 3100 liberalitate
1680 3033 1957 3118 populus
1977 3032 2331 3098 fruebatm.
2378 3032 2598 3115 Quam

650 3129 871 3185 tamen
927 3127 1200 3184 eatenus
1256 3128 1606 3202 temperat,
1660 3121 1746 3184 ne
1791 3127 2090 3186 vertatur
2140 3119 2213 3182 in
2266 3118 2598 3186 licentiam

649 3202 982 3290 pereundi.
1072 3202 1298 3286 Neque
1354 3203 1479 3271 hoc
1521 3205 1769 3288 agitur,
1831 3215 1905 3270 ut
1952 3204 2334 3271 monarchia
2375 3205 2596 3270 demo·

650 3291 891 3359 cratiae
955 3289 1387 3373 praeferatur,
1442 3298 1557 3355 aut
1612 3292 2078 3357 aristocratiae:
2136 3289 2254 3356 sed
2305 3312 2448 3357 rem
2491 3311 2596 3355 ro·

648 3397 917 3443 manam
960 3394 1037 3439 eo
1078 3374 1211 3438 iam
1260 3374 1602 3440 devenisse
1646 3377 1894 3455 innuit,
1941 3385 2032 3442 ut.
2059 3383 2232 3442 stare
2274 3398 2405 3442 non
2446 3396 2596 3460 pos-

650 3463 737 3528 sit
778 3463 922 3528 sine
974 3458 1294 3526 libertatis
1344 3467 1877 3544 temperamento.
1967 3463 2052 3527 In
2093 3483 2288 3546 quam
2331 3471 2596 3528 senten-

650 3549 811 3612 tiam
849 3547 1188 3613 Lucanus:

853 3647 1042 3704 Invida
1074 3645 1309 3702 fatorum
1343 3648 1528 3717 series,
1564 3651 1779 3705 summis
1818 3665 1885 3704 ue
1907 3665 1986 3718 ,ne
2058 3657 2171 3705 tum
2405 3635 2414 3652 ⁸

853 3715 1685 3841 “ewam
1722 3734 1784 3771 ω
1857 3665 2095 3787 ⁹0¹1ss
2131 3719 2334 3789 sm

648 3872 964 3938 Horatius
1006 3870 1077 3934 in
1119 3869 1402 3955 Epodis:

1127 3971 1249 4027 Suis
1285 3981 1343 4027 et
1373 3974 1494 4042 ipsa
1528 3973 1701 4028 Roma
1735 3974 1934 4029 viribus
1970 3975 2090 4029 ruit.

543 4071 554 4082 ‘
649 4061 1117 4145 Imposuerunt
1172 4058 1349 4123 enim
1383 4059 1527 4141 ‚ipsi
1589 4057 1718 4124 sibi
1781 4060 2196 4127 monarchiae
2250 4064 2597 4128 necessita-

650 4155 786 4213 tem
799 4198 818 4225 ,
872 4165 1074 4228 quum
1126 4142 1287 4208 illud
1343 4164 1579 4227 corpus
1647 4144 1815 4235 bene
1877 4153 2283 4229 compactum
2348 4151 2598 4214 mutiu's

650 4231 1070 4307 factionibus⁴
1095 4227 1511 4312 dissiparunt.
1599 4228 1665 4294 N
1666 4252 1793 4296 unc
1833 4230 1916 4296 ad
1960 4233 2161 4298 verba
2202 4234 2449 4299 autoris
2492 4255 2597 4300 re-

651 4318 937 4384 deamus.
1037 4312 1288 4380 Omnes
1342 4316 1477 4382 fere
1539 4316 1996 4401 panegyristae
2059 4318 2234 4383 inter
2286 4320 2598 4403 principis

519 4395 530 4408 “
649 4403 876 4470 laudes
917 4401 1229 4482 temporis
1274 4402 1377 4465 sui
1417 4401 1786 4467 libertatem
1830 4412 2240 4468 enumerant:
2299 4412 2373 4470 ut
2414 4406 2598 4471 Mar-

789 4481 798 4488 ν.

651 4489 824 4555 tialis
864 4486 971 4552 lib.
1017 4485 1135 4550 V..

1028 4586 1138 4642 Sub
1172 4603 1278 4656 quo
1315 4588 1536 4644 libertas
1571 4589 1809 4658 principe
1845 4597 1999 4645 tanta
2031 4591 2149 4645 fuit.

651 4673 1043 4759 Imperatori
1097 4692 1230 4737 non
1282 4679 1420 4737 tam
1473 4694 1750 4759 regnum
1766 4725 1782 4752 ,
1846 4696 2043 4758 quam
2081 4680 2600 4761 procurationem

651 4759 979 4846 quandam
1022 4758 1280 4824 civilem
1333 4759 1650 4828 asserunt.
1742 4758 2247 4828 Observandum
2304 4773 2405 4830 est
2448 4784 2596 4831 ver-

653 4847 810 4912 bum
850 4844 1156 4909 licentiae
1199 4844 1306 4912 hic
1347 4845 1632 4928 positum
1674 4848 1748 4911 in
1778 4847 2325 4932 malampartem,
2371 4871 2597 4933 quem-

653 4930 1005 5010 admodum
1080 4929 1217 4995 fere
1279 4931 1589 5014 accipitur
1655 4933 1829 5017 apud
1904 4942 2189 5001 autores:
2266 4943 2343 5000 ut
2402 4936 2600 5001 Valla

793 5189 851 5258 1)
887 5185 2120 5247 Ed.Amt.etale·aenom-uuae:iniuriam.
2241 5207 2245 5222 ·

2698 469 3052 534 annotavit.
3167 466 3616 549 Quintilianus
3679 467 3846 533 libro
3890 465 4048 532 11L:
4118 463 4307 546 Quae
4371 466 4438 531 iu
4502 464 4641 533 aliis

2699 553 2965 620 libertas
3007 561 3139 628 est,
3197 554 3268 618 in
3321 552 3466 620 aliis
3517 552 3784 620 licentia
3824 558 4116 618 vocatur.
4205 551 4439 618 Livius
4482 550 4642 618 libro

2699 640 2820 705 IV.
2856 638 3021 723 ,belli
3054 638 3424 705 Macedon:
3470 636 3791 705 Omnium
3832 659 4055 703 rerum
4091 636 4477 716 libertatem,
4516 637 4641 704 imo

2701 724 3062 802 licentiam,
3107 725 3164 790 si
3208 744 3363 790 vera
3405 723 3619 790 dicere
3664 724 3964 790 volumus
3978 774 3995 802 ,
4041 720 4428 789 desiderant.
4519 722 4641 788 Er-

2700 818 2807 875 rat
2857 824 3073 875 tamen
3127 810 3471 887 Erasmus,
3528 829 3685 892 pace
3738 810 3878 875 eius
3918 808 4198 874 dixerim
4213 859 4230 887 ,
4296 808 4409 891 qui
4448 816 4642 893 negat

2699 895 2772 960 in
2824 896 3062 962 bonam
3110 902 3368 980 partem
3418 896 3725 979 usurpari
3784 916 3974 979 posse
4028 895 4172 959 sine
4226 892 4639 960 barbarismo.

2700 981 2873 1046 Nam
2936 988 3014 1045 ut
3080 981 3377 1046 omittam
3438 981 3931 1046 iurisconsultos
4002 977 4237 1063 probos
4299 978 4641 1045 latinitatis

2700 1074 2963 1133 autores
2978 1116 2995 1145 ,
3053 1064 3289 1149 quibus
3341 1066 3465 1132 hoc
3519 1065 3789 1132 verbum
3843 1075 3945 1131 est
4005 1063 4359 1130 identidem
4402 1065 4475 1130 in
4516 1084 4639 1144 ore,

2700 1173 2835 1218 non
2868 1153 3200 1218 abstinent
3234 1151 3348 1216 alii
3382 1151 3653 1217 classici.
3720 1151 3951 1218 Cicero
3987 1148 4174 1217 offic.
4212 1150 4300 1216 L:
4344 1151 4440 1217 Ut
4472 1151 4644 1215 enim

2702 1238 2921 1320 pueris
2988 1258 3121 1303 non
3173 1256 3431 1302 omnem
3490 1236 3826 1302 licentiam
3880 1234 4153 1302 ludendi
4205 1234 4439 1301 damus
4454 1286 4470 1313 ,
4533 1234 4643 1302 sed

2700 1344 2847 1388 eam
2887 1343 3052 1406 quae
3094 1323 3175 1387 ab
3219 1322 3510 1388 honestis
3552 1322 3915 1388 actionibus
3958 1343 4093 1387 non
4136 1323 4215 1386 fit
4255 1321 4488 1387 aliena.
4552 1321 4643 1386 Et
4656 1374 4672 1395 .

2702 1407 3048 1474 Cornelius
3103 1408 3394 1474 Tacitus:
3448 1407 3557 1472 Ad
3614 1429 3690 1473 ea
3742 1407 4003 1474 Drusus
4058 1428 4259 1490 quum
4303 1407 4643 1473 arbitrium

2703 1502 2970 1560 senatus
3015 1502 3082 1558 et
3121 1494 3330 1577 patris
3371 1492 3768 1572 obtenderet,
3815 1494 4097 1559 clamore
4141 1492 4475 1571 turbatur,
4531 1513 4643 1558 cur

2701 1580 2988 1645 venisset
3037 1599 3248 1662 neque
3284 1577 3620 1669 -augendis
3674 1579 3957 1643 militum
4000 1577 4377 1661 stipendiis,
4439 1599 4642 1661 neque

2703 1664 3081 1731 adlevandis
3121 1663 3451 1729 laboribus
3464 1715 3479 1742 ,
3539 1663 3817 1747 denique
3860 1664 4043 1728 nulla
4084 1663 4527 1730 benefaciendi
4567 1663 4642 1728 li-

2702 1751 2933 1817 centia.
3021 1749 3211 1815 Idem
3262 1748 3371 1813 lib.
3410 1747 3633 1815 XIV.:
3688 1744 4069 1821 Caeterum,
4090 1771 4190 1829 se,
4248 1749 4362 1832 qui
4404 1750 4640 1816 severi·

2701 1843 2906 1902 tatem
2956 1835 3447 1902 decernentium
3494 1834 3926 1918 impediturus
3975 1835 4175 1901 fuerit
4188 1885 4204 1914 ,
4262 1832 4642 1901 moderatio-

2702 1943 2877 2073 αἰξὶ
2897 1920 3449 2071 noniiphrobiberffi
3493 1927 3907 2072 stalssuefflfdli
3896 1927 3973 1984 ut
4006 1919 4539 2072 vellenttbldnatam
4553 1928 4645 2070 aet

2700 2028 2741 2072 a
2879 2028 3008 2073 ven
3171 2014 3471 2071 centiam.
3624 2027 3731 2070 am
3908 2026 4226 2072 um.a1
4397 2028 4516 2072 um
4612 2042 4642 2055 -

2698 2095 2921 2177 legare
2968 2093 3143 2171 nolo,
3200 2094 3313 2174 qui
3358 2098 3644 2158 veterem
3694 2093 3948 2157 romani
3987 2026 4303 2157 sermgnis
4348 2096 4501 2171 [pag.
4539 2097 4640 2170 20]

2700 2179 3056 2263 puritatem
3098 2177 3430 2245 interdum
3472 2177 3767 2262 negligit.

2876 2262 3133 2331 Caetera
3174 2263 3331 2329 bom
3374 2284 3500 2346 pro
3541 2263 3832 2345 portione
3881 2259 4203 2349 fortunae]
4294 2262 4535 2329 Potest
4581 2270 4645 2328 et

2701 2348 2964 2416 divisim
3018 2349 3151 2433 legi
3167 2400 3185 2429 ,
3239 2369 3355 2432 pro
3398 2350 3707 2431 portiom,
3750 2358 3818 2413 et
3858 2355 3936 2414 ut
3977 2349 4064 2414 sit
4105 2369 4312 2413 unum
4353 2347 4640 2428 verbum,

2700 2456 2832 2501 uno
2885 2435 3243 2518 eodemque
3307 2443 3521 2500 stante
3584 2455 3797 2500 sensu.
3901 2433 4245 2516 Proportio
4298 2441 4399 2500 est
4457 2454 4643 2518 quam

2703 2521 2944 2587 Graeci
2997 2518 3315 2601 ἀναλογίαν
3367 2526 3619 2586 vocant.
3726 2519 3919 2586 Unde
3984 2518 4159 2602 apud
4222 2519 4644 2595 Aristotelem

2702 2606 2812 2671 lib.
2861 2607 2943 2670 V.
2995 2605 3384 2672 Etbicorum
3436 2604 3545 2670 ius
3601 2605 3952 2690 analogum
3968 2657 3984 2683 ,
4043 2605 4231 2689 quasi
4284 2606 4641 2690 proportio-

2701 2691 2851 2756 nale
2894 2693 2998 2775 (ut
3038 2692 3132 2756 ita
3170 2691 3414 2774 dicam)
3456 2690 3627 2773 quod
3668 2691 3740 2754 in
3785 2690 4253 2758 distribuendis
4295 2690 4642 2757 honoribus

2700 2784 3019 2854 versatur,
3048 2777 3539 2859 comparatione
3571 2777 3875 2860 utrinque
3911 2778 4149 2843 habita.
4212 2777 4465 2843 Probat
4497 2797 4643 2861 ergo

2699 2859 2956 2927 Seneca
2995 2863 3257 2927 virtutis
3302 2861 3497 2930 hnius'
3533 2861 3985 2928 excellentiam
4028 2860 4109 2926 ab
4147 2861 4453 2941 utilitate,
4499 2863 4644 2946 quia

2699 2948 2983 3016 maxime
3026 2949 3111 3014 sit
3168 2947 3535 3032 popularis:
3591 2949 3776 3014 cuius
3829 2948 4081 3015 fructus
4126 2946 4209 3013 ad
4252 2968 4482 3014 omnes
4524 2951 4643 3015 rei-

2700 3033 2996 3118 publicae
3036 3033 3296 3100 ordines
3338 3034 3678 3117 pertineat.
3767 3034 4159 3100 Liberalitas
4202 3033 4474 3117 quidem
4516 3036 4641 3100 vir-

2699 3128 2806 3186 tus
2857 3127 2961 3197 est
3007 3141 3160 3185 vere
3216 3119 3423 3204 regia,
3480 3119 3596 3185 sed
3649 3140 3782 3185 non
3906 3119 4095 3186 rinde
4134 3121 4206 3185 in
4249 3140 4481 3186 omnes
4527 3118 4641 3185 dif-

2700 3205 3012 3271 funditur.
3114 3206 3199 3270 In
3252 3204 3743 3289 magistratibus
3787 3225 3824 3269 e
3853 3205 4105 3290 'gendis
4118 3257 4133 3284 ,
4192 3206 4262 3269 in
4307 3205 4641 3271 conferen-

2700 3291 2801 3357 dis
2847 3291 3272 3375 dignitatibus
3327 3288 3520 3358 debet
3580 3290 3824 3357 habere
3878 3291 4180 3381 princeps
4233 3311 4393 3376 prae
4448 3290 4643 3358 oculis

2698 3377 2803 3443 ius
2836 3376 3002 3444 illud
3035 3377 3406 3462 analogum,
3443 3396 3528 3442 ne
3563 3377 3650 3443 sit
3688 3376 3915 3460 iniqua
3947 3376 4333 3443 distributio.
4426 3375 4642 3459 Quare

2699 3483 2834 3529 non
2885 3472 3100 3547 potest
3151 3461 3639 3542 liberalitatem,
3666 3463 4030 3546 promiscue
4085 3482 4408 3528 exercere.
4499 3461 4641 3528 Ole-

2694 3550 2984 3615 mentiae
3028 3550 3232 3613 vitam
3274 3555 3602 3630 acceptam
3636 3547 4091 3613 indifferenter
4130 3548 4373 3626 ferunt,
4413 3547 4642 3632 quibus

2699 3634 3024 3718 parcitum
3066 3641 3183 3712 est,
3229 3635 3369 3700 sive
3412 3633 3719 3699 senatorii
3762 3634 3898 3698 sint
3940 3632 4206 3712 ordinis,
4244 3633 4385 3698 sive
4423 3634 4643 3702 infima

2702 3720 2783 3786 de
2824 3720 3031 3802 plebis
3048 3765 3055 3774 ,
3072 3720 3267 3786 faece.

2875 3805 3008 3870 Nec
3049 3811 3141 3869 est
3179 3803 3540 3891 quisquam]
3597 3805 3724 3870 Est
3776 3805 4136 3887 occupatio,
4195 3824 4361 3887 quae
4407 3803 4642 3870 transi·

2702 3901 2845 3957 tum
2885 3891 3042 3957 facit
3084 3889 3167 3955 ad
3209 3890 3583 3974 proximum
3625 3898 3848 3973 caput,
3904 3909 3990 3954 ne
4032 3890 4137 3955 cui
4179 3887 4484 3955 videatur
4524 3890 4641 3954 mi-

2703 3998 2828 4043 nus
2870 3977 3165 4044 consulte
3219 3974 3494 4054 dictum,
3552 3996 3778 4042 omnes
3832 3973 4006 4041 idem
4049 3994 4090 4039 a
4131 3973 4481 4041 clementia
4533 3995 4641 4041 ex-

2700 4070 3012 4146 spectare,
3057 4064 3365 4144 quoniam
3405 4061 3809 4142 innocentes,
3851 4061 3964 4144 qui
4006 4060 4441 4127 conscientiae
4480 4058 4640 4135 fidu·

2702 4151 2803 4216 cia
2847 4148 3165 4226 nituntur,
3212 4147 3447 4213 nolunt
3483 4146 3608 4212 sibi
3641 4147 3890 4231 ignosci
3933 4148 3991 4212 si
4032 4145 4189 4228 quid
4231 4145 4637 4230 deliquerint.

2702 4234 2878 4301 Hinc
2931 4233 3044 4298 illa
3096 4233 3365 4300 Catonis
3420 4253 3549 4299 vox
3600 4233 3796 4317 plena
3852 4232 4249 4312 securitatis,
4309 4251 4381 4297 se
4436 4231 4641 4316 grafia

2701 4319 2907 4403 quam‘
2931 4340 3015 4385 ex
3049 4320 3398 4386 benefactis
3433 4319 3868 4401 exspectabat,
3912 4318 4159 4400 privari
4192 4317 4407 4398 malle,
4449 4336 4641 4400 quam

2702 4425 2834 4471 non
2875 4405 3056 4471 luere
3099 4425 3379 4488 poenam
3421 4424 3585 4487 quae
3627 4425 3711 4469 ex
3752 4403 4071 4469 maleficio
4110 4403 4232 4469 sibi
4277 4401 4636 4469 deberetur.

2701 4492 2965 4562 Verum
3009 4489 3262 4557 Seneca
3314 4490 3500 4568 dicit,
3559 4489 3815 4555 nullum
3867 4488 4193 4554 obstinate
4233 4488 4403 4555 adeo·
4443 4487 4639 4554 fidere

2701 4577 3153 4655 conscientiae,
3198 4586 3446 4641 ut‘non
3484 4575 3675 4640 malit
3714 4577 3975 4642 veniam
4018 4573 4143 4640 sibi
4173 4585 4472 4657 paratam
4503 4592 4641 4638 esse

2702 4664 2758 4728 si
2814 4662 3069 4812 quffido
3123 4661 3366 4812 deHvia
3420 4658 4638 4822 dffieffiwqmodmffimffi

3099 4796 3114 4811 .
3779 4768 3802 4809 1
4295 4766 4332 4809 r

2701 4769 2942 4898 32²2}
2983 4768 3254 4899 fgssiofi,
3282 4767 3534 4898 Ἐῖιὶῖιῑ.
3624 4798 3907 4898 ovidids
3924 4767 4011 4897 q?
4050 4765 4404 4898 &¹5⁰qu

3042 5003 3323 5073 stultaque
3360 4933 3510 5059 meEnts
3521 4934 4313 5072 mlgbzsugogbgffmegoght·

2700 5069 2792 5155 st
2833 5089 2985 5157 aubi
3027 5088 3290 5173 pluries
