4984 5975
826 1486 1054 1552 VITA
1098 1486 1526 1554 SENECAE
1572 1486 2090 1554 FIDELI'PER
2135 1481 2847 1552 TRANSSORIP'I'A
2887 1488 3019 1554 EX
3063 1487 3349 1556 BONIS
3393 1488 3953 1570 AU'I'ORIBUS,

1928 1598 2115 1665 PER
2161 1594 2282 1663 10.
2328 1592 2850 1665 GALWNUM.

443 1754 450 1763 '
548 1772 632 1837 L.
660 1772 982 1838 Annaeus
1006 1772 1062 1857 ¹)
1098 1772 1353 1838 Seneca
1378 1772 1666 1855 equestri
1702 1782 1770 1837 ot
1791 1769 2182 1854 provinciali
2201 1769 2342 1835 1000
2391 1770 2397 1823 ι

389 1866 575 1923 natus
593 1909 609 1935 ,
667 1856 956 1924 familiae
998 1880 1155 1924 suae
1197 1877 1441 1923 nomen
1483 1858 1697 1942 magis
1741 1857 1917 1923 vitae
1961 1856 2342 1940 integritate

390 1951 450 2008 et
497 1944 829 2010 severiore
887 1943 1210 2026 doctrina,
1278 1965 1474 2028 quam
1534 1943 1739 2029 gestis
1793 1942 2190 2008 militaribus
2229 1947 2345 2005 aut

387 2050 602 2095 rerum
645 2030 942 2097 civilium
984 2031 1224 2113 peritia
1264 2030 1640 2096 illustravit.
1709 2029 1922 2113 Capta
1965 2029 2144 2093 enim
2179 2027 2343 2093 Cor-

391 2114 555 2183 duba
599 2115 832 2199 patria,
879 2117 1011 2180 iam
1054 2124 1242 2201 patre
1286 2116 1486 2182 orbus
1501 2168 1518 2195 ,
1564 2115 1847 2181 Romam
1892 2135 2043 2180 cum
2086 2110 2343 2179 duobus

387 2199 693 2268 fratribus
752 2201 1062 2268 Gallione
1117 2212 1186 2269 et
1240 2201 1420 2268 Mela
1472 2201 1811 2286 migravit:
1877 2198 1991 2265 ubi
2047 2198 2344 2282 aliquan·

394 2294 526 2353 tum
573 2287 888 2372 temporis
930 2288 1254 2374 transegit
1295 2310 1430 2353 non
1473 2282 1718 2372 magna
1759 2285 2099 2371 dignitate.
2169 2285 2344 2349 'Pan-

395 2372 532 2439 dem
594 2375 716 2441 sub
786 2375 1134 2457 imperium
1192 2373 1531 2459 Caligulae
1600 2373 1813 2455 coepit
1878 2371 2108 2438 haberi
2173 2372 2346 2436 inter

393 2460 739 2544 praecipua
782 2461 1189 2544 eloquentiae
1228 2460 1479 2527 decora.
1559 2460 1669 2523 Ex
1712 2480 1788 2524 eo
1831 2458 2044 2542 magis
2085 2479 2160 2524 ac
2203 2477 2344 2521 ma·

438 2547 450 2560 '
539 2546 1001 2613 inclarescere:
1069 2556 1148 2612 ut
1202 2545 1505 2613 nonnulli
1573 2546 1774 2611 fuisse
1843 2545 2016 2609 hanc
2081 2564 2342 2609 causam

393 2567 664 2700 ffiudio
719 2633 1099 2699 existiment
1152 2654 1272 2698 cur
1329 2653 1482 2697 eum
1532 2632 1604 2696 in
1659 2629 1946 2697 insulam
2000 2631 2340 2715 relegaret.

395 2717 716 2785 Exsilium
783 2719 1066 2785 infracta
1132 2719 1336 2784 animi
1414 2716 1741 2801 aequitate
1809 2716 1987 2781 tulit:
2061 2724 2344 2781 matrem

394 2805 584 2871 etiam
655 2804 969 2871 Albinam
1033 2825 1221 2871 casus
1276 2805 1381 2870 sui
1445 2824 1740 2869 moerore
1773 2828 1778 2834 ·
1808 2802 2125 2868 deiectam
2190 2823 2344 2867 con-

394 2898 640 2957 stanter
692 2891 1062 2959 consolatus
1115 2898 1232 2958 est.
1320 2891 1487 2957 Post
1532 2909 1654 2973 ope
1693 2889 2100 2974 Agrippinae
2151 2887 2344 2953 resti-

392 2984 572 3045 tutus
585 3030 603 3058 ,
658 2977 946 3044 adscitus
1001 2978 1072 3043 in
1124 2976 1423 3043 ordinem
1468 2975 1869 3043 senatorium
1913 2982 1982 3040 et
2035 2980 2385 3058 praetura·

393 3063 650 3131 functus
664 3116 682 3144 ,
739 3062 1110 3129 Domitium
1167 3064 1383 3129 adhuc
1437 3084 1747 3147 puerum,
1808 3060 2092 3128 necdum
2146 3059 2344 3143 adop-

393 3157 604 3216 tatum
647 3173 687 3216 a
732 3149 1027 3228 Claudio,
1071 3151 1143 3215 in
1187 3148 1598 3233 disciplinam
1641 3148 1919 3231 accepit:
1967 3146 2157 3213 cuius
2204 3153 2346 3212 stu-

395 3235 496 3301 dia
537 3247 612 3303 et
663 3258 879 3303 mores
934 3236 1109 3302 bona
1163 3235 1293 3302 fide
1339 3234 1624 3301 excoluit
1637 3285 1652 3313 ,
1708 3234 1915 3300 donec
1959 3234 2103 3298 iure
2146 3231 2344 3315 adop-

393 3322 588 3389 tionis
647 3331 908 3389 mortuo
978 3321 1250 3388 Claudio
1314 3321 1398 3386 ad
1460 3321 1814 3404 imperium
1880 3328 2341 3385 assumeretur.
2395 3359 2398 3368 ι

393 3409 563 3475 'Dum
618 3432 754 3477 non
808 3408 964 3475 dare
1020 3408 1306 3492 speciem
1366 3407 1854 3492 praecipientis,
1912 3404 2028 3472 sed
2083 3404 2345 3470 iuvenis

394 3495 663 3562 consilia
719 3494 1004 3561 civiliter
1057 3492 1411 3560 moderari:
1485 3500 1564 3557 ut
1630 3491 1802 3557 nihil
1853 3492 1991 3557 fere
2044 3510 2165 3572 pro
2221 3491 2345 3554 im-

391 3583 573 3732 Eerio
616 3588 878 3668 gereret
919 3580 1097 3646 Nero
1140 3581 1282 3646 sine
1323 3580 1462 3646 eius
1512 3579 1883 3644 autoritate.
1972 3575 2348 3643 Accedebat

455 3689 651 3734 urrus
665 3668 726 3753 ²)
781 3668 1148 3751 praefectus
1201 3664 1559 3749 praetorio,
1615 3666 1719 3730 vir
1771 3662 2045 3728 militari
2099 3662 2345 3728 virtute

391 3752 668 3820 illustris
721 3762 790 3818 et
848 3753 1028 3820 vitae
1082 3773 1467 3835 morumque
1521 3751 1807 3834 integer,
1863 3749 1936 3814 in
1977 3748 2152 3814 idem
2194 3769 2347 3813 cum

396 3857 470 3903 eo
534 3840 974 3906 consentiens.
1083 3839 1178 3903 Hi
1236 3838 1366 3903 duo
1430 3835 1622 3903 facile
1676 3835 2107 3902 adolescentis
2161 3835 2349 3919 inge-

394 3925 579 3990 nium
635 3923 1076 4005 sustinebant,
1140 3946 1225 3990 ne
1278 3924 1504 3990 statim
1557 3924 1629 3988 in
1685 3921 1872 4005 peius
1926 3929 2165 3987 rueret.
2255 3920 2351 3986 At

394 4030 551 4077 vero
610 4032 810 4077 mors·
849 4009 1059 4090 illius,
1115 4032 1232 4077 seu
1288 4009 1516 4076 morbo
1529 4059 1547 4087 ,
1613 4029 1730 4074 seu
1783 4006 2013 4073 fraude
2065 4005 2349 4072 Neronis

393 4095 664 4176 interiit,
710 4095 905 4165 valde
945 4096 1217 4181 infregit
1258 4094 1552 4163 Senecae
1594 4094 1973 4178 potentiam.
2064 4092 2197 4158 Hic
2240 4113 2345 4158 oc-

393 4184 723 4260 casionem
779 4183 986 4261 nacti,
1050 4182 1163 4266 qui
1217 4203 1351 4248 non
1406 4179 1790 4247 desinebant
1844 4179 2034 4245 malis
2098 4177 2349 4244 artibus

391 4268 807 4354 imperatoris
859 4268 1148 4334 indolem
1213 4286 1663 4352 corrumpere,
1727 4266 1867 4331 eius
1919 4287 1958 4329 o
2128 4264 2345 4330 crimi-

391 4356 538 4422 nari
598 4377 801 4441 supra
856 4354 1118 4422 civilem
1164 4353 1430 4420 modum
1497 4359 1775 4430 evectas,
1835 4359 1940 4416 stu
1991 4352 2052 4417 'a
2102 4349 2346 4416 civium

385 4440 455 4507 in
501 4464 660 4509 eum
703 4462 1049 4520 conversa,
1104 4440 1450 4506 hortorum
1489 4438 1958 4502 amoenitatem
1971 4488 1988 4515 ,
2033 4435 2340 4502 villarum

383 4528 967 4613 magnificentiam.
1028 4524 1330 4608 Quarum
1373 4545 1598 4591 rerum
1633 4521 1950 4589 invidiam
1996 4519 2173 4605 apud
2206 4520 2272 4586 N
2274 4541 2341 4585 e-

383 4633 622 4679 ronem
664 4612 1049 4698 deprecatus
1092 4610 1362 4690 Seneca,
1406 4617 1840 4678 commeatum
1888 4608 2089 4673 etiam
2131 4606 2339 4691 petiit,

383 4709 451 4765 et
501 4709 587 4765 ut
640 4700 944 4766 formae
998 4719 1156 4764 suae
1222 4696 1634 4781 splendorem
1651 4747 1667 4775 ,
1735 4714 1931 4779 quem
1985 4694 2118 4759 iam
2168 4693 2341 4759 ferre

383 4806 512 4852 non
559 4793 813 4869 posset,
858 4806 1140 4869 opesque
1184 4805 1369 4862 suas,
1423 4803 1588 4867 quae
1631 4780 1754 4848 sibi
1813 4788 2073 4846 tantum
2117 4778 2339 4844 odium

521 5061 587 5130 1)
631 5060 740 5116 Ra.
766 5076 859 5130 pr.
893 5059 1133 5114 Anticus.
1339 5056 1402 5126 2)
1443 5054 1536 5112 Sic
1567 5056 1776 5125 ubiquae.

2447 1770 2840 1850 conflarent,
2898 1772 2967 1837 in
3023 1772 3226 1838 alium
3283 1774 3691 1840 transferret.
3780 1772 3892 1843 Ad
3945 1775 4109 1841 haec
4161 1777 4415 1842 causari

2448 1855 2687 1920 fessam
2744 1865 3028 1923 aetatem
3082 1866 3149 1924 et
3205 1857 3650 1925 valetudinem
3717 1860 3941 1926 minus
3999 1881 4408 1945 prosperam:

2448 1941 2686 2092 qiuiisbus
2736 1950 2962 2009 tamen
3007 1965 3142 2012 non
3182 1946 3403 2027 potuit
3441 1947 3773 2027 evincere,
3816 1953 3895 2011 ut
3936 1948 4227 2029 quietem
4270 1955 4411 2013 stu·

2619 2036 3018 2113 impetraret.
3106 2031 3403 2097 Mutavit
3443 2039 3666 2098 tamen
3701 2032 4053 2116 pristinam
4086 2033 4262 2099 vitae
4305 2056 4414 2100 ra-

2448 2113 2715 2178 tionem.
2817 2114 2991 2180 Nam
3058 2124 3279 2183 coetus
3334 2117 3770 2184 salutantium
3824 2116 4187 2203 prohibuit,
4242 2119 4413 2186 vita-

2448 2199 2549 2264 vit
2592 2201 2999 2267 comitantes.
3060 2203 3284 2269 Rarus
3321 2223 3444 2287 per
3484 2202 3735 2283 urbem,
3779 2204 4038 2288 publico
4074 2205 4411 2271 abstinuit.

2449 2285 2749 2350 Rursum
2814 2288 3030 2353 oravit
3095 2288 3271 2354 ruris
3322 2298 3678 2370 secretum,
3745 2311 3947 2374 quum
4008 2290 4186 2356 Nero
4252 2289 4414 2359 diris

2447 2370 2783 2470 suppliciis
2837 2373 3236 2457 impotenter
3302 2376 3588 2442 saeviret
3640 2375 3710 2440 in
3767 2375 4210 2455 Christianos,
4281 2398 4412 2460 quo

2447 2456 2769 2523 invidiam
2813 2458 3139 2544 sacrilegii
3184 2482 3226 2525 a
3267 2481 3338 2526 se
3379 2468 3724 2540 averteret,
3776 2462 3878 2527 vel
3920 2463 4077 2545 quia
4119 2462 4245 2527 sibi
4286 2483 4403 2546 pa-

2448 2550 2670 2642 ratum
2747 2545 2932 2611 iussu
2996 2545 3281 2611 Neronis
3346 2568 3677 2612 venenum
3754 2544 4124 2630 proditione
4192 2546 4412 2614 liberti

2449 2638 2826 2695 resciverat.
2930 2629 3079 2712 Quo
3124 2652 3257 2696 non
3300 2632 3677 2716 impetrato,
3734 2632 4035 2700 cubiculo
4090 2654 4162 2698 se
4205 2634 4410 2698 conti-

2449 2715 2597 2779 nuit
2637 2718 2823 2798 quasi
2869 2737 3066 2801 aeger
3108 2718 3349 2784 nervis.
3442 2715 3776 2784 Successit
3826 2738 3965 2783 non
4009 2718 4221 2783 multo
4261 2724 4409 2802 post

2449 2802 2815 2868 coniuratio
2864 2802 3226 2869 Pisoniana
3239 2857 3254 2883 ,
3311 2805 3489 2869 inter
3544 2805 3731 2870 cuius
3777 2805 4065 2870 conscios
4109 2805 4409 2870 nomina-

2449 2893 2561 2952 tus
2616 2887 2699 2953 ab
2748 2887 2966 2955 indice
3004 2888 3227 2955 Natali
3242 2940 3258 2968 ,
3315 2891 3615 2973 quamvis
3669 2911 3805 2955 non
3855 2890 4240 2956 manifestus
4285 2891 4410 2957 cri-

2449 2972 2680 3053 minis,
2738 2982 2960 3041 tamen
3015 2977 3202 3060 quasi
3258 2974 3474 3042 laesae
3531 2976 3889 3043 maiestatis
3942 2999 4095 3042 reus
4139 2976 4410 3043 damna·

2449 3067 2558 3125 tus
2603 3069 2721 3126 est.
2810 3062 3057 3129 Missus
3100 3069 3204 3129 est
3242 3064 3533 3147 primum
3579 3062 3871 3130 Gravius
3916 3062 4232 3129 Silvanus
4289 3064 4409 3128 tri-

2447 3144 2664 3213 bunus
2707 3147 2996 3214 cohortis
3038 3149 3421 3232 praetoriae,
3467 3149 3577 3232 qui
3625 3155 4124 3232 percontaretur
4166 3169 4255 3213 an
4287 3171 4411 3215 aua

2447 3232 2654 3298 verba
2710 3243 3093 3317 agnosceret
3110 3286 3127 3315 ,
3182 3235 3420 3318 quibus
3464 3236 3792 3301 accusatio
3835 3235 4185 3302 nitebatur.
4275 3233 4409 3317 Qui

2451 3316 2561 3382 ubi
2620 3326 2688 3383 et
2737 3319 3068 3404 intrepido
3124 3320 3315 3386 vultu
3379 3321 3725 3406 agnovisse
3779 3330 3847 3386 et
3900 3340 4248 3387 excusasse
4300 3341 4407 3385 re-

2449 3402 2635 3484 tulit,
2681 3405 3133 3490 mterrogante
3175 3406 3275 3472 Po
3321 3408 3487 3490 poia,
3522 3407 3573 3492 ¹)
3617 3427 3706 3471 an
3748 3406 4189 3473 voluntariam
4231 3425 4408 3470 mor-

2451 3496 2587 3554 tem
2641 3499 2931 3591 pararet,
3004 3512 3239 3592 respon
3290 3492 3343 3556 ‘t
3392 3491 3648 3557 nullum
3720 3512 3792 3557 se
3855 3493 4087 3558 mortis
4142 3490 4406 3575 signum

2451 3578 3844 3749 ffrffrshafflffimifflfflsaa
3870 3576 4407 3727 mam

2454 3747 2669 3813 dicere
2711 3749 2931 3816 iussus
2973 3756 3092 3815 est.
3183 3749 3349 3817 Voci
3394 3761 3615 3815 tamen
3660 3759 3727 3815 et
3759 3749 4053 3832 aspectui
4097 3748 4405 3831 pepercit,

2451 3833 2938 3918 intromisitque
2984 3856 3195 3900 unum
3250 3857 3334 3901 ex
3382 3833 3874 3902 centurionibus
3888 3885 3906 3912 ,
3963 3833 4078 3916 qui
4120 3834 4406 3900 necessi·

2454 3928 2659 3985 tatem
2713 3920 3017 3986 ultimam
3084 3919 3529 3987 denunciaret.
3633 3919 3780 3985 Hoc
3835 3928 4099 4003 accepto
4163 3919 4407 3984 nuncio

2454 4004 2712 4071 tabulas
2754 4007 3134 4072 testamenti
3166 4008 3474 4091 poposcit,
3520 4015 3588 4070 et
3620 4005 3986 4089 denegante
4022 4006 4405 4071 centurione

2453 4089 2540 4154 ad
2582 4092 2826 4159 amicos
2870 4112 3241 4171 conversus,
3286 4093 3400 4177 qui
3447 4111 3670 4160 secum
3712 4091 3841 4156 duo
3890 4089 4404 4169 discumbebant,

2452 4177 2761 4260 quoniam
2807 4177 3006 4243 aliam
3048 4179 3292 4244 referre
3331 4178 3614 4264 gratiam
3656 4198 3791 4242 non
3828 4186 4075 4261 posset,
4122 4174 4292 4240 dixit
4333 4197 4405 4242 se

2451 4262 2586 4327 illis
2641 4263 3014 4348 relinquere
3065 4264 3237 4347 quod
3291 4263 3565 4329 haberet
3614 4262 4162 4347 pulcherrimum,
4224 4262 4403 4327 vitae

2452 4368 2610 4414 suae
2665 4350 3041 4434 imaginem.
3143 4350 3315 4415 Tum
3380 4349 3767 4432 Pompeiam
3819 4347 4177 4415 Paulinam
4238 4368 4400 4413 uxo-

2401 4429 2436 4486 N
2449 4454 2595 4498 rem
2637 4434 3034 4534 complexus,
3079 4436 3337 4519 rogavit
3376 4441 3455 4500 ut
3505 4432 3711 4500 dolori
3754 4441 4156 4518 temperaret
4198 4440 4265 4498 et
4303 4433 4400 4497 la-

2450 4539 2712 4604 crymis.
2813 4520 2943 4586 Illa
3012 4541 3207 4586 omne
3260 4520 3569 4586 solatium
3636 4518 3951 4600 abnuere,
4009 4517 4400 4584 adseverare

2384 4609 2392 4640 ⁴
2448 4612 2731 4671 mortem
2789 4604 2914 4672 sibi
2969 4606 3365 4673 destinatam
3380 4658 3395 4685 ,
3461 4627 3737 4672 manum
3789 4605 4193 4690 percussoris
4247 4624 4399 4687 pos-

2447 4711 2614 4758 cere.
2724 4692 2908 4792 Ergo
2973 4691 3199 4758 eodem
3264 4692 3399 4792 ictu
3464 4692 3735 4758 brachia
3797 4691 3973 4757 ferro
4028 4689 4396 4790 exsolvunt.

2448 4774 2584 4843 Sed
2637 4777 2989 4857 Paulinae,
3054 4798 3256 4862 quum
3308 4781 3442 4843 iam
3507 4777 3793 4843 multum
3853 4797 4193 4860 sangmms
4245 4795 4394 4858 ege-

2686 4944 2853 4951 ——

2586 5052 2644 5116 1)
2686 5050 2779 5106 sse
2811 5053 3031 5121 ubsque.-
