4984 5975
2093 315 2831 385 PRoLEeoifflNA.
3821 301 3836 315 ‘
4294 320 4480 390 xm

469 507 594 575 TV.
658 506 768 575 De
811 508 1081 575 Coena
1123 508 1410 573 Domini.
1501 508 1583 573 V.
1647 508 2086 592 Epinicion
2128 505 2397 573 Christo
2440 514 2797 574 cantatum.
2904 506 3024 573 V1.
3095 507 3667 575 Oatechismus
3711 509 4023 577 ecclesiae
4063 513 4477 596 genevensis,

467 621 593 687 hoc
635 628 741 685 est
792 620 1075 687 formula
1119 618 1461 686 erudiendi
1503 640 1744 703 pueros
1795 620 1865 683 in
1912 618 2210 685 doctrina
2250 618 2519 684 Christi.
2609 618 2766 684 VII.
2831 619 3218 685 Formula
3250 628 3973 694 ‚sacramentorum
4014 622 4480 691 administran-

471 733 705 798 dorum
759 733 831 796 in
887 753 1084 797 usum
1134 730 1442 798 ecclesiae
1495 732 1882 815 genevensis
1934 730 2315 815 conscripta.
2403 730 2600 797 VIII.
2668 729 2983 796 Defensio
3040 753 3239 798 sanae
3283 739 3351 797 et
3393 731 3792 798 orthodoxae
3833 731 4165 800 doctrinae
4209 733 4291 800 de
4332 756 4470 802 ser-

467 845 682 913 vitute
721 849 789 909 et
829 842 1218 910 liberatione
1280 841 1555 908 humani
1612 842 1895 921 arbitrii,
1949 840 2265 908 adversus
2306 841 2667 907 calumnias
2708 843 3040 917 Alberti,
3082 842 3370 927 Pighii
3410 843 3814 929 Campensis.
3903 844 4029 911 IX.
4095 846 4478 912 Admonitio

471 964 753 1041 paterna
821 955 1060 1020 Pauli
1115 955 1349 1020 tertii
1410 955 1666 1020 romani
1726 954 2069 1019 Pontificis
2136 953 2221 1019 ad
2278 951 2629 1019 Caesarem
2697 953 3013 1019 Carolum
3079 956 3410 1038 quintum,
3484 976 3637 1020 cum
3704 956 3969 1022 scholiis
4034 958 4127 1023 Io.
4193 958 4478 1026 Calvini.

465 1066 556 1134 X.
602 1066 974 1134 Articuli
1020 1088 1060 1132 a
1103 1065 1534 1133 Faculta'te
1579 1086 1800 1131 sacrae
1843 1065 2209 1149 theologiae
2251 1064 2696 1150 parisiensfi
2740 1065 3155 1131 determinati
3200 1085 3398 1149 super
3439 1067 3734 1134 materiis
3776 1066 3931 1132 fidei
3974 1076 4240 1135 nostrae
4284 1067 4481 1139 hodie

463 1179 937 1257 controversis,
995 1200 1147 1245 cum
1191 1177 1504 1243 antidoto.
1591 1178 1718 1242 XI.
1785 1176 2159 1260 Supplex
2214 1177 2720 1259 exhortatio,
2778 1177 2862 1242 ad
2905 1176 3258 1244 Caesarem
3300 1177 3617 1245 Car-olum
3671 1179 3977 1262 quintum
4028 1186 4099 1245 et
4133 1181 4479 1267 Principes

466 1291 760 1375 aliosque
799 1288 1062 1356 ordines
1106 1288 1343 1373 Spirae
1383 1289 1643 1372 imperii
1696 1297 2097 1354 conventum
2149 1298 2448 1373 agentes,
2508 1288 2588 1354 de
2641 1290 3029 1355 necessitate
3085 1289 3540 1356 reformandae
3593 1290 3922 1357 ecclesiae.
4011 1292 4172 1358 XII.
4238 1294 4478 1361 Brevis

464 1403 811 1489 instructio
854 1401 1232 1467 muniendis
1275 1400 1576 1468 fidelibus
1620 1399 1940 1466 adversus
1979 1420 2233 1467 errores
2278 1414 2494 1465 sectae
2537 1401 2766 1465 Anab
2780 1420 2873 1483 ap
2887 1401 2995 1467 tis
3009 1408 3290 1473 tarum.
3378 1401 3582 1481 Item,
3642 1402 3960 1468 adversus
4013 1404 4366 1470 &usticam
4411 1415 4481 1471 et

459 1517 778 1581 furiosam
821 1521 1069 1580 sectam
1109 1513 1736 1578 Libertinorum
1778 1511 1891 1595 qui
1933 1531 2006 1575 se
2048 1509 2442 1594 spirituales
2483 1522 2739 1577 vocant.
2829 1513 3034 1591 Item,
3079 1513 3378 1596 Epistola
3420 1513 3506 1578 ad
3545 1511 3770 1580 fideles
3812 1514 3927 1597 qui
3970 1515 4224 1599 degunt
4271 1516 4481 1582 Roto-

472 1627 673 1710 magi,
718 1625 1032 1691 adversus
1065 1625 1700 1691 Franciscanum
1737 1622 2065 1707 quendam
2099 1623 2601 1690 [libertinorum
2637 1625 2879 1689 erroris
2910 1628 3348 1690 sectatorem..
3407 1624 3607 1690 XIII.
3673 1625 4061 1693 Admonitio
4094 1646 4227 1710 qua
4259 1634 4479 1694 osten-

475 1738 659 1804 ditur
699 1756 898 1821 quam
940 1760 978 1802 e
1021 1757 1095 1801 re
1136 1736 1530 1803 christianae
1573 1734 1969 1818 reipublicae
2010 1736 2180 1800 foret
2221 1732 2616 1801 Sanctorum
2673 1755 2947 1818 corpora
2987 1744 3058 1801 et
3106 1736 3507 1819 reliquias
3548 1737 3733 1802 velut
3771 1739 3842 1802 in
3883 1737 4334 1831 inventarium
4374 1760 4481 1805 re-

468 1850 623 1935 digi,
672 1868 838 1933 quae
882 1856 1018 1914 tam
1058 1848 1130 1913 in
1165 1847 1361 1912 Italia
1402 1867 1603 1930 quam
1645 1847 1717 1910 in
1754 1845 2010 1925 Gallia,
2059 1847 2449 1926 Germania,
2497 1846 2824 1930 Hispania
2858 1849 3257 1931 caeterisque
3293 1849 3666 1931 regionibus
3701 1849 4042 1915 habentur.
4126 1849 4318 1919 XIV.
4376 1851 4481 1917 De

464 1960 842 2028 vitandis
897 1958 1666 2043 superstitionibus,
1733 1979 1900 2041 quae
1955 1980 2109 2025 cum
2166 1960 2422 2024 sincera
2472 1957 2628 2023 fidei
2681 1958 3084 2024 confessione
3138 1968 3454 2044 pugnant.
3544 1961 3714 2026 Item
3771 1962 4106 2027 excusatio
4162 1961 4481 2030 adversus

467 2070 1279 2139 Pseudonicodemos.
1369 2068 1627 2151 Quibus
1691 2069 1964 2136 accessit
2027 2090 2418 2153 responsum
2481 2080 2820 2154 pastorum
2884 2060 3214 2155 tigurinae
3277 2071 3605 2138 ecclesiae.
3704 2071 3861 2137 XV.
3939 2073 4113 2139 Acta
4166 2072 4479 2158 Synodi

469 2184 1046 2263 Tridentinae,
1103 2204 1255 2249 cum
1283 2181 1603 2247 antidoto.
1692 2180 1884 2246 XVI.
1954 2182 2137 2247 Vera
2177 2182 2580 2248 christianae
2633 2182 3247 2264 pacificationis
3302 2190 3370 2248 et
3422 2183 3734 2249 ecclesiae
3786 2184 4239 2251 reformandae
4291 2186 4478 2265 ratio,

467 2317 601 2362 una
645 2316 800 2362 cum
842 2292 1216 2378 appendice.
1305 2293 1535 2359 XVII.
1603 2293 1983 2358 Admonitio
2022 2293 2340 2359 adversus
2383 2293 2943 2376 Astrologiam
2980 2314 3183 2387 quam
3222 2292 3630 2360 iudiciariam
3667 2303 3921 2373 vocant,
3966 2295 4256 2379 aliasque
4288 2318 4491 2383 prae-p

467 2418 648 2474 terea
691 2408 1103 2473 curiositates
1145 2405 1501 2471 nonnullas
1544 2426 1710 2488 quae
1749 2401 1944 2470 hodie
1987 2426 2106 2487 per
2150 2406 2536 2470 universum
2577 2405 2712 2469 fere
2758 2402 2983 2468 orbem
3027 2410 3429 2488 grassantur.
3507 2405 3770 2470 xvm.
3838 2406 4004 2472 Gon
4017 2407 4290 2473 sensio
4332 2429 4480 2474 mu-

467 2530 586 2584 tua
624 2520 695 2584 in
740 2539 812 2584 re
855 2517 1395 2596 sacramentaria,
1453 2518 1907 2582 ministrorum
1964 2517 2379 2601 tigurinae
2432 2516 2740 2582 ecclesiae
2791 2526 2858 2579 et
2897 2514 2991 2580 Io.
3039 2513 3303 2581 Calvini
3358 2515 3647 2581 ministri
3703 2518 4092 2600 genevensis
4146 2518 4476 2587 maenae.

468 2629 669 2696 xlx.
745 2630 850 2695 De
904 2628 1315 2715 scandalis
1368 2627 1605 2712 quibus
1659 2626 1853 2692 hodie
1905 2627 2202 2711 plerique
2256 2627 2740 2707 absterrentur,
2800 2626 3106 2692 nonnulli
3162 2627 3364 2692 etiam
3418 2627 3796 2693 alienantur
3838 2650 3878 2693 a
3926 2650 4097 2713 pura
4151 2630 4479 2714 evangelii

465 2740 781 2808 doctrina.
870 2740 1031 2806 XX.
1098 2740 1204 2806 De
1243 2750 1511 2806 aeterna
1549 2740 1679 2805 Dei
1717 2737 2313 2824 praedestinatione
2354 2759 2483 2821 qua
2525 2738 2598 2803 in
2643 2737 2922 2805 salutem
2964 2738 3127 2804 alios
3169 2759 3255 2803 ex
3296 2737 3670 2805 hominibus
3712 2737 3931 2824 elegit,
3974 2740 4134 2807 alios
4175 2761 4295 2807 suo
4338 2741 4479 2807 exi-

467 2854 560 2918 tio
602 2852 886 2936 reliquit.
952 2852 1145 2931 Item,
1188 2853 1270 2918 de
1311 2850 1725 2936 providentia
1766 2870 1895 2934 qua
1934 2871 2044 2915 res
2086 2849 2408 2916 humanas
2451 2851 2796 2934 gubernat,
2843 2849 3315 2917 Consensus
3354 2857 3691 2934 pastorum
3734 2853 4231 2935 genevensis
4272 2852 4476 2920 eccle-

466 2964 603 3030 siae
647 2984 688 3030 a
729 2964 820 3031 Io.
869 2962 1149 3031 Calvino
1193 2963 1545 3047 expositus.
3332 2989 3349 3009 ›
4390 2984 4401 2998 ·

777 3075 1003 3144 Series
1065 3075 1523 3160 opusculorum
1581 3095 1781 3158 quam
1844 3072 2054 3139 editor
2106 3073 2453 3141 constituit
2505 3075 2732 3157 paucis
2786 3075 3075 3158 exceptis
3130 3073 3216 3139 ad
3268 3079 3639 3158 temporum
3700 3077 4022 3141 rationem
4076 3087 4306 3142 exacta
4356 3083 4474 3141 est.

471 3186 666 3270 Quod
708 3188 793 3254 ad
836 3206 1206 3253 sermonem
1245 3189 1483 3252 attinet
1523 3207 1650 3270 quo
1693 3186 1938 3270 singuli
1982 3193 2301 3253 tractatus
2343 3187 2633 3268 primum
2674 3186 2746 3251 in
2788 3186 3003 3252 lucem
3045 3185 3205 3251 editi
3259 3185 3556 3272 fuerunt,
3613 3187 3684 3251 in
3740 3195 3880 3252 tota
3928 3186 4045 3251 illa
4098 3187 4479 3253 collectione

469 3301 757 3383 quinque
810 3308 968 3366 sunt
1009 3298 1114 3366 vel
1170 3320 1288 3365 sex
1338 3297 1570 3384 gallice
1625 3298 1707 3362 ab
1763 3304 1996 3362 autore
2049 3297 2399 3380 conscripti
2454 3306 2524 3370 et
2579 3298 2660 3364 ab
2714 3299 2855 3381 ipso
2909 3297 3204 3364 Gallasio
3260 3296 3367 3381 (ut
3406 3295 3795 3381 plurimum)
3851 3298 4178 3364 latinitate
4230 3298 4474 3379 donati,

472 3410 721 3479 scilicet
760 3410 862 3475 illi
900 3431 1061 3495 quos
1096 3410 1180 3475 N.
1225 3408 1348 3475 IV.
1392 3408 1553 3475 VII.
1595 3408 1760 3473 ΧΠ.
1805 3407 2006 3474 ΧΙΠ.
2053 3415 2120 3480 et
2160 3408 2389 3474 XVIL
2433 3409 2918 3494 insignivimus,
2965 3414 3032 3474 et
3071 3407 3265 3473 XIV.
3310 3429 3395 3473 ex
3436 3416 3642 3490 parte.

775 3520 887 3588 Ad
924 3542 1161 3588 manus
1201 3522 1330 3587 fuit
1368 3520 1706 3605 exemplar
1748 3519 2197 3587 Bibliothecae
2235 3521 2479 3588 civicae
2524 3521 2891 3601 turicensis,
2937 3523 3123 3586 cuius
3164 3520 3532 3603 praefectus
3547 3570 3564 3598 ,
3608 3521 3714 3585 vir
3753 3520 4151 3586 clarissimus
4194 3519 4475 3586 Iacobus

465 3633 812 3699 Hornerus
825 3684 844 3713 ,
899 3633 1054 3698 inde
1098 3655 1138 3698 a
1179 3632 1548 3700 studiorum
1590 3639 1967 3697 nostrorum
2011 3631 2531 3717 cdv‘nianomm
2585 3629 2962 3715 primordiis
3015 3651 3095 3697 ea
3147 3639 3287 3696 tam
3338 3630 3698 3697 liberaliter
3739 3631 4045 3697 omnibus
4096 3627 4306 3696 modis
4358 3630 4475 3695 ad-

443 3744 638 3809 iuvit
651 3795 671 3824 ,
728 3744 1203 3828 thesaurosque
1257 3764 1415 3810 suae
1467 3740 1802 3811 custodiae
1846 3741 2129 3808 creditos
2173 3752 2310 3808 tam
2351 3743 2487 3809 late
2529 3751 2756 3826 patere
2797 3742 3032 3820 voluit,
3091 3750 3167 3807 ut
3216 3763 3583 3827 nunquam,
3630 3742 3736 3809 vel
3778 3741 4173 3809 cumulatius
4216 3739 4476 3825 pmdi-

461 3863 607 3921 cata
649 3854 864 3936 laude,
900 3858 1155 3922 meritis
1189 3862 1408 3940 grates
1443 3874 1757 3939 aequasse
1798 3852 1989 3919 nobis
2024 3852 2379 3922 videamur.
2456 3854 2881 3938 (Nuperrime
2916 3855 3076 3938 ipsis
3119 3854 3532 3921 rarissimum
3574 3874 3741 3936 opus
3783 3851 4105 3919 redimere
4147 3854 4472 3940 contigit.)

2323 4220 2334 4240 ι
2415 4179 2505 4245 Π.

2049 4349 2375 4418 ΕΒῙΤΙΟ
2418 4349 2871 4417 BARBIRH.

770 4524 1126 4591 Pauciores
1175 4533 1497 4591 tractatus
1555 4546 1639 4590 ex
1694 4523 1828 4590 illis
1880 4544 2041 4608 quos
2096 4523 2432 4591 Gallesius
2489 4520 2786 4589 ediderat
2834 4524 3049 4589 forma
3101 4521 3339 4586 minori
3396 4519 3732 4584 octonaria
3785 4517 3999 4585 denuo
4063 4519 4472 4588 excuderunt

461 4657 636 4702 anno
684 4640 713 4698 l
726 4638 848 4701 563
893 4635 956 4701 N
957 4636 1206 4702 icolaus
1246 4633 1526 4702 Barbier
1565 4646 1634 4702 et
1673 4635 1962 4701 Thomas
2002 4634 2350 4715 Oourteau,
2379 4635 2800 4720 *typographi
2840 4653 3243 4719 genevensss
3278 4631 3391 4713 qui
3424 4611 3618 4696 antea
3649 4630 3910 4714 prelum
3942 4631 4243 4698 Basileae
4276 4652 4468 4698 exer-

457 4755 754 4824 cuerant,
799 4768 1209 4832 quorumque
1253 4747 1578 4814 emblema
1619 4747 1691 4812 in
1732 4746 2228 4831 Prolegomenis
2260 4746 2638 4812 Voluminis
2666 4747 2859 4812 tertii
2900 4765 3172 4828 operum
3214 4740 3479 4807 Oalvini
3520 4762 3667 4826 pag.
3705 4740 3950 4807 XLIII
3985 4741 4465 4825 descripsimus.

461 4857 693 4924 Facies
736 4856 945 4924 libelli
987 4858 1150 4925 haec
1192 4867 1321 4925 est:

771 4956 1280 5043 IOANMS
1347 4989 1354 5068 Ι
1421 4957 1758 5043 Caluini
1818 4957 2316 5072 opuscula}
2372 4968 2477 5034 De
2522 4969 2780 5035 animae
2832 4963 3342 5032 immortalitate.
3395 4967 3405 5050 Ι
3454 4966 3707 5033 Contra
3749 4962 4248 5046 Anabaptistns,
4291 4965 4300 5046 ι
4348 4964 4467 5028 Li-

461 5081 772 5162 bertinos,
813 5091 880 5146 et
915 5081 925 5158 Ι
965 5081 1396 5147 Franciscum
1437 5079 1785 5165 quendam.
1839 5084 1850 5166 Ι
1898 5081 2007 5148 De
2043 5081 2334 5148 vitandis
2377 5080 2863 5165 superstitioni·
2888 5079 2898 5162 Ι
2924 5076 3061 5142 bus.
3106 5077 3138 5159 ΙΙ
3182 5076 3434 5142 Contra
3465 5075 4102 5143 Pseudonicodemos
4139 5076 4149 5158 Ι
4188 5083 4257 5140 et
4289 5073 4465 5141 Gon-

459 5192 606 5258 silia
629 5193 838 5259 -PhiL
895 5192 1153 5258 Melan·
1178 5191 1192 5278 Ι
1217 5191 1504 5273 cthonis,
1559 5193 1836 5260 Martini
1895 5193 2158 5272 Buceri,
2211 5195 2223 5277 Ι
2272 5192 2458 5258 Petri
2508 5192 2825 5277 Martyris
2881 5197 2949 5253 et
3003 5190 3206 5274 eius-l
3238 5186 3389 5254 dem
3437 5188 3730 5266 Caluini,
3796 5188 3999 5251 etiam
4051 5206 4203 5252 con·
4232 5184 4463 5269 {clusio
