4984 5975
2115 1683 2768 1783 EPISTOLA
2851 1685 3307 1782 PRIMA.

908 1875 1034 1940 DE
1096 1869 1612 1941 FUGIENDIS
1678 1869 2159 1939 IMPIORUM
2221 1868 2668 1937 ILLIOI'PIS
2736 1868 3069 1937 SAORIS
3086 1922 3102 1949 ,
3160 1871 3280 1935 ΕΤ
3343 1870 3812 1978 PURITA'IJE
3870 1867 4501 1937 CHRISTIANAE

2057 1990 2287 2056 RELI
2297 1989 2621 2057 GIONIS
2682 1987 3338 2058 OBSERVANDA.

958 2201 1240 2266 Ioannes
1285 2197 1602 2349 Οο1ἦ1οἒ8
1653 2196 1899 2281 optimo
1954 2196 2096 2263 viro
2144 2202 2213 2261 et
2265 2197 2473 2261 amico
2517 2197 2653 2262 sin-

873 2406 1019 2489 Ego
1044 2423 1220 2484 vero,
1258 2402 1648 2469 amicissime
1681 2403 1904 2482 frater,
1944 2402 2401 2468 molestissime
2434 2410 2658 2468 tecum

704 2492 870 2571 fero,
927 2512 1003 2558 00
1055 2511 1173 2573 pro
1227 2497 1432 2555 eo·ut
1474 2487 1706 2569 debeo,
1763 2490 1942 2555 vices
1996 2495 2145 2553 tuas
2199 2488 2500 2553 miseror:
2547 2489 2656 2553 001

705 2576 1001 2644 000ᾶο10
1045 2597 1129 2641 ex
1171 2574 1286 2640 illa
1305 2574 1613 2659 Aegypto
1649 2595 1984 2659 emergere
2004 2574 2237 2652 liceat,
2281 2574 2351 2638 in
2385 2594 2515 2656 qua
2556 2581 2658 2637 tot

703 2662 1034 2729 idolorum
1065 2659 1600 2743 idololatriaeque
1641 2668 1947 2743 portenta
1985 2659 2417 2726 obversantur
2439 2661 2488 2741 ι)
2534 2658 2656 2724 tibi

706 2746 985 2827 assidue,
1010 2767 1085 2813 ao
1108 2745 1314 2813 oculis
1346 2746 1481 2811 tuis
1513 2745 1943 2831 ingeruntur:
1989 2744 2072 2810 ad
2103 2766 2386 2829 quorum
2411 2745 2657 2809 famam

707 2854 915 2917 quum
958 2833 1105 2916 piae
1153 2852 1346 2897 aures
1399 2832 1931 2914 perhorrescant,
1992 2831 2321 2914 praesenti
2388 2839 2657 2914 aspectu

706 2918 928 2985 oculos
970 2917 1284 3004 (quorum
1327 2917 1575 2984 scilicet
1616 2926 1684 2983 et
1725 2917 2119 2983 tenerrimus
2163 2923 2264 2983 est
2287 2937 2547 2997 sensus,
2591 2924 2659 2981 et

704 3005 1162 3074 vehementius
1205 3003 1511 3085 afficitur)
1557 3026 1636 3071 su
1683 3024 1757 3069 ra
1800 3018 1998 3087 quam
2040 3002 2168 3070 dici
2212 3008 2457 3085 potest,
2504 3023 2655 3087 gra-

706 3093 882 3158 viter
920 3089 1184 3169 offendi,
1230 3109 1348 3172 par
1390 3098 1507 3156 est.
1656 3089 1869 3174 ogeris
1914 3095 2207 3172 spectare
2254 3089 2356 3171 (ut
2393 3088 2654 3173 narras)

705 3176 779 3241 in
820 3175 1162 3243 monachis
1205 3183 1272 3240 et
1314 3175 1697 3243 sacrificulis
1730 3173 1950 3240 foedas
1991 3174 2349 3257 impietatis
2390 3174 2653 3254 formas,

706 3262 780 3327 in
822 3263 1011 3346 plebe
1046 3261 1225 3326 mille
1261 3282 1505 3344 genera
1538 3260 2101 3344 superstitionum,
2139 3259 2423 3343 plurima
2456 3280 2656 3326 verae

706 3349 1041 3433 religionis
1064 3345 1376 3413 ludibria:
1414 3346 1647 3430 quibus
1682 3348 1900 3412 omnia
1931 3346 2080 3412 istic
2115 3354 2370 3412 scatent
2405 3353 2475 3410 et
2507 3366 2655 3429 per-

705 3440 1025 3518 strepunt.
1069 3433 1136 3498 A
1155 3433 1391 3516 quibus
1413 3432 1802 3516 spectaculis
1824 3431 1938 3515 qui
1958 3431 2163 3497 oculis
2195 3432 2331 3497 suis
2358 3439 2653 3515 parcunt,

706 3540 819 3587 eos
861 3519 1087 3585 beatos
1120 3519 1454 3584 existimo:
1489 3526 1727 3602 praeut
1758 3516 1874 3582 illa
1909 3525 2013 3582 est
2033 3526 2166 3597 tua,
2211 3538 2408 3601 quam
2429 3517 2653 3596 refers,

702 3627 861 3675 vere
912 3606 1158 3675 misera
1198 3603 1570 3670 necessitas.
1672 3603 1756 3668 In
1809 3603 2039 3686 primis
2087 3622 2276 3681 vero,
2323 3624 2658 3669 summum

705 3690 875 3757 illud
918 3689 1482 3757 abominationum
1525 3690 1818 3755 omnium
1864 3696 2083 3771 caput,
2129 3688 2356 3768 Missa,
2402 3698 2658 3773 specta-

707 3779 908 3844 bilem
943 3798 1013 3843 80
1057 3795 1135 3842 00
1167 3773 1512 3842 visendam
1547 3774 1831 3853 exhibet,
1871 3795 1946 3840 00
1978 3774 2154 3839 inter
2187 3774 2473 3857 reliquas
2518 3796 2657 3838 om-

704 3884 826 3929 nes
845 3863 1172 3944 nequitiae
1207 3868 1430 3944 partes
1465 3860 1658 3945 longe
1694 3861 2163 3943 supereminet:
2202 3861 2273 3925 in
2306 3881 2437 3944 qua
2468 3859 2658 3944 quid-

707 3947 864 4031 quid
920 3947 1460 4013 sceleratissimae
1516 3946 1871 4030 impietatis
1915 3947 2191 4030 cogitari
2232 3953 2463 4029 potest,
2509 3967 2657 4029 per·

705 4038 1024 4115 peti-atur.
1112 4031 1515 4097 Huiusmodi
1571 4032 1939 4115 spectacula
1996 4033 2052 4097 si
2106 4030 2358 4098 ludicra
2414 4039 2655 4110 essent,

705 4124 976 4201 possent
1007 4118 1174 4182 forte
1207 4117 1322 4184 abs
1356 4126 1423 4183 te
1457 4116 1684 4183 rideri:
1732 4137 1907 4182 0000
1950 4126 2171 4182 autem
2213 4117 2325 4182 ubi
2368 4117 2657 4182 maxime

708 4203 880 4269 seria
921 4210 1095 4281 sunt,
1132 4221 1282 4267 cum
1316 4204 1707 4287 gravissima
1741 4202 1873 4268 Dei
1906 4201 2319 4279 contumelia,
2363 4222 2500 4267 non
2538 4201 2657 4267 du-

706 4289 844 4355 bito
873 4287 1069 4370 (quae
1089 4296 1206 4353 tua
1226 4296 1328 4354 est
1361 4290 1599 4373 pietas)
1641 4290 1801 4372 quin
1833 4288 2030 4353 bilem
2065 4287 2187 4352 tibi
2215 4287 2429 4371 magis
2505 4308 2656 4354 uam

710 4374 1007 4457 splenem
1026 4381 1350 4453 moveant,
1376 4374 1485 4441 vel
1503 4374 1830 4460 lacrymas
1869 4374 2087 4456 potius
2122 4373 2398 4440 eliciant.
2529 4373 2658 4439 uod

709 4466 931 4525 autem
973 4478 1230 4524 mecum
1285 4458 1639 4540 deliberas,
1686 4481 1818 4543 qua
1870 4467 1937 4524 te
1992 4459 2274 4547 ratione,
2322 4460 2498 4525 inter
2543 4481 2657 4524 ne-

707 4543 909 4611 fanda
946 4544 1065 4610 illa
1107 4543 1446 4629 sacrilegia
1490 4553 1557 4611 et
1598 4545 1962 4631 Babylonis
2007 4544 2230 4611 sordes
2244 4595 2263 4624 ,
2305 4544 2379 4610 in
2422 4546 2658 4628 quibus

711 4651 832 4714 pro
897 4631 1208 4713 temporis
1270 4651 1618 4715 rerumque
1684 4642 1951 4697 tuarum
2011 4630 2380 4697 conditione
2432 4631 2657 4697 vivere

707 4737 888 4782 nunc
936 4714 1058 4780 tibi
1099 4735 1364 4782 0000880
1405 4724 1508 4782 est
1521 4768 1537 4796 ,
1583 4739 1826 4801 purum
1857 4716 2147 4781 Domino
2190 4723 2386 4800 atque
2418 4717 2656 4800 impol-

711 4802 926 4867 lutum
980 4821 1357 4867 conserves:
1411 4800 1483 4866 id
1536 4803 1799 4886 quidem
1852 4823 1973 4887 ego
2024 4802 2421 4886 perlibenter
2468 4804 2654 4881 facio,

710 4894 850 4953 tota
901 4895 979 4953 ut
1033 4908 1113 4952 ea
1166 4885 1246 4951 de
1299 4906 1374 4951 re
1417 4888 1620 4952 animi
1662 4890 1792 4955 mei
1835 4910 2102 4954 sensum
2144 4888 2266 4954 tibi
2309 4908 2654 4971 00000010,

711 4993 916 5056 00(100
957 4972 1188 5057 magis,
1230 4971 1402 5054 quod
1443 4993 1645 5055 quum
1688 4974 1930 5041 multos
1973 4973 2185 5054 hodie,
2231 4975 2344 5057 (101
2385 4980 2656 5057 gustum

707 5059 838 5124 Dei
859 5059 1141 5143 aliquem
1164 5057 1533 5142 percepisse
1562 5057 1772 5125 videri
1805 5060 2054 5141 volunt,
2090 5059 2474 5143 professioni
2497 5079 2653 5125 suae

845 5245 903 5312 1)
941 5248 1311 5316 observantur,
1349 5242 1502 5301 1552.
1543 5241 1695 5300 1576.
1733 5242 1885 5315 1597,
1921 5264 2057 5303 vous
2091 5254 2218 5304 sont
2249 5261 2321 5302 au
2354 5245 2558 5302 devant
2589 5245 2654 5302 G.

2752 2178 3026 2243 minime
3065 2178 3460 2261 respondere
3506 2179 3936 2262 conspiciam:
3983 2178 4108 2245 hac
4147 2185 4375 2242 tamen
4415 2176 4481 2241 in
4519 2180 4676 2258 parte

2758 2270 2906 2345 [pag.
2953 2269 3019 2344 4]
3065 2266 3481 2348 praesertim,
3537 2265 3911 2348 plerosque,
3965 2265 4101 2329 fere
4162 2283 4393 2329 omnes
4447 2283 4486 2327 a
4531 2269 4680 2326 recta

2759 2351 2867 2418 via
2906 2348 3217 2416 decedere
3256 2350 3459 2417 video.
3529 2350 3758 2433 Neque
3793 2350 3984 2416 valde
4034 2369 4193 2415 8000
4242 2346 4550 2431 impedita
4586 2365 4672 2412 res

2759 2444 2875 2514 est,
2899 2436 3244 2503 consilium
3276 2436 3402 2503 hac
3434 2434 3516 2502 de
3555 2458 3627 2501 re
3650 2436 3826 2516 dare,
3872 2437 3928 2503 si
3955 2436 4114 2502 1010
4137 2435 4268 2501 Dei
4303 2432 4672 2517 disciplinam

2757 2530 2970 2587 totum
3012 2520 3382 2601 tradideris,
3428 2536 3705 2605 tuosque
3741 2522 4012 2588 affectus
4056 2540 4289 2587 omnes
4331 2521 4466 2585 eius
4510 2515 4672 2584 vei-bo

2759 2605 3117 2674 domandos
3139 2608 3531 2690 permiseris.
3609 2607 3746 2674 Sed
3766 2608 3985 2674 nescio
4021 2605 4350 2690 quomodo
4371 2606 4533 2672 bona
4547 2623 4674 2687 paro

2759 2701 3057 2759 nostrum
3107 2692 3407 2776 improba
3456 2694 3826 2759 temeritate
3878 2693 4196 2759 adversus
4251 2693 4398 2758 eius
4435 2687 4677 2774 imperia

2759 2778 3096 2844 interdum
3151 2778 3583 2858 exsultamus,
3641 2799 3716 2845 ac
3772 2780 3855 2846 iis
3912 2779 4307 2861 contemptis
4321 2827 4337 2857 ,
4382 2784 4493 2842 aut
4528 2781 4675 2842 certe

2760 2864 3043 2942 omissis,
3103 2862 3383 2948 ideoque'
3434 2881 3501 2930 et
3544 2864 3965 2948 contemptis,
4012 2871 4240 2929 earum
4285 2883 4504 2929 rerum
4540 2879 4677 2944 quas

2760 2950 3074 3016 acerrime
3108 2950 3559 3033 prohibebant,
3584 2952 3632 3033 ¹)
3669 2950 4021 3031 licentiam,
4046 2949 4305 3034 quoties
4326 2947 4500 3029 libet,
4521 2943 4676 3045 001118

2758 3037 3051 3103 facimus.
3121 3037 3339 3119 Atque
3382 3036 3452 3102 id
3493 3037 3907 3120 potissimum
3962 3038 4035 3102 in
4076 3037 4413 3120 praesenti
4452 3040 4679 3118 negotio

2758 3145 2882 3188 usu
2925 3123 3154 3187 venire
3197 3123 3376 3188 solet.
3446 3121 3674 3204 Quum
3707 3123 3886 3187 enim
3919 3123 3986 3203 ii,
4023 3122 4140 3207 qui
4173 3124 4355 3189 inter
4387 3121 4544 3187 tales
4582 3137 4678 3182 011·

2758 3209 3013 3292 gustias
3068 3216 3450 3288 versantur,
3494 3209 3721 3293 quales
3737 3280 3747 3292 ‚
3764 3210 3830 3274 te
3871 3230 4048 3275 nunc
4089 3210 4544 3285 circumstant,
4580 3224 4680 3269 neo

2759 3292 3302 3377 tranquillitatem
3355 3315 3426 3359 se
3481 3316 3672 3360 suam
3726 3295 3926 3374 tueri,
3964 3316 4087 3360 nee
4130 3315 4285 3360 0010
4326 3294 4408 3359 118
4446 3291 4679 3376 (1011108-

2704 3420 2709 3455 :
2760 3401 2909 3445 cum
2967 3380 3205 3445 vivunt
3219 3431 3234 3457 ,
3289 3381 3574 3446 retinere
3628 3400 3699 3445 se
3753 3401 3941 3463 posse
3995 3377 4417 3446 concordiam
4458 3374 4679 3462 prospi-

2759 3467 2960 3545 ciunt,
3006 3466 3136 3531 nisi
3179 3486 3406 3531 eorum
3447 3465 3851 3532 idololatriae
3887 3465 4255 3532 simulando
4302 3463 4678 3548 indulgeant,

2758 3560 2945 3617 tanta
2998 3552 3120 3618 hac
3165 3551 3550 3626 difficultate
3592 3552 3837 3618 obsessi
3890 3558 4088 3635 atque
4122 3550 4428 3635 impliciti
4442 3601 4458 3629 ,
4500 3546 4679 3632 magis

2759 3636 2916 3720 quid
2953 3637 3076 3702 sibi
3104 3636 3424 3719 expediat,
3465 3659 3659 3721 quam
3682 3636 3840 3720 quid
3863 3638 4007 3704 Deo
4028 3637 4308 3721 plweat:
4348 3635 4552 3720 magis
4572 3650 4679 3716 quo

2761 3722 2954 3789 modo
2976 3723 3273 3788 homines
3297 3721 3586 3788 habeant
3617 3723 3954 3807 propitios,
3979 3742 4175 3806 quam
4197 3743 4329 3807 quo
4351 3721 4498 3787 Deo
4517 3718 4679 3786 satis·

2759 3809 3019 3888 faciant,
3045 3810 3353 3892 cogitant.
3421 3808 3700 3874 Interim
3736 3808 4181 3874 defensionem
4215 3828 4473 3892 quoque
4504 3801 4681 3870 medi·

2760 3901 3005 3973 tantur,
3050 3914 3180 3976 qua
3223 3913 3374 3959 suas
3413 3895 3839 3960 conscientias
3883 3902 4143 3960 arment
4183 3915 4407 3961 coram
4429 3892 4553 3958 Dei
4582 3888 4680 3953 tri·

2761 3979 3014 4045 bunali:
3061 4001 3132 4044 se
3168 3980 3436 4044 minime
3469 3981 3836 4046 consentire
3878 3979 4180 4046 interiori
4212 3979 4432 4046 cordis
4474 3977 4682 4042 affectu

2761 4066 2834 4130 in
2878 4065 3084 4130 ullam
3123 4066 3555 4148 impietatem:
3602 4064 3717 4131 sed
3751 4064 4022 4144 modica,
4060 4085 4266 4149 eaque
4310 4064 4575 4131 innoxia
4609 4061 4681 4157 81·

2759 4151 3118 4215 mulatione
3152 4171 3222 4215 se
3256 4152 3422 4215 inire
3456 4151 3798 4230 rationem,
3834 4173 3966 4235 qua
3996 4151 4458 4235 imperitorum
4497 4148 4681 4214 1101111·

2760 4258 2924 4302 0010
2966 4236 3377 4321 ignorantiae
3433 4235 3693 4301 cedant:
3750 4237 3990 4320 quibus
4033 4239 4127 4302 810
4169 4236 4412 4303 0101108
4454 4229 4681 4301 consul·

2762 4323 2897 4387 turi
2951 4322 3112 4402 sint,
3166 4323 3223 4386 si
3265 4342 3394 4405 qua
3446 4343 3594 4406 spes
3647 4331 3747 4389 est
3796 4343 3907 4388 eos
3950 4322 4197 4388 erudiri
4252 4342 4475 4406 posse:
4529 4322 4682 4413 certe

2760 4429 2922 4492 (1008
2967 4428 3223 4473 summo
3265 4428 3382 4474 suo
3423 4408 3718 4491 periculo
3731 4460 3749 4488 ,
3805 4408 3987 4473 nullo
4038 4409 4256 4474 fi-uctu
4270 4459 4288 4489 ,
4345 4405 4573 4473 maiori
4617 4402 4682 4500 .¹.¹‘

2761 4494 3012 4560 bertate
3066 4495 3326 4559 irritare
3383 4494 3659 4558 stultum
3718 4495 3819 4559 sit.
3899 4494 4153 4560 Verum
4206 4493 4453 4559 talibus
4503 4490 4683 4557 initus

2760 4579 3063 4645 videmus
3105 4580 3369 4644 ruinam
3404 4599 3591 4643 suam
3624 4580 4010 4663 auspicatos,
4053 4579 4290 4664 quibus
4327 4580 4454 4645 hac
4487 4581 4686 4643 nostra

2758 4667 3073 4731 memoria
3115 4665 3417 4748 contigit,
3461 4664 3629 4730 velis
3672 4674 4032 4743 retrorsum
4078 4665 4273 4744 datis,
4331 4665 4405 4730 in
4447 4660 4684 4729 naufra-

2759 4753 2941 4837 gium
2984 4771 3347 4828 recurrere,
3398 4749 3573 4815 unde
3629 4758 3992 4816 enatarent.
4078 4751 4421 4834 Principio
4435 4802 4451 4830 ,
4505 4763 4686 4832 quum

2758 4857 3071 4922 magnum
3106 4835 3211 4901 vol
3245 4836 3316 4899 in
3350 4844 3700 4917 conspectu
3743 4835 4095 4903 discrimen’
4136 4846 4329 4915 esset,
4376 4836 4433 4901 81
4472 4830 4684 4918 quibus

2758 4924 2831 4988 in
2875 4922 3070 4988 rebus
3124 4919 3462 5005 oportebat
3513 4922 3800 5006 ingenue
3849 4924 4317 5006 profiterentur
4361 4919 4533 5006 quod
4583 4916 4686 4982 har·

2758 5175 3143 5301 nouslzlefflg:
3181 5174 3318 5231 ¹5⁷5
3352 5191 3492 5248 ⁸⁶44·
3527 5177 3841 5234 mendant=
3888 5179 4225 5248 prohibeant.
4302 5177 4531 5235 Gallns:
4572 5168 4681 5243 qu'il
