4984 5975
371 347 440 409 ⁶1
1773 345 2065 411 LIBER
2106 346 2162 412 Ι.
2252 345 2558 415 01101·
2599 345 2721 412 v1.
2790 346 2947 412 vn.
3641 397 3646 406 .
4013 425 4022 439 ,
4277 347 4359 409 62

370 539 522 611 tare,
582 538 801 598 utrum
852 534 1074 599 mundi
1114 539 1316 599 status
1353 535 1602 618 ριν-αἰὼν
1640 534 1835 600 oculis
1864 533 2317 616 pulchriorque

370 619 447 684 sit
496 637 715 683 sereno
768 623 823 683 et
862 639 1033 700 puro
1087 620 1191 685 die
1207 669 1222 699 ,
1283 640 1369 684 an
1423 639 1614 700 quum
1665 618 2030 703 fraqoribus
2084 619 2316 685 crebris

369 704 573 770 omnia
617 705 1001 785 quatiuntur,
1059 711 1117 770 et
1170 706 1345 789 iqnes
1385 706 1529 769 hinc
1567 711 1751 787 atque
1800 705 1980 771 illinc
2032 706 2312 772 micant?

373 789 570 872 Atqui
611 810 735 855 non
778 790 915 854 alia
953 791 1152 871 facies
1193 797 1281 856 est
1331 792 1522 874 quieti
1578 792 2004 873 moderatique
2061 792 2317 872 imperii

371 895 552 957 quam
593 877 802 940 sereni
844 876 993 942 coeli
1035 882 1089 940 et
1130 877 1399 942 uitantis.
1490 876 1752 942 Crudele
1790 897 2078 960 requam,
2125 878 2317 943 turbi-

367 962 531 1035 dum,
575 961 964 1043 tenebrisque
1005 961 1334 1028 obscurum
1375 969 1481 1042 est,
1528 964 1691 1027 inter
1732 966 2056 1028 trementes
2069 1014 2084 1040 ,
2131 969 2187 1028 et
2229 964 2315 1029 ad

365 1048 751 1127 repentinum
792 1048 1061 1111 sonitum
1114 1054 1603 1128 expavescentes,
1659 1067 1768 1114 nec
1808 1069 1876 1113 eo
1917 1050 2167 1129 quidem
2205 1050 2315 1130 qui

367 1133 573 1198 omnia
629 1132 952 1198 conturbat
999 1135 1375 1200 inconcusso.
1466 1135 1758 1199 Facilius
1788 1135 2069 1217 privatis
2110 1137 2316 1219 iquos-

235 1226 249 1236 ·
364 1219 522 1283 citur
542 1219 956 1300 pertinaciter
985 1238 1053 1283 se
1086 1220 1572 1285 vindicantibus.
1621 1220 1894 1285 Possunt
1928 1223 2095 1286 enim
2127 1221 2312 1300 laedi,

363 1305 652 1385 dolorque
707 1324 920 1368 eorum
974 1304 1051 1369 ab
1100 1306 1351 1370 iniuria
1407 1307 1589 1371 venit.
1693 1308 1941 1371 Timent
1990 1312 2315 1388 praeterea

365 1395 767 1470 contemptum
786 1415 805 1453 .·
843 1396 897 1454 et
939 1411 1062 1456 non
1103 1392 1389 1458 retulisse
1433 1393 1815 1458 laedentibus
1853 1394 2131 1474 qratiam
2148 1443 2163 1472 ,
2216 1394 2314 1457 iu-

359 1476 636 1557 firmitas
678 1475 940 1551 videtur,
984 1497 1107 1540 non
1141 1476 1482 1552 clementia.
1550 1479 1643 1544 At
1685 1481 1792 1544 cui
1832 1478 1988 1542 ultio
2010 1479 2060 1560 ¹)
2105 1479 2177 1543 in
2213 1479 2315 1561 fa·

360 1561 465 1627 oili
510 1567 631 1640 est,
690 1563 752 1626 is
796 1562 1033 1627 omissa
1076 1584 1177 1641 ea,
1234 1568 1461 1627 certam
1514 1565 1763 1630 laudem
1815 1564 2316 1628 mansuetudinis

364 1649 755 1728 consequitur
768 1672 787 1711 .·
829 1647 1057 1712 humili
1099 1649 1225 1713 loco
1256 1650 1493 1729 positis
1535 1671 1812 1716 exserere
1853 1669 2136 1728 manum,
2188 1649 2314 1713 liti-

359 1752 527 1816 9810,
570 1735 640 1796 iri
684 1733 900 1798 rixam
943 1753 1348 1814 procurrere,
1405 1735 1664 1801 liberius
1716 1743 1819 1802 est.
1912 1735 2101 1799 Leves
2153 1737 2315 1800 inter

352 1819 555 1901 paria
596 1819 759 1883 ictus
802 1826 963 1884 sunt.
1056 1819 1217 1903 Reqi
1256 1821 1612 1903 vociferatio
1654 1843 1914 1904 quoque,
1966 1821 2314 1886 verborum-

248 1957 254 1970 .
360 1925 469 1987 que
509 1905 1014 1985 intemperantia,
1057 1926 1178 1971 non
1223 1927 1300 1969 ex
1340 1909 1662 1973 maiestate
1694 1913 1803 1973 est.

527 2025 633 2089 Ne
677 2023 981 2089 videatur
1023 2047 1105 2089 ex
1151 2026 1427 2108 abrupto
1469 2028 1750 2096 transire
1793 2028 1877 2092 ud
1918 2028 2092 2092 hanc
2131 2028 2311 2092 simi·

358 2110 735 2186 litudimm,
792 2112 1135 2184 ,connectit
1198 2133 1347 2178 cum
1414 2112 1756 2195 prioribus,
1848 2112 2069 2194 Quum
2135 2115 2312 2178 enim

359 2195 634 2262 dixisset
687 2194 853 2260 nihil
908 2216 1051 2261 esse
1093 2197 1371 2281 principi
1416 2207 1555 2264 tam
1598 2200 2019 2284 magnificum
2038 2251 2052 2276 ‚
2112 2220 2310 2281 quam

357 2303 557 2366 quum
605 2282 877 2347 deorum
923 2283 1222 2366 exemplo
1266 2283 1595 2366 improbos
1640 2286 1906 2364 tolerat,
1954 2305 2028 2349 ac
2072 2285 2140 2348 in
2185 2306 2309 2348 nu·

354 2389 611 2433 merum
659 2368 989 2450 relinquit,
1036 2369 1147 2433 ubi
1193 2368 1475 2433 alterum
1518 2379 1618 2436 est
1660 2377 2060 2454 exsequutus
2104 2369 2184 2434 de
2228 2370 2308 2435 iis

352 2454 431 2518 ad
475 2463 744 2536 tempus
778 2453 1172 2538 tolerandis,
1234 2455 1345 2537 qui
1388 2455 1673 2521 civitatis
1727 2457 2035 2540 supplent
2076 2477 2307 2521 nume-

350 2560 518 2620 rum,
568 2561 750 2605 nunc
794 2538 879 2603 ad
923 2538 1193 2604 deorum
1251 2541 1654 2608 mentionem
1708 2543 2075 2607 revertitur.
2166 2540 2307 2607 Ad·

350 2633 578 2692 monet
620 2625 827 2710 igitur
866 2624 1231 2708 principem
1270 2626 1332 2690 le
1384 2628 1436 2692 's
1479 2628 1828 2706 naturalis,
1886 2635 1965 2693 ut
2015 2628 2102 2693 sit
2153 2627 2305 2693 sub-

350 2710 500 2777 ditis
547 2711 688 2778 suis
733 2709 911 2789 talis,
968 2711 1193 2794 quales
1239 2712 1361 2777 81111
1406 2734 1546 2778 0880
1593 2712 1747 2778 (1008
1792 2713 1976 2779 velit:
2023 2714 2135 2796 qui
2181 2713 2308 2779 sibi

346 2801 618 2862 ru'rsum
691 2795 1141 2875 dominantur,
1224 2804 1299 2861 ut
1364 2798 1504 2881 ipse
1568 2798 1942 2865 hominibus
2008 2800 2303 2882 imperat.

346 2880 541 2965 Quod
592 2884 648 2948 si
684 2883 953 2947 deorum
989 2882 1403 2967 indulgentia
1440 2885 1606 2950 vivit
1639 2904 1715 2949 80
1749 2888 1974 2969 spirat,
2021 2906 2139 2950 cur
2171 2906 2306 2949 11011

344 2967 540 3035 homo
587 2969 805 3052 potius
849 2967 1224 3034 hominibus
1270 2971 1587 3053 propitius
1632 2972 1759 3036 erit
1800 2977 1867 3038 et
1911 2969 2302 3037 exorabilis?

344 3052 457 3123 Sic
503 3054 796 3121 Ovidius
841 3054 926 3120 ad
968 3050 1361 3138 Augustum
1388 3057 1500 3122 lib.
1547 3058 1864 3123 Tristium
1908 3058 2031 3124 IL:

626 3166 682 3221 Si
720 3167 932 3287 quotics
967 3174 1199 3246 peccant
1232 3167 1493 3237 homines,
1533 3184 1633 3250 sua
1666 3169 1888 3251 fulmina
1921 3171 2101 3224 mittat

624 3241 2095 3385 118ῃὲ111111Ἓξῑῖξιιιῗίιὲο8ῑῒξὲῗ1ᾓῗιῗ8ἐξιξξιῖἐῧιῗίἓηέιὼοω,

728 3372 928 3425 Ρ818111
965 3371 1223 3426 (118088818
1258 3386 1388 3426 aera
1422 3372 1600 3427 reddit
1634 3376 1805 3442 801118.

337 3439 486 3511 [¹²⁸⁶
504 3440 607 3510 ⁵¹³
630 3440 1328 3577 Ῑωῗηίξίᾝρὶἰώὲἷὲἓὲε
1338 3440 1607 3565 dffiovrg
1611 3452 1836 3566 ⁰2:5ae
1848 3452 2122 3566 132⁸?ss

627 3577 711 3629 Tu
783 3593 960 3645 noque
997 3593 1158 3645 quum
1194 3579 1403 3645 patriae
1440 3585 1621 3632 rector
1657 3579 1836 3634 dicare
1874 3588 2152 3651 paterque,

778 3653 894 3699 tere
931 3661 1079 3699 more
1120 3645 1205 3699 dei
1244 3662 1439 3699 numen
1476 3646 1723 3702 habentis
1759 3649 1913 3727 idem.

338 3739 483 3807 Hoc
542 3750 773 3805 tamen
829 3740 1133 3818 interest,
1198 3740 1368 3823 quod
1436 3741 1546 3807 ille
1600 3745 1709 3807 Au
1806 3752 1907 3809 sto
1975 3744 2301 3826 adulatur,

334 3824 442 3891 hic
510 3824 967 3909 philosophice
1021 3827 1235 3909 praeci
1283 3827 1354 3891 it.
1442 3826 1714 3893 Plutarc
1764 3851 1841 3894 88
1908 3851 2162 3914 quoque
2222 3831 2303 3896 de

335 3932 489 3978 sera
535 3911 835 3977 numinis
869 3911 1186 3977 vindicta:
1303 3934 1457 3977 uum
1505 3912 1699 3978 deum
1736 3915 2055 3998 optimum
2091 3918 2303 3982 maxi-

330 4018 561 4077 mum,
621 3998 735 4080 qui
778 3998 1111 4062 neminem
1155 3997 1372 4076 timet,
1431 3998 1681 4065 nullius
1725 4000 1822 4065 rei
1865 3999 2143 4086 indiget,
2189 4005 2304 4085 qui

331 4083 527 4149 nulla
571 4083 982 4167 poenitentia
1024 4083 1172 4149 duci
1213 4091 1445 4168 potest,
1489 4085 1848 4151 vindictam
1894 4094 2117 4152 tamen
2162 4110 2303 4154 8118-

328 4168 637 4253 pendere
674 4189 1037 4248 cernamus,
1085 4170 1504 4252 ·debitumque
1541 4171 1891 4238 sceleribus
1926 4190 2303 4256 exspectare

328 4261 630 4339 tempus,
675 4276 795 4318 nos
836 4275 1091 4338 quoque
1133 4255 1324 4319 illum
1363 4256 1625 4335 imitari,
1674 4278 1748 4322 ac
1787 4257 2077 4341 placidos
2116 4259 2304 4325 reddi

330 4348 623 4423 oportet,
664 4340 1371 4423 mansuetudinemque
1414 4360 1489 4405 80
1532 4342 1968 4422 tolerantiam,
2015 4344 2303 4411 divinam

330 4426 614 4491 virtutis
669 4446 936 4491 censere
988 4427 1398 4509 particulam.
1489 4426 1662 4492 Vide
1717 4436 1796 4493 ut
1847 4429 2024 4495 idem
2081 4452 2302 4496 exem-

328 4510 524 4594 plum
575 4511 758 4578 varie
800 4512 1307 4578 accommodant.

518 4598 684 4679 Quis
727 4618 942 4681 requm
986 4599 1106 4663 erit
1150 4603 1320 4663 tutus
1333 4650 1349 4677 ,
1409 4600 1591 4663 cuius
1631 4620 1755 4664 non
1796 4599 2070 4666 membra
2122 4622 2305 4666 arus-

315 4680 537 4770 pices]
584 4680 660 4748 Si
696 4704 931 4766 regum
968 4683 1203 4749 delicta
1240 4683 1326 4749 dii
1363 4706 1589 4750 severe
1624 4694 2121 4768 persequantur,
2160 4687 2303 4770 quis

323 4789 579 4853 regum
617 4775 717 4832 est
751 4768 862 4851 qui
888 4776 1030 4834 'non
1064 4769 1137 4834 in
1170 4769 1378 4847 110188,
1401 4769 1761 4836 identidem
1797 4770 2057 4854 peccet?
2127 4770 2302 4852 Quid

324 4853 551 4937 igitur
596 4854 733 4936 spei
779 4853 1104 4937 reliquum
1146 4863 1264 4936 est,
1310 4877 1504 4940 quam
1548 4864 1624 4921 ut
1666 4858 1997 4941 aruspices
2034 4856 2116 4922 ad
2153 4856 2305 4922 deos

323 4938 789 5005 consulendos
822 4941 1096 5005 mittant
1136 4942 1208 5005 in
1250 4943 1689 5008 certissimum
1734 4963 1812 5008 ac
1850 4943 2304 5026 praesentissi-

319 5045 521 5089 mum
571 5026 806 5092 mortis
848 5026 1205 5092 nuncium?
1294 5028 1475 5094 Eant
1515 5048 1696 5093 nunc
1736 5050 1944 5114 reges,
1990 5038 2057 5095 et
2098 5031 2305 5113 impe-

468 5266 541 5331 1)
582 5262 733 5320 Eud.
773 5264 903 5318 1611
945 5281 1057 5335 sqq.
1093 5268 1241 5322 vitio.

2420 547 2670 601 ratores
2685 587 2700 615 ,
2758 555 3024 600 suorum
3081 535 3318 601 delicta
3367 533 3725 599 crudeliter
3766 532 4190 602 ulciscantur:
4250 533 4366 600 sed

2420 629 2776 704 agnoscant
2842 642 2986 686 esse
3042 620 3227 698 deos,
3292 619 3404 702 qui
3467 640 3591 684 sua
3654 619 3899 684 scelera
3953 617 4037 685 ad
4091 619 4367 685 eandem

2420 707 2736 772 amussim
2791 707 3045 791 pqssint
3096 707 3376 790 exigere.
3465 705 3792 787 Loquitur
3835 713 4057 770 autem
4113 705 4367 772 8011008

2419 793 2606 856 iuxta
2648 791 3054 857 ethnicorum
3097 793 3464 874 principum
3519 791 4077 873 superstitionem:
4139 792 4250 873 qui
4294 792 4367 856 in

2418 878 2589 943 extis
2643 877 2969 961 pecudum
3024 877 3304 942 salutem
3360 897 3546 941 suam
3611 898 3682 941 re
3728 877 3960 941 ositam
4026 876 4365 959 putabant,

2419 971 2487 1026 et
2541 965 2874 1046 aruspices
2941 984 3088 1028 cum
3155 961 3281 1027 diis
3344 963 3414 1026 in
3480 962 3821 1026 consilium
3874 963 4228 1027 mittebant
4283 961 4364 1027 de

2419 1049 2557 1112 vita
2596 1049 3008 1131 fortunisque
3054 1050 3217 1114 suis:
3276 1068 3478 1132 quum
3522 1054 3744 1113 tamen
3786 1046 3954 1112 nihil
3996 1048 4198 1113 fuerit
4237 1069 4363 1112 un·-

2418 1154 2616 1216 quam
2658 1135 2893 1200 vanius
2937 1155 3012 1199 00
3055 1134 3395 1198 hominum
3438 1155 3702 1217 genere:
3749 1134 3819 1197 in
3866 1154 4141 1217 quorum
4175 1135 4364 1199 vani-

2418 1227 2630 1283 tatem
2673 1220 2831 1284 lusit
2874 1220 3039 1285 Cato
3087 1220 3443 1285 salsissimo
3487 1231 3856 1284 scommate.
3924 1219 4159 1292 Mirari
4190 1221 4367 1284 enim

2420 1326 2490 1390 80
2513 1305 2745 1382 aiebat,
2783 1306 2954 1388 quod
2990 1328 3126 1371 non
3162 1305 3407 1370 rideret
3437 1325 3737 1388 aruspex,
3776 1306 4140 1387 aruspicem
4162 1327 4397 1388 quum·

2419 1389 2707 1455 vidisset.

2553 1495 2560 1502 ·
2599 1476 2839 1557 Quanto
2874 1479 3136 1557 aequius
3171 1474 3286 1561 est]
3339 1477 3827 1560 Argumentum
3864 1495 3904 1538 8
3936 1476 4192 1540 minori.
4253 1476 4367 1541 Dii

2416 1562 2489 1624 in
2535 1561 2820 1627 dandam
2863 1561 3241 1627 hominibus
3286 1562 3546 1626 veniam
3592 1560 3841 1638 faciles,
3888 1582 4008 1626 cur
4047 1583 4181 1625 non
4223 1581 4366 1625 ma-

2417 1647 2520 1730 gis
2564 1646 2865 1712 homines
2921 1646 3336 1713 hominibus?
3392 1668 3510 1711 seu
3570 1649 3724 1729 quia
3776 1647 3844 1712 id
3903 1646 4141 1710 debent
4192 1667 4366 1711 com-

2406 1734 2605 1797 'muni
2648 1743 2952 1811 naturae,
3000 1755 3116 1798 seu
3162 1733 3333 1816 quod
3376 1732 3651 1823 eandem
3697 1753 3950 1817 quoque
3988 1731 4367 1798 facilitatem

2416 1819 2804 1885 ulciscendis
2849 1821 2983 1884 suis
3020 1821 3305 1902 peccatis
3349 1817 3739 1883 desiderant.

2591 1905 2681 1968 Et
2724 1905 3006 1988 coqitare,
3051 1910 3266 1970 utrum
3305 1904 3528 1969 muudi
3570 1901 3800 1990 status]
3865 1904 4066 1968 Aliud
4110 1925 4192 1968 ex
4236 1904 4364 1968 alio
4463 1955 4478 1977 ,

2417 1988 2769 2055 derivatur.
2836 1991 3083 2056 Poetae
3118 1992 3294 2056 enim
3329 2011 3446 2055 suo
3481 1989 3623 2054 Iovi
3669 1989 3945 2054 fulmina
3983 1988 4364 2069 attribuunt,

2416 2075 2603 2157 quasi
2648 2077 2780 2141 tela
2823 2075 3228 2142 iracundiae:
3288 2097 3454 2158 quae
3498 2095 3716 2140 aerem
3756 2095 3838 2138 ex
3886 2074 4129 2157 liquido
4171 2097 4367 2158 puro-

2417 2181 2541 2242 que
2584 2161 2918 2226 turbidum
2963 2181 3038 2225 ac
3080 2161 3375 2227 nubilum
3421 2158 3725 2238 reddunt,
3771 2171 3953 2225 motu
3999 2182 4074 2226 ac
4117 2171 4365 2226 terrore

2413 2246 2735 2311 mundum
2791 2247 3189 2312 concutiunt.
3279 2246 3394 2312 Sic
3449 2267 3568 2310 rex
3619 2247 3830 2310 instar
3873 2247 4121 2311 terreni
4163 2245 4362 2325 Iovis,

2413 2353 2614 2414 quum
2664 2333 2999 2409 irascitur,
3053 2332 3343 2415 fulgurat
3399 2353 3473 2396 ac
3527 2330 3859 2395 fulminat:
3919 2330 4102 2395 nulla
4160 2332 4361 2414 011108,

2413 2417 2601 2483 nulla
2643 2419 2978 2483 serenitas.

2587 2502 2981 2587 Fraqoribus
3050 2500 3309 2589 crebris]
3392 2502 3471 2566 Id
3535 2513 3637 2569 est
3706 2502 3985 2585 strepitu
4060 2503 4360 2569 tonitrui:

2410 2589 2521 2672 qui
2557 2589 2734 2656 unde
2770 2590 3038 2668 oriatur,
3076 2590 3362 2672 reperies
3384 2587 3559 2672 apud
3580 2588 4006 2653 Aristotelem
4030 2587 4195 2653 libm
4216 2589 4361 2655 Me-

2409 2683 2743 2740 teororum
2777 2673 2904 2740 III.
2951 2696 3087 2758 cap.
3129 2681 3217 2752 6.,
3275 2673 3450 2757 apud
3494 2674 3876 2739 Ciceronem
3932 2672 4099 2739 libro
4142 2674 4231 2739 Π.
4282 2674 4362 2739 (10

2408 2759 2723 2839 Divinat.‚
2773 2759 3096 2826 Senecam
3131 2761 3298 2826 libro
3335 2760 3424 2824 Π.
3464 2759 3735 2840 Quaest.
3781 2767 4019 2837 natur„
4063 2758 4362 2826 Plinium

2407 2845 2577 2912 libro
2610 2846 2700 2912 Π.
2748 2869 2886 2930 cap.
2927 2850 3048 2925 20„
3103 2845 3540 2911 Plutarchum
3586 2847 3657 2908 in
3690 2845 3961 2910 Placitis
3996 2845 4359 2928 philosoph.

2580 2932 2668 2998 Et
2709 2931 3037 3020 iqms]·1d
3080 2940 3183 2998 est
3221 2931 3716 3015 fulgurationes.

2581 3020 2784 3100 Atqui
2835 3040 2954 3085 non
3008 3019 3143 3084 alia
3194 3015 3420 3103 facies]
3478 3016 3617 3082 Our
3660 3016 3835 3081 enim
3889 3017 4171 3080 frontem
4225 3036 4364 3080 non

2407 3107 2787 3189 exporrigat
2865 3116 3075 3170 totum
3152 3104 3495 3187 imperium
3511 3155 3528 3182 ,
3605 3103 3718 3168 ubi
3795 3102 3891 3167 801
3957 3102 4069 3166 1110
4139 3101 4364 3167 oculus

2407 3191 2638 3256 mundi
2678 3211 2846 3274 pure
2880 3188 3177 3255 renidet?
3265 3189 3417 3253 Non
3460 3190 3634 3253 enim
3680 3190 3939 3272 privata
3980 3197 4080 3252 est
4121 3188 4363 3271 princi-

2406 3277 2508 3359 pis
2574 3277 2850 3355 laetitia;
2927 3297 3148 3342 secum
3223 3276 3443 3340 omnia
3508 3274 3851 3340 exhilarat.
3960 3273 4146 3338 Bene
4207 3294 4363 3356 ergo

2409 3363 2873 3444 aequiparatur
2936 3362 3108 3427 aeris
3176 3360 3510 3426 serenitati
3583 3359 3668 3425 ad
3745 3381 3943 3443 quam
4020 3359 4365 3425 hominum

2410 3448 2610 3512 animi
2653 3456 3042 3512 serenantur
3085 3454 3152 3512 et
3195 3446 3625 3530 explicantur.

2583 3531 2838 3619 Facies]
2906 3531 3100 3614 Quod
3145 3532 3420 3598 Graecis
3474 3552 3652 3596 nunc
3705 3530 3995 3608 schema,
4054 3534 4200 3609 [pag.
4250 3534 4359 3608 52]

2408 3640 2586 3684 nune
2638 3618 2960 3705 πρόσωπον
3015 3618 3267 3683 dicitur.
3365 3615 3687 3701 Synesius
3743 3619 4075 3689 ἑαλωκυίας
4127 3614 4363 3689 πόλεως

2408 3706 2628 3785 σχῆμα.
2719 3703 2951 3770 Cicero
3006 3705 3215 3788 Epist.
3258 3703 3372 3768 V.:
3430 3700 3828 3784 Quanquam
3880 3699 4202 3782 πρόσωπον
4246 3692 4361 3765 πό-

2412 3795 2564 3864 λεως
2598 3791 2951 3855 amisimus.
3018 3788 3250 3855 Facies
3287 3790 3465 3854 enim
3501 3810 3634 3854 non
3669 3787 3882 3853 solum
3914 3788 3985 3852 in
4019 3787 4361 3852 hominum

2408 3876 2814 3959 corporibus,
2870 3875 2986 3941 sed
3028 3876 3100 3940 in
3144 3897 3216 3940 re
3260 3873 3550 3959 qualibet
3607 3874 3922 3956 accipitur
3958 3894 4078 3956 pro
4123 3874 4353 3958 specie.

2408 3960 2696 4028 Ovidius
2741 3962 2955 4045 primo
3001 3962 3344 4027 'lh-istium:
4153 4007 4162 4017 ,

2650 4047 2803 4101 Haec
2837 4047 3005 4102 facies
3043 4047 3258 4115 Troiae,
3295 4062 3458 4115 quum
3495 4052 3796 4115 caperetur,
3833 4052 3968 4099 erat.

2408 4132 2750 4218 Vergilius
2793 4133 2847 4197 I.
2895 4132 3294 4217 Georgicon:

2823 4219 2957 4272 Tam
2991 4220 3192 4273 multae
3231 4219 3492 4274 scelerum
3527 4218 3713 4273 facies

2408 4305 2583 4370 Vide
2627 4304 2940 4383 Gellium,
2985 4313 3053 4370 et
3092 4304 3386 4369 Nonium
3429 4303 3840 4369 Marcellum.

2585 4389 2844 4457 Grudele
2874 4411 3151 4475 reqnum,
3187 4387 3534 4475 turbidum]
3582 4387 3759 4454 Sunt
3791 4388 3968 4454 enim
4011 4387 4231 4455 densis
4265 4403 4361 4454 te-

2407 4475 2628 4542 nebris
2664 4475 2969 4555 obvoluti,
3005 4477 3237 4559 quibus
3271 4496 3532 4560 semper
3565 4474 3999 4540 obversantur
4017 4496 4175 4559 prae
4207 4496 4362 4540 ocu-

2405 4564 2489 4628 lis
2533 4562 2825 4646 flagella,
2882 4582 3138 4641 cruces,
3197 4583 3487 4641 secures,
3543 4570 3610 4626 et
3663 4560 3844 4625 mille
3887 4568 4362 4627 tormentorum

2405 4657 2599 4731 atque
2642 4647 3106 4731 suppliciorum
3161 4668 3431 4732 genera:
3491 4646 3573 4711 ad
3622 4668 3849 4712 omnes
3903 4648 4116 4711 minas
4173 4649 4360 4732 quasi

2405 4733 2651 4817 stupidi
2696 4741 2764 4798 et
2806 4734 3235 4816 obstupefacti
3279 4734 3568 4811 horrent,
3615 4755 3751 4799 non
3794 4733 3984 4797 aliter
4025 4754 4222 4816 quam
4262 4742 4361 4797 to-

2408 4822 2587 4885 nitru
2677 4820 2930 4886 erculsi.
3481 4832 3487 4843 ·

2646 4904 2870 4971 acilius
2886 4906 3170 4987 privatis
3190 4904 3561 4992 iquoscitur]
3610 4904 3687 4972 Si
3729 4908 3873 4988 quis
3917 4905 4244 4986 obiecerit,
4291 4915 4363 4973 at

2408 5014 2566 5059 vero
2611 4993 2783 5075 regis
2828 4991 3101 5074 quisque
3145 4992 3321 5056 intra
3363 5011 3432 5055 80
3476 4993 3768 5057 animum
3812 4992 4039 5070 habet,
4085 5013 4206 5057 nec
4260 5000 4363 5057 est

2409 5077 2644 5161 aliquis
2681 5079 2792 5160 qui
2826 5100 2897 5142 se
2929 5077 3201 5160 impune
3245 5076 3413 5142 laedi
3459 5077 3637 5159 velit,
3682 5098 3910 5143 omnes
3953 5099 4024 5143 80
4064 5078 4358 5161 pertina-

2409 5165 2571 5230 citer
2616 5162 2968 5239 vindicant,
3014 5182 3144 5226 non
3193 5163 3383 5228 modo
3426 5163 3748 5229 secundae
3793 5165 3987 5228 sortis
4037 5164 4355 5242 homines,

2408 5251 2526 5316 sed
2581 5249 2936 5315 humillimi
2992 5269 3243 5332 quoque
3257 5301 3273 5330 ,
3319 5269 3395 5316 ac
3442 5249 3965 5334 despicatissimi:
4008 5249 4360 5333 respondet
