4984 5975
376 254 491 315 241

374 438 613 505 bebant
656 440 727 504 in
769 438 988 504 animo
1004 490 1021 515 ,
1074 458 1297 505 secum
1351 436 1743 521 reputabant
1798 456 1940 502 rem
1995 457 2139 502 esse
2192 456 2325 500 non

372 525 598 609 magni
640 524 975 602 momenti,
1019 523 1077 590 si
1119 525 1193 589 in
1235 522 1461 608 populi
1503 522 1786 607 gratiam
1826 522 2101 606 paulum
2141 522 2251 586 ine

374 612 605 676 tirent:
664 630 793 694 qua
845 619 1065 675 tamen
1120 610 1375 675 ratione
1432 630 1670 693 graves
1715 608 2108 673 offensiones
2274 607 2325 655 '-

374 718 552 763 mere
573 704 954 781 promptum
985 703 1173 762 esset.
1231 696 1462 779 Itaque
1482 694 1704 779 impiis
1727 693 2153 760 caeremoniis
2175 714 2325 777 pro-

377 783 624 849 miscue
666 803 822 848 cum
864 781 1010 847 aliis
1050 780 1595 866 defungebantur.
1685 778 1948 845 Deinde
1991 800 2198 863 quum
2239 799 2326 844 ne

380 867 1144 1020 Qffissiffiffirssssamssm
1162 868 1552 1019 :32:323ss
1551 866 1792 1017 ³¹²3&
1795 873 2079 1017 :25:³21
2091 863 2327 1015 ¹015}ss&

379 1040 557 1107 viros
598 1039 752 1105 fidei
796 1059 953 1105 suae
961 974 1289 1106 pcori‘gcios
1348 1036 1694 1103 haberent:
1750 1002 2031 1102 alioruin
2074 1035 2325 1119 opinio·

377 1148 527 1192 nem
582 1127 815 1209 quavis
869 1132 1011 1190 arte
1054 1124 1193 1189 falli
1210 1177 1225 1203 ,
1286 1123 1455 1189 nihil
1510 1143 1765 1188 nocere.
1854 1122 2013 1200 Hic,
2072 1122 2129 1187 si
2171 1119 2328 1204 quid

376 1214 456 1278 ab
499 1209 897 1277 adversariis
940 1209 1191 1277 Ohristi
1234 1210 1308 1275 in
1351 1229 1579 1275 veram
1621 1208 1991 1275 doctrinam
2034 1206 2326 1273 deblate-

376 1305 597 1363 ratum
640 1304 800 1375 erat,
843 1295 1052 1375 vultu,
1094 1307 1279 1375 nutu,
1323 1295 1522 1361 totius
1562 1294 1853 1378 corporis
1896 1302 2088 1378 gestu
2103 1345 2119 1371 ,
2164 1313 2326 1358 voce

378 1382 660 1467 denique
693 1380 1237 1449 assentiebantur.
1284 1379 1512 1462 Quum
1533 1400 1745 1463 neque
1766 1380 1944 1446 hunc
1966 1378 2091 1444 sibi
2112 1388 2326 1444 astum

374 1471 534 1536 satis
568 1491 655 1534 ex
690 1469 1017 1534 sententia
1059 1465 1407 1533 succedere
1452 1466 1917 1550 intelligerent,
1962 1471 2213 1530 secreta
2246 1463 2327 1529 ab

375 1556 556 1622 omni
600 1555 945 1619 hominum
988 1552 1257 1619 arbitrio
1291 1552 1689 1619 conscientia
1722 1551 2016 1617 contenti
2049 1571 2192 1616 esse
2226 1550 2327 1615 in-

378 1641 738 1726 cipiebant:
796 1639 969 1724 quod
1014 1649 1114 1704 ut·
1133 1639 1536 1717 obtinerent,
1593 1635 1945 1722 diligenter
1984 1636 2324 1715 cavebant,

378 1720 2328 1895 ffiffloffinssssfflfflffiffi⁸{ffififfffiss2mzlss

378 1898 532 1965 dam
576 1898 683 1980 (ut
718 1897 842 1964 sibi
879 1896 1300 1976 videbantur)
1347 1904 1709 1978 temperata
1750 1894 2050 1960 cautione
2093 1892 2328 1959 deflec-

378 1993 599 2051 terent
637 1982 957 2066 paulatim
970 2035 984 2061 ,
1046 2003 1122 2048 ac
1181 1980 1666 2060 delaberentur,
1724 1979 1993 2045 tandem
2035 1979 2209 2046 caeci
2252 2000 2329 2046 ac

377 2070 587 2137 veluti
642 2071 746 2135 sui
795 2069 979 2134 obliti
993 2120 1008 2147 ,
1067 2090 1208 2134 sese
1263 2069 1334 2133 in
1387 2067 1663 2132 exitium
1705 2066 2092 2149 praecipites
2136 2063 2331 2129 dede-

377 2164 555 2223 runt.
646 2154 1005 2221 Manifesta
1045 2175 1203 2220 sane
1245 2153 1375 2219 Dei
1410 2152 1728 2219 vindicta:
1775 2173 1906 2234 qua
1948 2171 2058 2216 eos
2101 2170 2332 2216 sensus

379 2242 480 2309 sui
522 2242 818 2307 vanitate
862 2239 1052 2307 deiici
1095 2261 1377 2323 aequum
1418 2238 1563 2316 fuit,
1607 2238 1720 2321 qui
1766 2257 1920 2320 prae
1965 2242 2181 2302 ostera
2216 2256 2334 2301 sua

425 2326 736 2395 radentia
754 2325 975 2392 Deum
1009 2325 1235 2391 fallere
1270 2334 1339 2390 et
1372 2323 1674 2390 homines
1709 2323 1924 2407 cogita
2008 2331 2099 2386 nt.
2158 2321 2334 2387 Nam

438 2415 493 2479 'c
524 2423 895 2499 postremus
927 2412 1186 2479 fabulae
1218 2420 1403 2478 actus
1434 2410 1565 2474 illis
1598 2409 1752 2475 fiait:
1785 2429 1924 2473 non
1954 2405 2148 2473 modo
2182 2406 2333 2472 nul-

384 2499 517 2565 lius
556 2519 751 2565 aures
797 2506 990 2582 atque
1031 2498 1279 2577 oculoS,
1339 2493 1554 2563 cordis
1597 2495 1701 2561 sui
1743 2502 1978 2573 testes,
2035 2502 2112 2558 ut
2150 2493 2335 2576 prius

380 2585 710 2664 solebant,
753 2582 1124 2649 admittere:
1179 2581 1294 2649 sed
1336 2590 1659 2666 quantum
1700 2581 1773 2646 in
1813 2601 1883 2646 se
1927 2587 2097 2659 erat,
2153 2577 2336 2644 omni

381 2671 599 2737 studio
645 2669 1057 2748 contendere,
1104 2680 1183 2734 ιιι
1220 2689 1450 2734 omnes
1492 2666 1815 2733 haberent
1847 2686 2075 2732 earum
2112 2686 2336 2730 rerum

380 2767 601 2835 testes,
643 2776 814 2841 quae
857 2777 1054 2839 quam
1098 2755 1206 2820 lon
1259 2755 1477 2822 'ssime
1531 2753 1613 2819 ab
1658 2752 1924 2818 homine
1977 2750 2334 2819 christiano

381 2844 613 2910 abesse
656 2841 922 2925 debent:
965 2851 1033 2910 et
1065 2863 1191 2925 quo
1278 2849 1474 2906 antea
1510 2838 1838 2906 occultum
1882 2836 2115 2902 saltem
2159 2837 2334 2920 apud

381 2951 455 2998 se
497 2928 890 3009 retinebant,
935 2929 1225 2995 aversari
1269 2926 1485 3011 palam
1527 2945 1604 2992 ac
1650 2923 1973 2992 detestari.
2063 2922 2333 2989 Talibus

382 3016 631 3084 scilicet
672 3014 1079 3081 documentis
1121 3013 1457 3079 admoneri
1512 3032 1634 3076 nos
1695 3011 1909 3090 decet,
1967 3017 2045 3076 ut
2092 3010 2334 3075 omissa

382 3103 599 3168 nostri
636 3101 905 3179 ratione,
947 3100 1205 3166 solliciti
1246 3097 1655 3163 ambulemus
1697 3098 1765 3162 in
1810 3107 2162 3180 conspectu
2203 3096 2333 3161 Dei

380 3189 623 3267 nostri,
667 3185 1213 3270 quemadmodum
1255 3185 1596 3269 Propheta
1639 3182 1872 3263 (Mich.
1914 3193 1971 3260 6,
2010 3181 2082 3267 8)
2124 3181 2333 3265 loqui-

382 3284 522 3340 tur:
569 3294 673 3352 ne,
720 3271 1099 3338 lasciviente
1135 3270 1417 3354 quadam
1460 3267 1745 3347 audacia,
1792 3268 1874 3333 iis
1916 3289 2037 3333 nos
2079 3267 2334 3351 legibus

385 3360 722 3427 solvamus
736 3409 752 3436 ,
811 3356 1045 3441 quibus
1103 3378 1222 3422 nos
1262 3355 1587 3421 Dominus
1640 3353 1968 3438 alligavit:
2029 3374 2106 3419 ac
2162 3351 2336 3436 quod

382 3446 494 3512 ille
551 3443 891 3527 astringit,
952 3442 1352 3509 relaxemus:
1414 3457 1555 3506 tum
1611 3460 1766 3505 vero
1823 3440 2023 3504 etiam
2082 3440 2334 3520 terreri,

385 3553 469 3598 ne
512 3532 571 3596 si
615 3529 945 3613 sapientes
981 3529 1186 3594 simus
1220 3525 1394 3611 apud
1430 3547 1548 3591 nos
1581 3527 1777 3610 ipsos,
1824 3524 2339 3607 comprehendat

384 3616 496 3683 ille
541 3616 870 3698 sapientes
913 3615 983 3680 in
1026 3614 1269 3680 astutia
1311 3634 1448 3692 sua,
1495 3619 1564 3677 et
1605 3610 2033 3696 prudentium
2069 3611 2338 3676 consilia

388 3703 731 3769 subvertat
782 3699 949 3785 (Iob.
989 3707 1051 3778 5,
1070 3704 1199 3795 ,133
1248 3705 1268 3762 l
1316 3699 1465 3765 Uer.
1506 3702 1564 3777 3,
1611 3699 1735 3779 19).
1826 3694 1962 3763 Sed
2018 3707 2120 3762 est
2171 3696 2339 3762 illud

390 3788 670 3866 scilicet,
725 3785 899 3869 quod
952 3786 1274 3886 principio
1317 3805 1461 3850 sum
1505 3793 1774 3866 questus
1791 3834 1806 3861 ,
1861 3784 2086 3849 verius
2140 3803 2339 3867 quam

391 3872 660 3952 vellem,
716 3871 956 3938 bonam
1012 3872 1353 3937 hommum
1404 3880 1663 3954 partem
1712 3867 1881 3934 nihil
1935 3868 2044 3935 hic
2096 3868 2340 3952 liquide

388 3960 776 4044 perspicere,
812 3956 985 4022 nihil
1017 3968 1192 4024 recte
1224 3956 1532 4033 iudicare,
1566 3953 1732 4021 nihil
1767 3955 2020 4021 sincere
2053 3962 2340 4020 statuere

388 4066 609 4129 posse:
668 4043 839 4127 quod
896 4043 1054 4109 dum
1108 4043 1190 4109 ab
1233 4043 1493 4126 integra
1532 4060 1826 4124 puraque
1868 4040 2133 4107 divinae
2174 4040 2339 4125 legis

390 4131 847 4197 observatione
889 4128 1071 4195 videt
1112 4128 1459 4194 imminere
1509 4126 1832 4210 pericula,
1887 4148 2115 4191 eorum
2158 4134 2341 4191 metu

474 4216 711 4301 rplexa
743 4224 811 4280 et
843 4222 1258 4281 consternata
1288 4214 1799 4295 circumspectat,
1836 4211 2156 4295 quomodo
2190 4231 2340 4277 cum

388 4238 519 4369 gei
564 4301 765 4368 venia
809 4301 1094 4366 retinere
1150 4302 1355 4383 possit
1409 4298 1749 4364 hominum
1802 4298 2099 4382 gratiam.
2188 4295 2343 4378 Qua

390 4389 465 4453 in
506 4387 983 4454 consultatione
1026 4385 1191 4452 nihil
1226 4386 1353 4451 nisi
1388 4406 1472 4450 ex
1506 4404 1626 4449 sua
1657 4384 1988 4448 anxietate
2022 4403 2341 4466 caecaque

390 4474 885 4557 perturbatione
960 4471 1270 4539 consulit:
1354 4490 1661 4555 perverse
1739 4470 2005 4534 omnino
2079 4466 2345 4552 quidem

392 4572 776 4643 utrumque,
820 4566 888 4624 et
927 4567 1359 4641 praepostere.
1448 4556 1624 4621 Nam
1676 4566 1745 4620 et
1799 4554 1974 4638 quod
2015 4553 2145 4620 Dei
2186 4574 2344 4622 voce

396 4642 735 4712 decretum
780 4644 983 4710 semel
1032 4644 1480 4727 sancitamque
1523 4650 1651 4720 est,
1696 4639 2149 4707 deliberationi
2193 4662 2345 4707 nos-

395 4743 540 4798 trae
582 4731 770 4796 nefas
809 4738 911 4796 est
960 4729 1217 4795 subiici:
1262 4750 1473 4813 neque
1528 4749 1793 4793 rursum
1835 4724 2187 4810 quidquam
2231 4725 2343 4791 bo-

394 4838 523 4882 nae
565 4817 710 4901 spei
750 4815 1076 4899 reliquum
1119 4815 1244 4880 sibi
1286 4815 1467 4894 facit,
1526 4814 1640 4897 qui
1687 4813 1769 4879 de
1823 4812 1989 4877 tanti
2028 4812 2345 4878 momenti

394 4903 617 4981 rebus,
647 4900 1067 4967 timiditatem
1104 4900 1832 4984 pusillanimitatomque
1862 4919 2052 4965 suam
2086 4899 2159 4963 in
2191 4917 2344 4962 con-

398 4987 627 5054 silium
670 4988 899 5052 mittit:
946 5009 1032 5052 ex
1072 5006 1199 5069 quo
1243 4987 1483 5053 affectu
1526 4993 1752 5069 turpes
1794 5005 2053 5069 semper
2097 4986 2203 5069 (ιιι
2234 4982 2345 5049 ille

394 5074 647 5159 inquit)
700 5073 821 5139 filii
860 5079 1241 5139 nascuntur.
1325 5072 1559 5155 Itaque
1610 5080 1676 5136 et
1728 5071 1903 5138 hane
1944 5069 2347 5137 deliberandi

396 5161 905 5244 perversitatem
954 5156 1166 5225 simile
1221 5157 1565 5223 consilium
1605 5158 1916 5242 sequitur.
2007 5155 2348 5242 Siquidem

615 5260 841 5317 Calvino·
864 5275 1047 5330 opera.
1131 5259 1243 5315 Vol.
1291 5259 1377 5314 V.-

1563 248 1697 315 DE.
1734 246 2251 315 FUGIENDIS
2296 246 2704 316 IMPIORU
2704 250 2782 314 Μ
2824 246 3175 316 SAORJS.

4258 256 4384 319 242

2430 435 2703 502 deflexis
2746 456 2786 500 a
2828 438 3027 502 verbo
3062 437 3195 502 Dei
3235 437 3457 516 oculis,
3503 438 3668 504 nihil
3705 459 3747 504 a
3779 462 3850 506 se
3893 441 4045 525 plus
4087 443 4388 527 exigunt,

2429 542 2628 604 quam
2667 522 2840 604 quod
2883 522 3202 589 incolumi
3247 523 3478 590 salutis
3521 545 3678 591 suae
3721 547 4069 610 rerumque
4113 550 4389 595 suarum

2430 616 2607 674 statu
2641 607 2964 690 praestari
2998 619 3223 691 queat:
3262 608 3576 693 quidquid
3616 610 3993 678 discrimine
4028 614 4248 698 aliquo
4283 615 4390 679 ni-

2428 694 2691 776 miaque
2736 692 3120 760 difficultate
3160 694 3526 761 involutum
3573 702 3694 775 est,
3738 695 3808 761 id
3853 707 3928 763 ιιι
3969 700 4242 766 missum
4286 702 4385 767 fa-

2430 780 2629 855 ciant,
2674 778 2800 843 sibi
2841 778 3031 845 facile
3073 782 3486 863 permittunt,
3529 803 3649 848 nec
3692 783 3961 849 interim
4002 785 4385 867 exaudiunt,

2429 885 2628 948 quam
2670 863 3001 929 horribilis
3044 865 3257 932 edicta
3298 867 3385 932 sit
3426 868 3500 932 in
3542 889 3654 934 eos
3695 867 4019 948 vindicta,
4076 873 4189 954 qui
4231 893 4387 938 con-

2430 949 2697 1033 temptis
2739 946 2869 1015 Dei
2910 951 3253 1034 praesidiis
3271 1003 3285 1027 ,
3333 973 3463 1036 quo
3506 954 3777 1019 meliora
3817 956 3943 1021 sibi
3987 966 4385 1040 comparent,

2429 1057 2619 1101 suam
2658 1036 3006 1102 stationem
3051 1037 3381 1103 deserunt.
3451 1037 3567 1105 Sic
3611 1041 3790 1105 enim
3832 1061 3951 1124 per
3996 1043 4389 1127 prophetam

2427 1121 2709 1187 Iudaeos
2751 1122 3081 1188 Dominus
3125 1123 3462 1208 obiurgat,
3517 1124 3689 1208 quod
3745 1130 4195 1208 praesentibus
4249 1129 4389 1213 opi-

2430 1208 2586 1285 bus,
2611 1292 2624 1305 ·
2646 1206 2882 1290 quibus
2937 1230 3048 1274 eos
3103 1210 3511 1293 acquiescere
3568 1212 3709 1294 ipse
3764 1212 4070 1294 iusserat,
4131 1220 4280 1295 [pag.
4319 1220 4385 1295 6]

2431 1292 2658 1371 diffisi,
2716 1293 3069 1360 interdicta
3113 1296 3404 1381 Aegypti
3447 1297 3740 1363 subsidia
3782 1298 3905 1364 sibi
3950 1310 4385 1368 accerserent:

2432 1378 2578 1444 Vae
2591 1429 2624 1477 ,ο
2643 1379 2859 1463 inquit
2895 1379 3046 1461 (Ies.
3086 1384 3260 1457 30,‚1
3301 1386 3452 1465 ss.),
3506 1383 3629 1448 filii
3679 1382 4071 1465 desertores,
4125 1395 4202 1453 ut
4245 1388 4387 1472 agi-

2431 1471 2664 1530 taretis
2707 1465 3082 1544 consilium,
3129 1477 3197 1531 et
3240 1488 3374 1532 non
3418 1490 3502 1534 ex
3544 1490 3681 1534 me:
3741 1480 3818 1534 ut
3861 1470 4243 1538 ordiremini
4287 1481 4388 1539 te-

2431 1550 2585 1629 lam,
2628 1558 2696 1615 et
2738 1571 2870 1616 non
2913 1572 3031 1634 per
3081 1553 3390 1636 spiritum
3435 1574 3686 1619 meum:
3744 1566 3820 1621 ut
3864 1556 4191 1626 adderetis
4235 1580 4385 1643 pec-

2426 1647 2651 1702 catum
2695 1645 2991 1720 peccato:
3037 1639 3147 1720 qui
3192 1659 3312 1705 vos
3354 1641 3712 1724 accingitis,
3758 1648 3834 1706 ut
3868 1641 4278 1711 descendatis
4312 1646 4385 1711 in

2431 1722 2834 1806 Aegyptum,
2878 1731 2945 1787 et
2979 1742 3051 1788 os
3087 1745 3311 1789 meum
3345 1745 3481 1789 non
3515 1726 4000 1811 interrogastis:
4046 1740 4389 1814 sperantes

2434 1807 2756 1873 auxilium
2798 1809 2869 1873 in
2910 1809 3298 1875 fortitudine
3339 1810 3736 1890 Pharaonis,
3802 1822 3869 1878 et
3920 1815 4229 1882 fiduciam
4271 1838 4386 1900 po-

2432 1902 2669 1959 nentes
2711 1895 2782 1959 in
2839 1895 3074 1960 umbra
3116 1896 3425 1981 Aegypti.
3514 1898 3607 1962 Et
3664 1899 3791 1963 erit
3833 1901 4019 1966 vobis
4074 1902 4387 1969 fortitudo

2432 1978 2804 2045 Pharaonis
2861 1980 2932 2045 in
2987 1980 3465 2062 confusionem,
3525 1990 3592 2047 et
3644 1984 3886 2051 fiducia
3941 1986 4212 2055 umbrae
4253 1989 4387 2054 Ae-

2434 2066 2627 2164 gypti
2661 2066 2732 2130 in
2773 2066 3223 2150 ignominiam.
3313 2066 3539 2148 Quum
3583 2090 3740 2135 vero
3785 2078 3971 2137 tanta
4012 2074 4086 2138 in
4128 2096 4240 2141 eos
4283 2094 4389 2140 as-

2434 2159 2714 2235 peritate
2757 2152 3026 2232 seratur,
3070 2152 3230 2235 quid
3270 2152 3727 2238 indulgentius
3769 2158 4077 2225 mitiusve
4121 2181 4390 2244 exspec-

2435 2244 2582 2302 tent
2613 2237 2743 2335 isti,
2790 2238 2904 2321 qui
2937 2237 3206 2322 indigne
3238 2239 3545 2319 ferentes,
3580 2241 4062 2327 frementesque
4097 2245 4391 2315 omnium

2436 2343 2581 2422 sese
2633 2322 2834 2422 odiis,
2893 2324 3321 2407 omnibusque
3370 2326 3678 2408 periculis
3721 2326 3852 2392 Dei
3896 2329 4233 2397 voluntate
4276 2333 4389 2399 ob·

2437 2416 2694 2489 iectari,
2752 2429 2832 2475 ea
2872 2408 3094 2476 valere
3135 2412 3340 2490 iussa,
3397 2432 3601 2478 novas
3644 2414 3768 2479 sibi
3809 2413 4199 2499 illicitasque
4238 2437 4391 2483 cau-

2438 2495 2651 2561 tiones
2704 2515 2823 2560 suo
2878 2504 3087 2560 marte
3141 2496 3570 2581 confingunt?
3658 2498 3889 2582 Neque
3931 2523 4086 2567 vero
4138 2502 4390 2587 ignoro,

2438 2588 2688 2664 quanto
2731 2582 3002 2647 suavius
3044 2583 3262 2648 carnis
3306 2591 3569 2649 nostrae
3612 2583 4012 2652 mollitudini
4046 2587 4391 2654 blandian-

2438 2674 2552 2732 tur
2593 2666 2897 2751 suffugia,
2941 2687 3107 2750 quae
3145 2668 3512 2751 periculum
3558 2670 3818 2753 aliquod
3860 2671 4248 2739 submovere
4291 2675 4391 2740 vi·-

2438 2752 2745 2818 deantur:
2784 2773 2983 2836 quam
3016 2753 3297 2837 simplex
3332 2755 3535 2823 istaec
3572 2776 3732 2840 arga
3765 2756 3895 2823 Dei
3930 2758 4205 2824 verbum
4239 2758 4392 2825 obe-

2438 2837 2706 2918 dientia,
2743 2838 2854 2905 cui
2888 2848 3148 2905 tantum
3183 2839 3637 2907 discriminum
3671 2843 3760 2908 sit
3790 2845 4217 2926 propositum.
4256 2845 4392 2911 Ve-

2437 2946 2592 2991 rum
2633 2924 2819 2990 nulla
2855 2932 2958 2992 est
3000 2931 3188 2992 tanta
3221 2925 3594 3008 difficultas,
3639 2948 3838 3011 quam
3878 2950 4010 2996 non
4049 2929 4390 3012 eluctetur,

2436 3011 2552 3095 qui
2596 3010 2722 3077 hac
2765 3032 2838 3077 se
2879 3011 3272 3095 cogitatione
3314 3013 3775 3080 offirmaverit:
3830 3037 3963 3081 non
4005 3037 4198 3100 posse
4241 3039 4393 3103 gra-

2436 3098 2586 3165 vius
2628 3096 2991 3180 quidquam
3043 3098 3288 3163 minari
3340 3099 3726 3167 universum
3777 3101 4120 3167 hominum
4161 3125 4393 3188 genus,

2436 3204 2637 3266 quam
2676 3182 2852 3266 quod
2894 3193 3259 3250 castrorum
3301 3205 3574 3251 suorum
3628 3186 4102 3267 desertoribus,
4156 3189 4230 3255 in
4281 3189 4397 3254 illa

2435 3288 2635 3367 quam
2667 3268 3025 3351 retulimuq
3046 3270 3411 3353 prophetia,
3437 3271 3768 3338 Dominus
3801 3270 4170 3340 denunciat.
4233 3274 4393 3340 Non

2438 3374 2789 3419 minimum
2843 3375 3078 3437 operae
3130 3357 3419 3439 pretium
3472 3358 3676 3424 fuerit
3727 3357 3835 3426 hic
3891 3360 4079 3425 nobis
4133 3380 4398 3425 succur-

2438 3460 2587 3505 rere
2601 3489 2619 3518 ,
2662 3437 2838 3523 quod
2873 3438 2963 3505 de
3006 3439 3343 3525 prriano
3383 3441 3666 3525 quodam
3717 3442 3858 3510 loco
3902 3452 4132 3510 narrat
4163 3447 4396 3529 Augu-

2439 3525 2673 3591 stinus.
2701 3526 2751 3609 ¹)
2837 3524 3199 3609 Postquam
3241 3528 3452 3610 capite
3497 3527 3843 3594 damnatus
3880 3530 4127 3605 fuisset,
4172 3528 4397 3595 datam

2440 3611 2536 3675 illi
2590 3610 2918 3694 optionem
2972 3611 3395 3679 redimendae
3450 3614 3656 3694 vitae,
3713 3615 3772 3679 si
3814 3614 4014 3681 verbo
4071 3614 4398 3680 duntaxat

2441 3697 2799 3780 abnegaret
2841 3716 2988 3761 eam
3032 3697 3436 3782 religionem,
3483 3700 3673 3766 cuius
3708 3720 3903 3766 causa
3938 3710 4223 3765 mortem
4255 3699 4395 3766 obi-

2439 3783 2585 3849 bat:
2630 3803 2751 3849 nec
2793 3782 2892 3846 illi
2931 3783 3174 3850 factam
3214 3784 3408 3850 modo
3450 3792 3866 3868 potestatem,
3926 3784 4039 3852 sed
4094 3786 4207 3852 ubi
4258 3786 4395 3851 iam

2442 3869 2516 3934 in
2558 3867 2862 3952 supplicii
2904 3867 3123 3935 locum
3157 3880 3434 3935 ventum
3477 3877 3668 3948 esset,
3715 3870 4056 3938 ambitiose
4091 3878 4397 3956 rogatum

2444 3976 2486 4019 a
2527 3955 2902 4037 provinciae
2940 3955 3269 4038 praeside,
3313 3964 3392 4022 ut
3433 3955 3849 4034 deliberaret,
3910 3977 3995 4022 an
4039 3976 4173 4021 non
4215 3957 4395 4023 vitae

2444 4059 2605 4106 suae
2639 4040 2981 4122 (quoniam
3014 4040 3110 4105 ita
3141 4040 3382 4108 licebat
3414 4062 3532 4124 per
3549 4039 3912 4107 Caesarum
3948 4041 4394 4128 clementiam)

2445 4124 2816 4192 consultum
2858 4125 3106 4205 mallet,
3151 4147 3350 4210 quam
3394 4146 3672 4210 poenam
3714 4127 3895 4193 luere
3937 4128 4202 4211 ineptae
4245 4149 4395 4212 per-

2443 4212 2744 4278 vicaciae.
2832 4211 3034 4277 Illum
3085 4221 3316 4279 contra
3371 4211 3659 4277 breviter
3715 4212 3800 4278 ad
3855 4215 4073 4279 omnia
4126 4235 4395 4297 respon·-

2446 4296 2649 4363 disse:
2704 4297 2789 4362 In
2839 4317 2914 4362 re
2970 4306 3107 4363 tam
3165 4307 3392 4365 sancta
3443 4297 3703 4363 nullum
3754 4318 3898 4365 esse
3941 4298 4398 4365 deliberationi

2444 4383 2682 4448 locum.
2751 4380 2829 4449 Si
2870 4383 3016 4466 quis
3059 4392 3362 4451 sanctum
3395 4384 3634 4463 virum,
3678 4406 3884 4468 quum
3926 4384 3998 4449 in
4042 4393 4398 4469 conspectu

2446 4479 2667 4534 essent
2707 4477 3185 4535 tormentorum
3228 4477 3620 4553 apparatus,
3673 4470 3954 4535 instaret
4008 4471 4211 4537 atroci
4254 4481 4397 4536 tru-

2447 4552 2838 4638 culentoque
2869 4556 3063 4622 vultu
3106 4556 3416 4634 carnifex,
3460 4555 3828 4622 cervicibus
3869 4556 4136 4622 iamiam
4179 4556 4398 4622 immi-

2447 4647 2638 4705 neret
2688 4641 2859 4707 ictus
2900 4641 3134 4725 gladii,
3191 4640 3373 4706 dirae
3415 4640 3701 4725 undique
3741 4642 4131 4708 insanientis
4175 4641 4399 4725 populi

2447 4725 2693 4791 mixtae
2734 4727 2992 4809 probris
3033 4727 3530 4809 imprecationes
3585 4725 4063 4810 obstreperent,
4119 4729 4398 4793 terricu-

2447 4810 2753 4878 lamentis
2798 4811 2930 4877 illis
2972 4812 3275 4879 omnibus
3319 4832 3455 4877 non
3496 4813 3696 4880 fuisse
3737 4811 4061 4880 deiectum
4097 4813 4409 4891 miratur,.

2589 5102 2649 5169 1)
2699 5101 2835 5158 Vide
2855 5100 3163 5226 44ιῖυῶκό
3180 5099 3486 5157 Sermonae
3509 5101 3765 5159 GG'GIX.
3798 5104 3862 5157 in
3888 5100 4082 5156 Natal-
4112 5099 4408 5172 Cyprum

2459 5169 2601 5242 Opp.
2644 5171 2703 5226 T.
2751 5171 2886 5228 VH.
2976 5211 2989 5226 .
3024 5169 3075 5225 2.
3107 5186 3164 5239 p.
3202 5168 3337 5225 1249
3371 5171 3536 5227 Base.
3924 5251 3993 5306 1⁶
