4984 5975
621 364 750 427 26⁷
1222 434 1227 441 ,
1960 388 1993 409 .

619 550 986 616 hostiarum
1006 545 1333 630 reliquiae,
1370 545 1555 610 festis
1585 543 1908 610 idolorum
1932 547 2144 629 epulis
2178 545 2572 612 assidebant.

619 636 840 701 Deum
881 633 1009 716 ipsi
1053 630 1134 696 de
1174 631 1608 696 conscientiae
1644 650 1800 696 suae
1831 633 2208 698 innocentia
2241 632 2575 697 testaban-

620 729 762 785 tur:
807 716 1334 802 quandoquidem
1376 722 1750 799 contempta
1785 719 2082 801 gentium
2114 720 2424 795 vanitate,
2471 717 2575 781 ni-

618 805 717 871 hil
751 803 931 869 aliud
965 824 1165 888 quam
1198 811 1623 868 vescerentur
1656 804 1837 885 puris
1872 805 2002 869 Dei
2037 804 2373 880 creaturis,
2411 824 2576 886 quas

617 891 911 957 emtione
953 910 1028 954 ac
1063 888 1428 973 gratiarum
1463 887 1716 953 actione
1752 891 2145 956 sanctificari
2177 890 2246 954 in
2282 888 2578 954 fidelium

617 997 818 1042 usum
863 982 1145 1040 nossent.
1213 972 1603 1059 Exeipiebat
1634 974 1748 1039 ille
1791 984 2035 1054 contra,
2082 995 2462 1042 consessum
2495 975 2576 1039 il·-

616 1063 759 1128 lum
798 1058 1163 1126 infidelium
1211 1059 1295 1125 ad
1345 1059 1676 1127 simulacri
1735 1060 1989 1127 cultum
2032 1063 2414 1128 convenire:
2472 1083 2577 1126 00-

618 1148 815 1213 lenne
870 1145 1039 1211 illud
1091 1145 1360 1230 epulum
1415 1142 1573 1210 idoli
1616 1147 1881 1211 nomine
1925 1148 2266 1230 gratiaque
2308 1147 2576 1212 institu-

621 1241 782 1299 tum.
871 1232 956 1297 In
1012 1251 1090 1296 ea
1139 1253 1296 1316 ergo
1340 1238 1408 1296 et
1451 1238 1808 1298 conventus
1851 1239 1919 1297 et
1960 1234 2138 1316 epuli
2195 1233 2575 1300 celebritate

619 1319 733 1404 qui
775 1317 1061 1397 sederet,
1114 1327 1443 1401 utcunque
1501 1317 1826 1383 animatus
1887 1318 2063 1402 apud
2127 1340 2197 1383 se
2242 1325 2417 1385 esset
2432 1369 2447 1394 ,
2504 1317 2573 1383 id

620 1422 843 1470 tamen
887 1404 1321 1481 committere,
1378 1401 1555 1468 unde
1611 1411 1679 1467 et
1734 1401 2231 1469 idololatrarum
2286 1403 2571 1470 ludibrio

614 1489 748 1556 Dei
790 1490 1002 1575 gloria
1044 1497 1497 1572 exponeretur,
1557 1496 1624 1553 et
1677 1489 2042 1556 imbecillae
2091 1490 2374 1555 fratrum
2417 1510 2573 1556 con-

619 1576 932 1642 scientiae
986 1575 1553 1641 subverterentur:
1615 1575 1786 1658 quod
1828 1584 1895 1641 et
1934 1576 2035 1640 illi
2076 1584 2444 1641 consortem
2488 1576 2574 1641 ad

618 1661 951 1728 simulacri
1007 1661 1113 1727 sui
1169 1660 1423 1726 cultum
1477 1660 1719 1725 habere
1764 1681 1836 1725 se
1877 1661 2316 1727 christianum
2359 1662 2572 1726 1101111-

618 1768 775 1812 nem
818 1753 1260 1825 autumarent,
1306 1767 1383 1810 ac
1426 1745 1889 1830 gloriarentur:
1937 1754 2005 1812 et
2047 1748 2119 1812 hi
2163 1748 2303 1813 eius
2348 1768 2572 1812 exem-

616 1834 728 1917 plo
772 1831 856 1898 ad
899 1831 1074 1898 idem
1116 1830 1463 1916 agendum,
1516 1853 1890 1915 quanquam
1934 1841 2214 1898 nutante
2256 1833 2571 1899 vacillan-

615 1928 811 2003 teque
854 1919 1272 1994 conscientia,
1317 1916 1594 1983 audaces
1629 1920 1882 1984 fierent.
1970 1918 2150 2000 Quid
2194 1927 2418 1984 autem
2458 1919 2575 1983 isti

615 2004 867 2073 nostri?
958 2002 1068 2069 Ad
1107 2006 1377 2068 missam
1392 2054 1408 2081 ,
1467 2024 1665 2087 quam
1706 2004 1906 2089 longo
1948 2006 2262 2089 varioque
2305 2004 2572 2071 sacrile-

619 2092 881 2175 giorum
934 2097 1254 2173 apparatu
1292 2090 1685 2154 instructam
1728 2089 1985 2170 vident,
2029 2091 2457 2157 conveniunt:
2504 2099 2574 2156 et

617 2176 1023 2243 conveniunt
1066 2197 1217 2241 cum
1253 2172 1711 2255 multitudine,
1769 2196 1968 2258 quam
2005 2177 2372 2260 perniciosa
2413 2178 2572 2242 mis-

620 2283 732 2329 sae
785 2260 1207 2346 persuasione
1271 2261 1509 2326 misere
1561 2261 1957 2326 infatuatam
2011 2269 2273 2328 norunt.
2363 2262 2573 2328 0111110

618 2356 841 2413 tamen
877 2348 972 2413 010
1007 2346 1384 2412 caecitatem
1428 2348 2085 2432 superstitionemque
2131 2355 2276 2426 [pag.
2316 2354 2421 2426 33]
2467 2348 2572 2412 in-

618 2441 730 2499 tus
765 2433 1179 2510 miserantur,
1224 2438 1301 2497 ut
1335 2433 1624 2497 exterius
1656 2432 2020 2498 imitentur.
2087 2435 2343 2499 Panem
2376 2455 2602 2517 quem,

617 2517 865 2584 idolum
908 2518 1177 2601 reliquis
1219 2537 1364 2583 0000
1409 2517 1658 2598 sciunt,
1703 2518 1902 2585 simul
1945 2541 2095 2585 cum
2138 2519 2269 2585 illis
2311 2540 2573 2602 unoque

619 2615 814 2691 gestu
855 2610 1272 2671 venerantur.
1362 2604 1474 2668 An
1526 2624 1662 2668 non
1717 2604 1825 2669 hic
1881 2612 1950 2670 et
2003 2606 2254 2672 Christi
2310 2626 2573 2671 crucem

618 2690 795 2775 apud
837 2690 978 2756 eius
1019 2690 1321 2754 inimicos
1364 2686 1722 2754 deridiculo
1765 2690 2176 2772 prostituunt
2190 2743 2208 2771 ,
2262 2699 2331 2757 et
2383 2692 2571 2756 infir-

616 2798 878 2842 morum
923 2776 1204 2841 fratrum
1260 2772 1697 2840 haesitantem
1739 2776 2222 2859 simplicitatem
2268 2777 2571 2860 exemplo

619 2883 738 2928 0110
782 2860 867 2928 0(1
906 2859 1301 2927 imitandum
1344 2861 1776 2927 concutiunt?
1863 2861 1930 2927 N
1930 2884 2017 2928 on
2056 2870 2161 2928 est
2204 2863 2413 2947 igitur
2454 2884 2573 2929 our

618 2948 777 3015 hinc
820 2969 978 3014 suae
1029 2946 1578 3032 praevaricationi
1631 2946 1917 3013 molliter
1958 2947 2398 3030 blandiantur,
2455 2947 2572 3014 ad-

618 3056 852 3101 versus
890 3055 1090 3117 quam
1123 3040 1309 3098 tanto
1342 3033 1697 3099 verborum
1730 3032 2009 3099 fulmine
2051 3035 2368 3100 exardere
2413 3055 2570 3118 apo-

618 3121 861 3187 stolum
904 3119 1150 3186 vident.
1241 3117 1453 3199 Quid,
1514 3118 1691 3204 quod
1748 3139 1789 3182 a
1843 3121 2154 3203 professis
2208 3121 2571 3203 iuratisque

618 3205 871 3271 Christi
916 3212 984 3270 et
1020 3205 1347 3289 evangelii
1379 3206 1522 3271 eius
1557 3205 1969 3285 adversariis,
2015 3205 2140 3271 1100
2173 3205 2382 3272 veluti
2423 3207 2570 3290 pig-

618 3313 746 3357 nus
802 3289 1229 3375 abnegandae
1271 3311 1469 3358 verae
1524 3291 1789 3375 pietatis
1845 3290 1928 3356 de
1981 3311 2052 3356 se
2106 3292 2286 3376 exigi
2326 3291 2570 3357 intelli-

619 3377 837 3463 gunt?
894 3378 1027 3442 Hic
1069 3375 1246 3441 enim
1288 3375 1421 3442 illis
1465 3377 1662 3443 hodie
1705 3376 1788 3441 ad
1832 3377 2304 3462 explorandam
2336 3378 2570 3443 unius-

618 3465 935 3547 cuiusque
982 3462 1180 3527 fidem
1245 3462 1415 3546 lapis
1456 3463 1675 3549 lydius
1738 3471 1866 3543 est,
1922 3462 2178 3529 curiose
2222 3465 2571 3530 observare

617 3551 764 3633 quis
804 3549 1078 3614 missam
1120 3547 1364 3628 audiat,
1408 3568 1649 3615 necne:
1692 3556 1773 3614 ut
1814 3549 1886 3614 in
1928 3571 2062 3615 11110
2104 3549 2346 3616 11110000
2389 3549 2572 3615 cultu

616 3637 887 3701 tacitam
929 3634 1147 3700 1100010
1190 3641 1393 3718 quam·
1430 3636 1901 3718 professionem
1944 3636 2283 3718 accipiant,
2329 3657 2459 3719 0110
2499 3637 2569 3700 111

615 3722 960 3787 universas
1002 3742 1157 3786 suas
1203 3720 1724 3786 abominationes
1781 3720 1984 3786 semel
2035 3721 2317 3787 iuretur:
2373 3723 2571 3787 unius

615 3807 856 3871 missae
896 3815 1292 3890 contemptu,
1339 3826 1643 3872 corruere
1685 3805 1949 3872 easdem
1991 3814 2059 3872 et
2098 3808 2370 3873 interire
2396 3808 2571 3873 exis·

614 3893 866 3957 timent.
946 3892 1417 3975 Respondeant
1458 3914 1639 3958 nunc
1676 3892 1844 3955 mihi
1887 3893 2061 3958 bona
2106 3891 2235 3958 fide
2268 3894 2379 3959 isti
2412 3894 2571 3958 mis-

621 3997 844 4042 sarum
887 3979 1166 4055 alumni,
1220 3976 1607 4061 quibuscum
1660 3978 1826 4042 mihi
1882 3978 2172 4061 quaestio
2226 3987 2354 4059 est,
2413 3979 2573 4044 dum

620 4063 1010 4146 capitalibus
1062 4062 1248 4129 verbi
1290 4064 1419 4128 Dei
1473 4062 1770 4128 hostibus
1822 4064 1892 4128 id
1944 4064 2338 4142 concedunt,
2399 4061 2573 4149 quod

619 4148 754 4214 illis
799 4148 1197 4215 abiurandae
1243 4170 1436 4214 verae
1477 4149 1815 4234 religionis
1850 4150 2224 4233 symbolum
2258 4172 2401 4216 0000
2435 4170 2570 4214 11011

618 4235 959 4320 ignorant:
1021 4256 1109 4300 an
1166 4255 1301 4300 non
1341 4235 1494 4314 1100,
1556 4256 1677 4301 0011
1736 4235 1887 4300 dato
1942 4237 2248 4320 pignore,
2306 4236 2573 4301 illorum

621 4341 765 4387 sese
787 4321 1172 4387 exsecrabili
1204 4311 1510 4406 religioni
1542 4320 1837 4406 obligant
1857 4341 1933 4387 ac
1954 4320 2374 4388 devinciunt?
2419 4320 2486 4386 N
2486 4342 2573 4386 on

620 4408 802 4472 enim
856 4408 991 4471 iam
1045 4407 1259 4490 qualis
1317 4408 1461 4490 ipsa
1557 4429 1630 4473 er
1673 4429 1743 4474 se
1800 4409 1887 4473 sit
1928 4409 2168 4472 missae
2211 4407 2570 4484 audientia,

622 4491 1169 4558 considerandum
1226 4493 1438 4558 solum
1537 4496 1660 4574 ‘co,
1721 4491 1838 4558 sed
1891 4501 2213 4577 quantum
2264 4493 2574 4577 ponderis

621 4597 773 4643 cum
818 4579 954 4644 suis
993 4580 1500 4645 circumstantiis
1557 4580 1847 4664 appensa
1899 4600 2120 4646 secum
2164 4579 2349 4644 ferat.
2437 4581 2572 4644 Ae-

621 4663 1099 4745 stimandum1)
1145 4673 1365 4730 autem
1420 4667 1588 4731 tanti
1643 4686 1906 4745 censeo,
1964 4674 2284 4748 quantum
2340 4666 2573 4748 impio-

622 4772 773 4815 rum
815 4750 1221 4832 improbitati
1264 4751 1334 4814 in
1381 4772 1460 4815 ea
1515 4752 1671 4818 dare
1715 4752 1962 4818 volunt.
2052 4750 2161 4817 Sit
2217 4750 2404 4817 nobis
2458 4750 2573 4815 ille

621 4837 693 4900 in
730 4835 1104 4918 exemplum
1138 4836 1514 4915 Eleazarus,
1553 4838 1634 4903 de
1667 4860 1794 4922 quo
1830 4836 2381 4904 Machabaeorum
2418 4856 2573 4901 nar-

624 4929 732 4986 rat
773 4921 1074 4988 historia:
1097 4922 1154 5006 ²)
1208 4923 1324 4987 illa
1365 4923 1541 5001 item,
1587 4946 1752 5006 quae
1794 4924 2036 4991 ibidem
2079 4924 2381 5001 refertur,
2426 4943 2573 4987 mu-

761 5143 821 5212 1)
861 5144 1105 5199 Gallasii
1121 5145 1288 5200 editio
1312 5145 1591 5199 emendat.-
1625 5147 2045 5216 Aestimandam,
2082 5146 2231 5217 quod
2251 5145 2577 5201 recentiores

620 5229 804 5268 omnes
835 5214 1128 5282 recipiunt.
1196 5215 1383 5270 Versio
1413 5215 1619 5284 yallica
1652 5215 1838 5271 habet.-
1873 5218 1911 5271 il
1949 5224 2035 5271 est
2071 5217 2105 5271 a
2141 5218 2374 5271 estimet.
2510 5213 2573 5280 2)

620 5281 888 5353 Iosephus
922 5286 976 5338 in
1009 5285 1195 5340 libello
1233 5283 1301 5339 (10
1337 5283 1683 5339 Machabaeis
1718 5293 1774 5339 et
1805 5285 1841 5337 2
1874 5285 2054 5339 Mach.
2091 5283 2142 5338 6.
2182 5284 2230 5338 7.

2343 353 2810 423 EPIS'I'OLA
2847 353 2904 422 Ι.
4508 356 4633 421 268

2679 544 2803 609 1101·
2855 566 3005 611 011111
3060 551 3313 628 septem
3367 544 3502 610 suis
3554 543 3728 609 filiis.
3818 541 4071 610 Omnes
4125 565 4327 628 quum
4371 543 4633 627 pauxil-

2680 630 2823 694 lum
2865 631 3097 697 suillae
3132 631 3350 695 carnis
3385 628 3710 714 gustando
3746 630 3956 697 vitam
3991 629 4313 695 redimere
4348 639 4633 713 possent,

2682 723 3011 781 extremos
3055 717 3280 782 subire
3314 715 3643 781 cruciatus
3677 714 4068 794 maluerunt,
4114 736 4316 799 quam
4349 716 4494 784 eius
4529 737 4633 782 sa-

2680 822 2910 886 porem
2952 801 3219 887 linguae
3261 801 3630 867 admovere.
3720 799 4022 881 Quorum
4064 803 4358 866 omnium
4401 803 4460 867 si
4500 803 4634 869 filc-

2680 896 2826 952 tum
2867 909 2988 971 per
3029 910 3100 955 se
3141 890 3359 971 ipsum
3403 894 3685 969 spectes,
3742 907 3977 970 parum
4038 888 4250 954 aberit
4301 888 4466 972 quin
4517 889 4636 955 tibi

2680 974 2751 1038 in
2796 974 3166 1057 oppetenda
3207 994 3415 1057 1100110
3460 993 3537 1037 00
3580 980 3828 1037 temere
3872 979 4114 1052 morte,
4160 974 4491 1039 insanisse
4535 975 4634 1040 vi·-

2682 1059 2992 1126 deantur:
3051 1063 3154 1125 sin
3197 1080 3462 1125 causam
3507 1058 3858 1143 diligenter
3899 1059 4259 1142 expendas,
4316 1060 4636 1144 gravissi-

2680 1167 2859 1210 mam
2916 1147 3120 1213 fuisse
3171 1147 3496 1210 rationem
3550 1145 3880 1223 invenies,
3939 1167 4058 1210 cur
4112 1145 4197 1210 ad
4249 1146 4637 1211 saevissima

2679 1252 2972 1314 quaeque
2995 1231 3384 1316 perferenda
3403 1230 3723 1314 supplicia
3745 1230 3981 1295 darent
4002 1231 4220 1314 potius
4242 1252 4409 1311 0000,
4432 1252 4638 1316 0110111

2679 1317 3013 1384 interdicti
3056 1319 3185 1384 cibi
3228 1325 3429 1402 gustu
3464 1317 4008 1382 contaminarent.
4077 1316 4319 1382 Fateor
4358 1318 4429 1381 in
4474 1318 4636 1383 suil-

2677 1403 2781 1468 lae
2826 1404 3194 1470 0011·11111110
3244 1404 3448 1467 fuisse
3499 1400 3742 1485 alioqui
3795 1401 3945 1485 plus
4002 1402 4370 1489 religionis,
4430 1424 4640 1487 quam

2677 1490 2747 1554 in
2785 1490 3257 1558 manducandis
3291 1488 3573 1571 panibus
3605 1487 4097 1571 propositionis:
4136 1489 4373 1571 quibus
4409 1497 4637 1556 tamen

2678 1586 3027 1659 urgentem
3069 1578 3313 1642 famem
3366 1574 3447 1638 de
3494 1573 3693 1638 ellere
3736 1572 3982 1639 Davidi
4026 1573 4208 1638 nullo
4248 1574 4509 1658 piaculo
4557 1575 4636 1641 11-

2680 1663 2819 1726 cuit
2853 1662 2918 1746 (1
2961 1661 3148 1730 Sam..
3182 1666 3285 1739 21,
3323 1664 3410 1743 7).
3538 1679 3727 1724 erum
3764 1680 3968 1742 quum
4001 1659 4243 1741 impius
4280 1668 4636 1743 tyrannus,

2678 1749 2790 1832 qui
2834 1770 2969 1814 non
3011 1747 3143 1813 Dei
3185 1749 3400 1831 legem
3441 1744 3634 1809 modo
3678 1744 3991 1810 abolitam
4035 1743 4151 1809 sed
4195 1766 4437 1811 nomen
4472 1767 4639 1830 quo-

2675 1855 2801 1916 que
2854 1835 3112 1918 penitus
3169 1834 3568 1899 exstinctum
3624 1831 3951 1913 cupiebat,
4009 1830 4140 1895 illis
4192 1832 4498 1910 instaret,
4561 1839 4640 1899 ut

2676 1920 2800 1984 1100
2835 1920 3133 2005 symbolo
3176 1921 3256 1986 ab
3301 1917 3758 1989 observatione
3792 1918 4116 1983 mosaicae
4149 1917 4316 2001 legis
4352 1916 4640 1985 deficere

2676 2027 2748 2071 se
2790 2014 3210 2084 testarentur,
3261 2003 3652 2087 reputabant
3694 2002 3762 2066 id
3804 2002 3978 2085 quod
4023 2023 4128 2067 res
4172 2010 4333 2081 erat,
4379 2025 4515 2069 11011
4561 2006 4640 2070 111

2674 2112 2812 2156 11110
2854 2092 3183 2158 duntaxat
3223 2087 3730 2167 caeremoniola,
3789 2090 3842 2152 si
3899 2087 4442 2171 obsequerentur,
4488 2092 4639 2157 vio-

2675 2176 2885 2242 latum
2929 2179 3011 2243 iri
3055 2200 3096 2243 a
3145 2200 3216 2244 se
3267 2177 3509 2259 legem:
3569 2173 3684 2239 sed
3741 2174 3990 2239 editum
4033 2174 4117 2238 iri
4159 2175 4636 2256 testimonium,

2676 2284 2803 2347 quo
2850 2271 2994 2343 [pag.
3024 2270 3129 2341 34]
3174 2264 3398 2329 Deum
3440 2281 3590 2326 cum
3633 2259 3964 2326 universa.
3990 2281 4110 2325 sua
4150 2260 4298 2344 lege
4340 2262 4639 2346 abnega-

2676 2356 2843 2414 rent.
2935 2348 3087 2430 Quo
3127 2350 3372 2414 factum
3415 2353 3533 2425 est,
3581 2354 3655 2409 ut
3696 2366 3900 2428 quum
3941 2353 4167 2411 sancto
4213 2346 4314 2410 illi
4358 2348 4502 2413 viro
4556 2349 4639 2415 ab

2677 2435 2903 2502 amicis
2948 2457 3179 2502 carnes
3223 2434 3390 2498 aliae
3434 2440 3979 2514 supponerentur,
4037 2453 4199 2514 quas
4242 2453 4362 2516 pro
4415 2434 4642 2501 suillis

2677 2520 2930 2601 ederet,
2986 2543 3073 2587 ne
3116 2541 3194 2587 ea
3237 2518 3503 2603 quidem
3546 2517 3963 2582 simulatione
4006 2516 4179 2583 elabi
4221 2519 4639 2598 sustinuerit,

2676 2607 2847 2690 quod
2890 2605 3155 2673 videbat
3197 2602 3476 2670 eandem
3529 2623 3787 2686 semper
3829 2603 3959 2667 Dei
4015 2602 4411 2670 adversariis
4455 2605 4643 2672 blas-

2675 2692 2981 2777 phemiae
3014 2700 3334 2758 tesseram
3376 2711 3447 2754 se
3491 2686 3818 2753 daturum.
3884 2688 4036 2753 Non
4074 2698 4192 2767 est,
4239 2690 4474 2768 aiebat,
4525 2710 4644 2757 ae-

2676 2779 2797 2844 tati
2842 2785 3109 2844 nostrae
3144 2775 3472 2853 decorum,
3516 2775 3798 2859 fingere:
3846 2795 3974 2858 quo
4016 2774 4212 2839 multi
4254 2775 4644 2843 adolescen-

2677 2871 2777 2929 tes
2818 2863 3213 2929 Eleazarum
3255 2862 3803 2946 nonagenarium,
3850 2857 3934 2925 ad
3977 2860 4185 2926 vitam
4226 2860 4646 2947 alienigena-

2675 2971 2824 3016 rum
2867 2950 3184 3017 transisse
3226 2947 3544 3026 arbitrati,
3590 2955 3658 3012 et
3697 2946 3825 3030 ipsi
3869 2953 4138 3030 propter
4168 2966 4386 3012 meam
4426 2950 4647 3016 simu-

2674 3037 3010 3117 lationem,
3047 3043 3116 3102 et
3149 3041 3416 3119 propter
3434 3032 3762 3098 modicum
3785 3032 4225 3117 corruptibilis
4247 3034 4426 3100 vitae
4460 3041 4649 3102 tem·

2673 3143 2800 3207 pus
2823 3121 3256 3205 decipiantur,
3293 3130 3489 3203 atque
3521 3120 3613 3184 ita
3644 3118 3976 3184 maculam
4007 3126 4074 3184 et
4108 3120 4649 3188 exsecrationem

2675 3230 2861 3275 meae
2889 3208 3211 3275 senectuti
3240 3206 3590 3290 acquiram.
3659 3204 3834 3269 Nam
3866 3204 3991 3269 etsi
4011 3206 4082 3268 in
4102 3205 4442 3288 praesenti
4462 3219 4645 3274 tem-

2673 3289 2836 3379 por'e
2869 3294 3216 3360 hominum
3251 3291 3587 3375 suppliciis
3623 3291 3882 3373 eripiar,
3918 3311 4192 3356 manum
4227 3304 4459 3356 tamen
4495 3315 4647 3359 om·

2673 3381 3032 3464 nipotentis
3089 3400 3210 3446 nec
3253 3380 3445 3444 vivus
3500 3398 3624 3442 nec
3679 3384 3979 3441 mortuus
4023 3376 4355 3460 effugiam.
4448 3376 4647 3460 Qua-

2673 3475 2943 3553 propter
2984 3467 3123 3533 vita
3171 3465 3428 3531 fortiter
3475 3461 3851 3529 excedendo
3865 3513 3881 3541 ,
3939 3481 4134 3546 agam
4187 3461 4361 3546 quod
4410 3473 4650 3532 aetate

2676 3574 2825 3618 mea
2882 3552 3158 3638 dignum
3210 3557 3333 3616 est:
3395 3547 3916 3615 adolescentibus
3970 3556 4191 3613 autem
4248 3550 4650 3634 exemplum

2674 3639 2843 3703 forte
2877 3639 3264 3722 relinquam,
3303 3637 3361 3702 si
3393 3642 3695 3719 prompto
3731 3635 3952 3699 animo
3988 3653 4064 3700 ac
4098 3641 4653 3720 constanter-pro

2676 3724 3082 3808 gravissimis
3135 3730 3206 3788 et
3259 3722 3689 3788 sanctissimis
3752 3720 4008 3803 legibus
4075 3719 4353 3785 honesta
4412 3730 4654 3788 morte

2675 3811 2909 3894 perfun
2997 3832 3049 3874 r.
3132 3810 3243 3874 En
3288 3808 3595 3891 profecto,
3642 3827 3775 3871 non
3820 3805 4035 3871 dicam
4074 3806 4658 3889 appositissimum

2677 3915 2911 3978 exemp
2938 3917 3069 3974 um,
3115 3893 3231 3961 sed
3275 3912 3652 3977 expressam
3694 3891 3830 3955 ima
3879 3892 3891 3905 “
3949 3913 4053 3956 0111
4098 3913 4268 3976 quae
4311 3891 4510 3959 nobis
4561 3894 4656 3960 ad

2675 3982 2907 4047 vivum
2953 3982 3219 4059 referat,
3277 3977 3434 4063 quid
3488 3979 3603 4058 sit,
3663 3977 3749 4043 ad
3800 3913 4154 4061 pffiandos
4210 3979 4657 4062 evangelicae

2677 4066 2977 4133 veritatis
3019 4065 3447 4144 adversarios,
3491 4066 3762 4131 missam
3806 4063 4049 4128 audire.
4113 4060 4222 4128 Ad
4256 4064 4439 4143 haec,
4489 4074 4664 4133 utut

2678 4152 2857 4219 istud
2898 4152 3047 4219 vitii
3089 4153 3161 4216 in
3205 4151 3497 4215 minimis
3549 4150 3741 4216 malis
3795 4150 4110 4215 habeant:
4166 4149 4223 4214 si
4283 4158 4522 4217 tamen
4587 4159 4664 4219 et

2678 4239 2917 4304 vitium
2971 4259 3140 4316 esse,
3180 4244 3267 4302 .et
3318 4237 3580 4302 divinae
3622 4235 3985 4303 voluntatis
4039 4237 4665 4319 transgressionem

2677 4325 2987 4403 fatentur,
3043 4322 3215 4407 quod
3257 4323 3488 4406 negari
3531 4344 3664 4387 non
3708 4328 3950 4404 potest,
4006 4341 4140 4386 non
4201 4321 4363 4386 adeo
4419 4324 4662 4391 nihilo

2679 4411 3024 4476 aestimare
3068 4407 3322 4488 debent,
3366 4416 3443 4473 ut
3476 4408 3663 4473 nobis
3698 4428 3900 4490 prope
3935 4407 4332 4491 permissum
4366 4407 4663 4476 faciant.

2679 4496 3073 4579 Quanquam
3130 4497 3309 4561 onim
3365 4496 3420 4559 si
3475 4496 3652 4559 inter
3701 4514 3774 4558 se
3828 4494 3974 4577 ipsa
4027 4493 4451 4559 conferantur
4510 4497 4666 4562 Dei

2676 4580 3007 4661 mandata,
3053 4582 3332 4646 alterum
3376 4579 3581 4645 altero
3624 4579 4208 4664 praeponderatur:
4255 4580 4373 4645 ubi
4405 4586 4668 4648 tamen

2677 4666 2761 4731 ab
2799 4667 2915 4732 illa
2957 4667 3304 4733 collatione
3347 4664 3791 4743 discessimus,
3836 4665 4005 4729 nibil
4046 4666 4217 4730 tanti
4253 4686 4397 4731 esse
4441 4667 4670 4735 nobis

2679 4753 2899 4833 debet,
2946 4752 3119 4836 quod
3163 4772 3300 4816 non
3343 4773 3568 4815 eorum
3611 4759 3941 4834 postremo
3983 4750 4172 4816 facile
4215 4751 4420 4817 cedat.
4527 4749 4670 4824 Sin

2678 4840 2852 4904 enim
2875 4839 3017 4922 ipse
3039 4858 3295 4922 quoque
3317 4837 3632 4919 magister
3653 4858 3776 4902 sua
3797 4856 3956 4901 voce
3977 4836 4188 4902 docet:
4230 4835 4360 4917 Qui
4396 4858 4666 4920 unum,

2675 4926 2895 5008 inquit
2929 4924 3198 5009 (Matth.
3239 4929 3295 5000 5,
3340 4925 3470 5005 19),
3515 4944 3599 4987 ex
3632 4923 3921 4988 minimis
3955 4922 4099 4987 istis
4133 4922 4466 4988 mandatis
4513 4925 4669 4990 sol-

2630 5066 2636 5072 .
2679 5012 2878 5089 verit,
2937 5018 3005 5074 et
3058 5010 3150 5073 sic
3196 5008 3493 5074 docuerit
3547 5008 3871 5087 homines,
3929 5008 4246 5074 minimus
4287 5009 4674 5079 vocabitur

2676 5098 2747 5161 in
2780 5116 2984 5178 regno
3007 5093 3153 5158 Dei.
3199 5094 3520 5160 Videmus
3553 5096 3677 5159 hac
3707 5094 4000 5159 oratione
4032 5115 4241 5178 genus
4275 5094 4438 5159 illud
4481 5095 4670 5165 doc-

2678 5191 2897 5245 torum
2942 5179 3186 5246 directe
3229 5182 3390 5263 peti,
3446 5182 3558 5263 qui
3612 5182 3706 5248 sic
3761 5180 3934 5245 inter
3977 5179 4106 5244 Dei
4155 5180 4335 5265 leges
4392 5179 4672 5250 distin-

2680 5273 2919 5352 guunt,
2976 5265 3292 5349 quasdam
3340 5274 3418 5332 ut
3471 5267 3750 5355 leviores
3803 5287 3945 5332 esse
3989 5264 4289 5346 doceant,
4345 5287 4676 5351 quarum
