4984 5975
626 321 750 381 119

623 501 958 570 bibendus
1010 511 1125 568 est.
1214 502 1418 581 Nam,
1476 509 1555 567 ut
1608 501 1833 567 statim
1874 500 2050 567 idem
2094 500 2343 580 subdit,
2388 501 2584 567 easti-

627 587 831 675 gandi
864 586 1302 671 caedendique
1341 594 1485 667 [pag.
1518 603 1542 651 1
1562 592 1664 669 ιι]
1701 608 1959 670 semper
1992 587 2139 654 iure
2174 593 2333 654 sunt
2378 587 2582 654 servi:

627 696 842 758 neque
884 675 978 738 ita
1018 672 1326 739 monendi
1374 683 1452 738 ut
1491 673 1701 752 liberi,
1745 694 1831 737 ne
1873 673 2202 739 molliores
2244 674 2436 752 fiant;
2487 672 2582 736 al-

624 759 922 843 loquutio
976 760 1192 824 omnis
1247 758 1328 824 ad
1385 780 1637 839 servos,
1693 758 2164 842 quodammodo
2238 758 2585 843 imperium

633 848 691 913 si
777 851 897 911 etc.
1356 878 1381 900 ο
2335 847 2338 850 “

691 855 735 926 t,
801 931 1017 1012 Aequi
1069 929 1333 1012 bonique
1373 935 1610 996 natura
1699 927 1879 995 Satis
1931 928 2214 996 ostendit
2271 929 2583 994 Budaeus

627 1018 702 1082 in
738 1017 874 1081 suis
908 1015 1454 1097 annotationibus,
1491 1017 1603 1098 qui
1684 1023 1859 1081 esset
1892 1037 2174 1098 aequum
2213 1022 2281 1081 et
2320 1014 2582 1092 bonum,

629 1101 807 1186 quod
849 1102 999 1186 iuri,
1023 1122 1280 1166 summo
1322 1122 1439 1166 seu
1481 1100 1686 1184 rigori
1739 1101 1902 1166 iuris
1956 1102 2321 1184 opponitur.
2409 1100 2585 1164 Nam

629 1208 838 1272 quum
874 1187 980 1251 ius
1018 1186 1242 1251 omnia
1277 1195 1460 1252 recta
1505 1195 1573 1250 et
1614 1186 2001 1252 inflexibilia
2055 1186 2303 1270 exigat,
2360 1185 2584 1269 aequi-

626 1281 732 1338 tas
769 1272 851 1338 de
893 1273 1040 1337 iure
1085 1271 1328 1354 aliquid
1375 1272 1673 1340 remittit.
1734 1272 1920 1338 Haec
1965 1273 2239 1338 Graecis
2279 1279 2585 1349 ἐπιείκεια,

623 1358 794 1425 illud
845 1356 913 1421 τὰ
956 1355 1106 1421 κατὰ
1161 1355 1261 1420 τὸν
1312 1356 1491 1438 νόμον
1537 1356 1772 1420 δίκαιον
1819 1358 2075 1424 dicitur.
2177 1355 2432 1423 Sensus
2486 1361 2589 1422 est

626 1445 865 1528 igitur,
913 1443 1209 1508 dominos
1253 1465 1387 1508 non
1430 1443 1751 1526 respicere
1795 1451 2114 1527 quantum
2157 1465 2276 1508 suo
2322 1444 2463 1507 iure
2516 1442 2587 1506 in

623 1538 855 1596 ‘servos
890 1531 1160 1612 possint,
1199 1528 1313 1594 sed
1354 1528 1640 1614 quadam
1684 1530 2027 1611 aequitatis
2066 1550 2296 1594 norma
2338 1536 2587 1610 tempe-

629 1635 779 1680 rare
822 1614 1190 1698 imperium.

813 1701 988 1782 Quae
1018 1721 1282 1782 parcere
1324 1701 1515 1764 etiam
1558 1698 1851 1787 captivis]

632 1788 848 1869 quitas
903 1784 1074 1851 bello
1135 1783 1422 1851 devictos
1479 1793 1548 1850 et
1602 1786 1892 1869 captivos
1946 1786 2323 1851 conservari
2387 1784 2587 1849 iubet.

630 1871 808 1937 Nam
864 1873 918 1937 si
975 1872 1120 1935 iure
1177 1892 1433 1935 summo
1486 1879 1753 1954 agatur,
1811 1872 2200 1954 praesertim
2259 1871 2329 1934 in
2372 1870 2589 1934 medio

1909 1699 2162 1765 Eadem
2220 1699 2422 1764 etiam
2479 1718 2589 1762 ae-

628 1956 788 2022 belli
832 1956 1154 2034 tumultu,
1201 1978 1332 2022 non
1376 1964 1478 2022 est
1520 1978 1641 2022 nec
1692 1954 2172 2020 misericordiae
2226 1977 2349 2021 nec
2404 1975 2613 2021 man-2

632 2042 970 2108 suetudini
1003 2041 1219 2108 locus:
1259 2053 1454 2125 atque
1487 2048 1563 2105 ut
1597 2040 1884 2125 loquitur
1923 2041 2220 2126 Pyrrhus
2257 2040 2429 2124 apud
2467 2039 2589 2106 Se-

630 2149 866 2193 necam
904 2129 974 2191 in
1018 2127 1305 2193 Troade:
1569 2139 1574 2148 ‘
2091 2143 2097 2152 '

852 2213 971 2268 Lex
1005 2213 1155 2267 nulla
1191 2220 1352 2282 capto
1390 2212 1585 2281 parcit,
1621 2219 1717 2266 aut
1753 2229 1984 2281 poenam
2019 2212 2256 2282 impedit.

622 2298 919 2382 Aequius
963 2298 1313 2382 respondet
1355 2299 1841 2382 Agamemnon:

742 2420 748 2426 ’
871 2401 1028 2469 Quod
1063 2418 1172 2455 non
1208 2408 1360 2455 vetat
1396 2402 1502 2470 lex,
1542 2402 1648 2456 hoc
1685 2407 1836 2456 vetat
1868 2400 1986 2455 fieri
2021 2401 2211 2470 pudor.
2548 2423 2583 2434 ·-

564 2462 575 2489 ³
626 2488 862 2555 Cicero
908 2486 1097 2558 offic.
1145 2488 1228 2553 I.:
1287 2488 1493 2554 Parta
1546 2496 1771 2562 autem
1827 2488 2101 2553 wctoria
2151 2484 2586 2553 conservandi

624 2581 785 2644 sunt
819 2574 897 2651 ii,
944 2574 1058 2657 qui
1091 2594 1230 2638 non
1271 2572 1566 2638 crudeles
1607 2574 1678 2637 in
1732 2570 1896 2638 bello
1932 2593 2054 2638 nec
2087 2573 2407 2638 immanes
2443 2573 2585 2637 fue-
2626 2611 2634 2625 Δ

598 2721 611 2732 ,
631 2670 807 2725 runt.
872 2660 1195 2724 Horatius
1237 2659 1294 2724 I.
1337 2659 1818 2741 Epistolarum:

837 2763 1089 2816 Vendere
1126 2778 1294 2829 quum
1330 2762 1510 2830 possis
1547 2762 1834 2828 captivum,
1872 2760 2118 2814 occidere
2151 2760 2290 2813 noli:

843 2830 1055 2885 Serviet
1090 2830 1315 2896 utiliter,
1353 2845 1448 2883 seu
1484 2835 1679 2897 pascat
1713 2827 1897 2895 dume,
1933 2833 2172 2895 aretque.

623 2916 805 2982 Hinc
850 2914 1186 2999 Vergilius
1232 2913 1563 2979 Aeneidos
1608 2913 1762 2978 VL:

802 3017 888 3070 Tu
922 3033 981 3069 re
1021 3032 1112 3070 ere
1148 3017 1372 3085 imperio
1409 3017 1661 3084 populoS,
1699 3016 1956 3082 Romane,
1992 3023 2280 3069 memento.

798 3085 918 3139 Hae
956 3085 995 3137 ti
1031 3086 1049 3137 i
1084 3091 1243 3137 erunt
1278 3092 1441 3140 artes,
1516 3085 1734 3152 acisque
1770 3086 2044 3153 imponere
2079 3099 2299 3151 morem,

801 3154 1032 3207 Parcere
1070 3152 1325 3205 subiectis
1362 3160 1417 3205 et
1489 3152 1726 3206 ebellare
1764 3152 2046 3221 superbos.

623 3242 732 3309 Et,
753 3236 1136 3304 Alexander
1170 3236 1338 3302 libro
1363 3236 1482 3301 IV.
1510 3237 1756 3302 Curtii:
1803 3238 1896 3303 Et
1929 3238 2208 3317 vincere,
2247 3245 2314 3302 et
2348 3258 2584 3303 consu-

621 3326 761 3392 lere
805 3323 1000 3390 victis
1044 3323 1194 3388 scie.

799 3409 1070 3488 merie,
1095 3409 1160 3473 in
1203 3410 1400 3488 enuiS,
1434 3407 1731 3497 honestis]
1772 3408 1907 3491 Qui
1941 3407 2212 3475 serviles
2248 3415 2585 3475 contume-

620 3499 779 3577 lias,
839 3503 905 3561 et
963 3492 1136 3561 sordi
1187 3516 1226 3559 a
1279 3494 1585 3578 obsequia
1628 3496 1770 3579 pati
1811 3516 1948 3560 non
2086 3502 2289 3561 ssunt.
2389 3495 2585 3562 Unde

622 3582 1031 3655 Hermolaus
1074 3579 1176 3645 adx
1200 3579 1659 3646 Alexandrum
1701 3581 1870 3647 libro
2029 3632 2042 3646 .
2094 3580 2335 3647 Curtii:
2393 3579 2584 3648 Occi-

627 3668 828 3736 dendi
869 3675 936 3732 te
980 3666 1328 3733 consilium
1368 3666 1711 3745 inivimus,
1758 3667 1912 3752 quia
1967 3688 2100 3732 non
2153 3676 2228 3733 ut
2277 3667 2584 3752 ingenuis

623 3757 949 3839 imperare
994 3752 1292 3835 coepisti,
1341 3751 1456 3817 sed
1499 3755 1684 3836 quasi
1726 3754 1796 3818 in
1838 3753 2167 3836 mancspia
2210 3751 2581 3819 dominaris.

627 3839 892 3906 Liberis
936 3838 1236 3927 dixitbet
1279 3838 1617 3922 ingenuis,
1664 3841 1818 3922 quia
1859 3838 2023 3905 haec
2064 3840 2240 3903 inter
2283 3860 2354 3904 se
2394 3839 2582 3904 diffe-

623 3934 799 3990 runt.
891 3925 1118 3989 Liberi
1156 3925 1332 3988 enim
1381 3922 1731 4007 aliquando
1773 3925 1966 4002 fiunt,
2010 3926 2281 4008 ingenui
2323 3946 2583 4007 semper

627 4018 1009 4076 naseuntur.
1077 4008 1250 4074 Vide
1290 4010 1816 4075 Iurisconsultos.
1998 4078 2004 4089 ,

807 4094 1020 4159 Servis
1061 4095 1148 4158 ad
1189 4093 1492 4181 statuam]
1541 4093 1739 4161 Servi
1773 4096 1980 4171 enim,
2027 4097 2083 4160 si
2124 4104 2583 4179 premerentur

625 4180 1026 4245 intolerabili
1061 4179 1476 4246 dominorum
1530 4182 1832 4260 saevitia,
1893 4181 1977 4245 ad
2034 4182 2392 4247 Caesarum
2446 4190 2582 4246 stae-

628 4276 778 4333 tuas
822 4264 1315 4349 confligiebant:
1363 4276 1431 4330 et
1463 4268 1530 4331 si
1574 4266 1839 4350 quidem
1882 4267 2059 4332 iusta
2098 4266 2295 4333 eausa
2348 4267 2582 4349 implo-

625 4353 867 4418 rabant
908 4372 1095 4434 opem
1113 4402 1128 4428 ,
1174 4353 1631 4417 eximebantur
1672 4353 1909 4436 prioris
1951 4351 2197 4417 domini
2251 4354 2579 4436 potestati.

626 4441 676 4523 ξ.
716 4436 833 4503 sed
875 4445 943 4501 et
980 4437 1205 4509 maior.
1254 4438 1334 4502 de
1377 4439 1459 4503 iis
1503 4438 1619 4521 qui
1661 4447 1819 4504 sunt
1863 4437 1968 4502 sui
2010 4439 2117 4503 vel
2160 4438 2356 4503 alieni
2395 4438 2578 4503 iuris.

625 4523 736 4588 lib.
761 4524 816 4588 Ι.
854 4523 1070 4587 Instit.
1109 4523 1489 4589 Antoninus
1524 4524 1860 4590 consultus
1895 4546 1936 4589 a
1967 4524 2357 4606 quibusdam
2393 4545 2582 4608 prae-

625 4608 878 4675 sidibus
911 4608 1419 4691 provinciarum,
1458 4609 1539 4675 de
1573 4610 1655 4675 iis
1690 4612 1897 4676 servis
1934 4612 2051 4692 qui
2085 4609 2170 4675 ad
2204 4610 2432 4675 aedem
2475 4631 2580 4675 sa-

623 4717 826 4773 cram,
877 4693 984 4760 vel
1028 4692 1111 4758 ad
1155 4700 1407 4759 statuas
1448 4695 1822 4779 principum
1867 4695 2272 4779 confugiunt,
2316 4717 2581 4778 praece-

625 4782 727 4865 pit
769 4787 844 4845 ut
886 4781 944 4845 si
987 4778 1289 4844 videatur
1340 4781 1768 4847 intolerabilis
1819 4783 2093 4847 saevitia
2149 4780 2578 4861 dominorum,

627 4873 947 4950 cogantur
968 4886 1191 4930 servos
1214 4886 1365 4931 suos
1387 4866 1573 4932 bonis
1607 4867 2088 4934 conditionibus
2123 4867 2426 4932 vendere.
2494 4868 2581 4932 In

621 4951 905 5019 eandem
952 4950 1348 5016 sententiam
1397 4959 1498 5015 est
1542 4954 1919 5018 constitutio
1955 4953 2177 5019 Valer.
2223 4952 2465 5018 Theod.
2515 4961 2584 5017 et

625 5037 865 5104 Aroad.
912 5057 1050 5102 aaa.
1092 5035 1203 5101 lib.
1249 5036 1303 5101 Ι.
1370 5035 1443 5100 Ο.
1491 5037 1912 5120 Tranquillus
1955 5041 2028 5107 in
2068 5038 2356 5104 Tiberio:
2400 5039 2580 5104 Pau-

622 5124 814 5189 latim
835 5123 958 5187 hoc
982 5144 1189 5206 genus
1225 5121 1592 5188 calumniae
1628 5144 1703 5187 eo
1740 5126 2077 5206 processit,
2118 5132 2191 5189 ut
2224 5124 2387 5190 haec
2421 5143 2581 5207 quo-

615 5231 754 5295 que
797 5208 1104 5293 capitalia
1144 5215 1400 5288 essent,⁸
1427 5208 1603 5274 circa
1642 5209 1932 5292 Augusti
1975 5210 2399 5277 simulacrum
2443 5230 2580 5275 ser-

2274 314 2403 379 DE
2447 311 2994 380 CLEMENTIA

4512 314 4623 375 120

2688 521 2850 567 vum
2893 500 3227 580 cecidisse,
3288 509 3542 567 vestem
3583 505 3875 564 mutasse
3917 504 4039 564 etc.
4130 498 4282 564 Hoc
4337 498 4440 563 ius
4483 519 4625 582 asy-

2686 585 2814 650 liae
2847 593 3074 669 postea
3106 586 3369 651 transiit
3403 585 3486 651 ad
3521 584 3822 650 basilicas
3857 584 4328 667 Apostolorum
4363 591 4431 648 et
4451 584 4626 648 Mar-

2687 678 2941 755 tyrum,
2988 678 3064 735 ut
3114 672 3358 754 legitur
3399 673 3469 736 in
3514 671 3739 736 multis
3783 670 3959 734 Iuris
4002 669 4177 734 loeis.
4262 667 4442 735 Vide
4489 676 4625 749 [pag.

2694 763 2837 833 1121
2878 758 3322 840 Augustinum
3362 756 3530 822 libro
3572 757 3625 820 Ι.
3670 756 3750 821 de
3793 754 3986 821 Civit.
4033 755 4179 822 Dei.

2864 841 3069 923 Quum
3102 844 3172 907 in
3205 863 3451 908 servum
3484 843 3695 907 omnia
3735 838 3984 927 liceant]
4027 841 4273 924 Utpote
4316 842 4391 906 in
4444 862 4630 924 quem

2672 929 2863 993 -vitae
2906 930 3209 1011 necisque
3252 936 3541 1010 potestas
3585 926 3845 1000 domino
3886 927 4208 1009 permissa
4249 934 4366 992 est.

2861 1013 2982 1078 Est
3023 1014 3268 1094 aliquid
3308 1014 3470 1095 quod
3511 1013 3745 1077 homini
3780 1013 3852 1076 in
3892 1012 4200 1077 hominem
4233 1010 4441 1100 licere]
4503 1013 4573 1077 N
4568 1033 4631 1076 a-

2691 1107 2840 1163 tura
2874 1099 3051 1163 enim
3086 1098 3325 1164 indidit
3346 1099 3756 1163 ‘animalibus
3799 1098 4182 1163 societatem
4221 1099 4293 1163 in
4337 1120 4454 1163 suo
4499 1100 4630 1164 cui-

2688 1206 2813 1267 que
2850 1206 3110 1268 genere,
3148 1195 3222 1249 ut
3257 1183 3450 1249 homo
3486 1183 3821 1249 hominem
3856 1204 3989 1248 non
4024 1183 4241 1262 violet,
4288 1204 4411 1249 nec
4450 1186 4631 1250 canis

2689 1292 2950 1348 canem,
2992 1292 3110 1335 nec
3164 1292 3371 1355 equus
3415 1291 3659 1353 equum
3714 1277 3832 1334 ete.
3925 1266 4060 1349 Qui
4105 1290 4336 1335 sensus
4380 1276 4457 1334 ut
4493 1269 4633 1335 elici

2689 1366 2925 1439 posset,
2962 1356 3216 1421 mutavi
3258 1364 3550 1421 veterem
3592 1355 3955 1420 lectionem.
3984 1353 4034 1436 ¹)
4622 1427 4627 1431 .

2868 1442 3025 1523 Quis
3058 1459 3181 1506 non
3239 1441 3503 1507 Vediwn
3551 1440 3887 1512 Pollionem
3962 1440 4180 1505 Locus
4208 1463 4249 1505 a
4273 1442 4631 1506 contrariis.

2693 1525 2770 1592 Si
2805 1528 2985 1591 enim
3018 1529 3265 1609 passim
3296 1526 3446 1592 odio
3482 1526 3746 1610 habitus
3769 1533 3872 1590 est
3977 1524 4163 1590 edius
4196 1525 4427 1605 Pollio,
4466 1526 4637 1609 quod

2693 1632 2917 1677 servos
2946 1613 3280 1678 muraenis
3316 1610 3723 1677 devorandos
3757 1613 3828 1676 in
3867 1611 4197 1678 vivarium
4239 1612 4634 1688 conficiebat,

2694 1706 2795 1763 est
2816 1699 3019 1782 igitur
3041 1697 3287 1780 aliquid
3320 1696 3496 1780 quod
3531 1717 3876 1762 commune
3912 1698 4013 1760 ius
4049 1697 4489 1762 animantium
4526 1697 4636 1763 ho-

2691 1784 2858 1846 mini
2903 1805 3033 1847 non
3078 1783 3401 1865 permittit
3449 1784 3523 1847 in
3582 1781 3933 1847 hominem.
4027 1780 4221 1863 Quod
4264 1791 4495 1848 autem
4548 1783 4634 1848 le-

2693 1867 2983 1952 gendum
3020 1869 3106 1933 sit
3139 1869 3389 1934 Vedius
3422 1868 3655 1944 Pollio,
3694 1877 3948 1933 constat
3981 1890 4064 1933 cx
4106 1870 4458 1933 autoritate
4502 1869 4636 1935 Pli-

2695 1955 2816 2030 nii,-
2878 1955 3065 2020 cuius
3115 1954 3320 2020 verba
3375 1963 3531 2019 sunt
3584 1953 3752 2018 libro
3805 1953 3926 2018 IX.
3988 1975 4037 2019 c.
4098 1957 4212 2017 23:
4256 1954 4531 2019 Invenit
4572 1954 4638 2020 in

2691 2038 2815 2106 hoc
2836 2040 3103 2104 animali
3127 2040 3515 2110 documenta
3559 2039 3869 2104 saevitiae
3903 2039 4155 2103 Vedius
4197 2039 4409 2104 Pollio
4443 2061 4641 2123 eques

2690 2146 3002 2189 romanus
3037 2147 3120 2189 ex
3158 2126 3382 2190 amicis
3418 2125 3553 2191 divi
3592 2126 3908 2209 Augusti,
3958 2125 4224 2190 vivariis
4261 2146 4490 2189 earum
4512 2126 4638 2189 im-

2691 2232 2998 2295 mergens
3054 2211 3364 2276 damnata
3421 2211 3777 2292 mancipia,
3840 2233 3964 2275 non
4027 2218 4343 2294 tanquam
4388 2210 4473 2276 ad
4517 2211 4639 2277 hoc

2690 2297 2847 2362 feris
2889 2306 3215 2361 terrarum
3270 2318 3406 2361 non
3449 2296 3947 2374 sufficientibus,
4006 2293 4119 2360 sed
4172 2297 4328 2378 quia
4381 2297 4457 2360 in
4514 2298 4641 2362 alio

2690 2402 2931 2466 genere
2963 2390 3173 2447 totum
3209 2381 3456 2465 pariter
3488 2381 3822 2446 hominem
3856 2381 4131 2446 distrahi
4165 2390 4465 2465 spectare
4506 2404 4641 2448 non

2689 2475 2961 2550 poterat.
3053 2465 3158 2533 Ob
3194 2488 3340 2532 eam
3380 2489 3643 2533 causam
3685 2466 3853 2531 libro
3896 2467 3948 2530 I.
3997 2468 4226 2545 Taciti,
4270 2468 4450 2533 inter
4492 2489 4639 2551 pro-.

2688 2551 2809 2617 bra
2871 2553 3159 2637 Augusti
3233 2554 3314 2618 ab
3391 2551 3926 2619 obtrectatoribus
3999 2562 4383 2618 recensetur
4447 2552 4641 2619 Vedii

2689 2638 3009 2703 Pollionis
3043 2638 3260 2716 luxus,
3297 2636 3470 2720 quod
3506 2639 3645 2703 eius
3670 2639 3921 2703 amicus
3959 2647 4146 2703 esset.
4205 2638 4410 2703 Hunc
4445 2640 4640 2705 etiam

2687 2722 2979 2788 Vedium
3014 2725 3281 2789 Tacitus
3319 2723 3484 2788 libro
3518 2722 3680 2789 XII.
3718 2732 4023 2788 numerat
4055 2725 4230 2788 inter
4262 2725 4641 2808 praevalida

2690 2809 2984 2891 equitum
3025 2829 3449 2874 romanorum
3495 2809 3795 2886 nomina,
3843 2830 4119 2891 quorum
4162 2811 4463 2893 potentia
4506 2814 4640 2876 Au-

2691 2903 2882 2978 gusto
2936 2895 3302 2977 imperante
3364 2894 3668 2977 pollebat.
3758 2894 3970 2959 Miror
4069 2894 4182 2959 uid
4233 2896 4309 2959 in
4349 2905 4643 2962 mentem

2690 2981 2946 3046 venerit
2998 2980 3305 3059 Erasm0,
3380 2989 3459 3045 ut
3513 2981 3582 3045 in
3637 2978 3924 3047 secunda
3987 3003 4023 3046 e
4072 2982 4271 3047 'tione
4325 2982 4641 3049 Atedium

2688 3088 2806 3150 pro
2850 3065 3061 3131 Vedio
3103 3076 3452 3148 reponeret
3499 3066 3680 3131 libro.
3707 3067 3833 3131 III.
3883 3065 3962 3132 de
4000 3067 4144 3146 ha,
4190 3068 4303 3133 ubi
4347 3069 4642 3136 eiusdem

2690 3151 3002 3217 historiae
3056 3150 3312 3217 Seneca
3365 3153 3699 3231 meminit,
3766 3175 3971 3236 quum
4014 3175 4241 3219 veram
4292 3154 4640 3220 lectionem

2692 3239 3042 3304 asseruerit
3096 3237 3358 3304 Coelius
3408 3238 3828 3323 Rhodiginus
3893 3240 3965 3303 in
4017 3239 4408 3305 lectionibus
4473 3241 4642 3305 anti-

2691 3324 2869 3407 quis,
2928 3325 3137 3391 verba
3183 3325 3388 3407 ipsius
3443 3322 3734 3391 Senecae
3794 3324 3949 3390 licet
4003 3346 4354 3408 suppresso
4412 3336 4640 3391 autore

2690 3411 2995 3475 referens.
3109 3408 3401 3475 Senecae
3473 3409 3676 3475 verba
3743 3418 3920 3475 suut:
3994 3409 4219 3491 Quum
4287 3411 4640 3496 Augustus

2690 3505 2994 3562 coenaret
3062 3494 3234 3579 apud
3291 3494 3582 3560 Vedium
3647 3495 4042 3575 Pollionem,
4109 3497 4401 3581 fregerat
4464 3518 4639 3562 unus

2688 3582 3146 3666 crystallinum
3188 3603 3272 3646 ex
3316 3582 3540 3647 servis.
3629 3580 3738 3646 Ad
3788 3590 4068 3646 mortem
4120 3583 4262 3665 rapi
4306 3604 4461 3647 eum
4503 3583 4639 3647 Ve-

2689 3666 2836 3732 dius
2889 3667 3107 3745 iussit,
3164 3687 3285 3733 nec
3340 3666 3601 3750 vulgari
3655 3666 3918 3750 quidem
3973 3667 4341 3750 periturum
4407 3678 4635 3733 morte.

2688 3753 3027 3818 Muraenis
3070 3752 3263 3839 obiici
3295 3752 3873 3836 iubebatur,'quas
3913 3753 4146 3837 ingens
4186 3755 4443 3836 piscina
4486 3775 4638 3819 eon-

2688 3837 2956 3903 tinebat.
3049 3838 3217 3919 Quis
3262 3860 3393 3903 non
3452 3838 3574 3904 hoc
3632 3846 3891 3920 putaret
3944 3837 4241 3903 luxuriae
4287 3850 4489 3906 causa
4542 3842 4640 3905 fa-

2687 3924 2879 3990 cere?
2928 3925 3205 3989 saevitia
3246 3933 3403 3989 erat.
3468 3924 3704 3990 Evasit
3747 3946 3783 3987 c
3814 3923 4119 3990 manibus
4148 3944 4334 4007 puer,
4381 3933 4451 3990 et
4484 3947 4637 3990 eon-

2685 4010 2858 4093 fugit
2898 4009 2981 4073 ad
3017 4009 3321 4075 Caesaris
3362 4009 3577 4092 pedes,
3624 4009 3790 4074 nihil
3836 4008 4007 4073 aliud
4056 4012 4400 4092 petiturus,
4437 4030 4640 4094 quam

2686 4105 2763 4160 ut
2817 4095 3007 4160 aliter
3049 4097 3317 4178 periret,
3374 4116 3495 4160 nec
3550 4115 3699 4160 esca
3740 4097 3944 4160 fieret.
4035 4096 4259 4161 Motus
4304 4106 4405 4161 est
4449 4097 4638 4161 novi-

2651 4188 2821 4255 ,tate
2865 4179 3266 4247 crudelitatis
3311 4182 3570 4257 Caesar,
3618 4189 3685 4246 et
3718 4181 3908 4245 illum
3951 4180 4215 4264 quidem
4259 4181 4523 4260 dimitti,
4571 4190 4639 4245 et

2682 4266 3069 4367 crystallina
3109 4267 3328 4332 omnia
3379 4287 3597 4332 coram
3641 4288 3712 4332 se
3756 4267 3973 4350 frangi
4015 4267 4251 4343 iussit,·
4291 4268 4637 4351 compleri-

2685 4374 2811 4435 que
2855 4373 3191 4436 piscinam.

2865 4439 3039 4520 Quod
3071 4436 3438 4524 muraenas]
3485 4438 3808 4503 Muraena
3843 4459 4008 4520 quae
4046 4439 4320 4503 Graecis
4348 4439 4635 4525 μόραινα,

2684 4532 2762 4588 ut
2805 4532 2995 4588 autor
3053 4530 3155 4590 est
3194 4524 3442 4600 Varro,
3500 4524 3695 4606 piscis
3747 4524 3815 4587 in
3863 4525 4091 4608 primis
4134 4523 4389 4609 deliciis
4431 4545 4637 4609 quon·

2686 4607 2840 4675 dam
2891 4608 3184 4687 habitus,
3241 4617 3309 4672 et
3351 4610 3462 4691 qui
3505 4631 3683 4673 nunc
3726 4629 3983 4693 quoque
4024 4610 4099 4674 in
4137 4630 4384 4710 magno
4430 4611 4638 4695 pretio

2683 4716 2803 4761 suo
2838 4704 3133 4778 tempore
3168 4695 3464 4773 habetur,
3503 4700 3821 4776 quantum
3854 4718 3938 4761 ex
3972 4694 4410 4779 descriptione
4435 4696 4638 4762 Plinii

2684 4791 2750 4846 et
2800 4781 3076 4846 aliorum
3132 4800 3485 4863 agnoscere
3550 4800 3833 4861 possum,
3931 4780 4001 4846 Is
4055 4774 4155 4847 est
4208 4803 4407 4864 quem
4470 4782 4637 4846 lam-

2683 4875 2935 4950 pretam
2980 4866 3180 4949 vulgo
3225 4864 3467 4943 dicunt,
3513 4885 3643 4929 non
3687 4865 3972 4931 multum
4014 4866 4334 4932 absimilis
4379 4867 4638 4951 anguil-

2823 5157 2882 5222 1)
2932 5155 3083 5210 Edd.
3132 5154 3365 5209 Senecae
3403 5155 3633 5225 habent.-
3689 5163 3774 5210 est
3818 5155 4020 5226 aliquid
4074 5157 4219 5224 quod
4263 5158 4318 5211 in
4364 5158 4633 5212 hominem

2679 5224 2846 5280 licere
2882 5239 3158 5280 commune
3193 5226 3276 5279 ius
3309 5225 3654 5279 animantium
3690 5232 3854 5280 vetet.
