4984 5975
560 4184 583 4221 V

624 327 749 390 371

618 513 749 579 sibi
780 514 1098 593 potentias
1142 518 1200 575 et
1241 532 1435 576 novos
1476 512 1742 577 honores
1787 516 1935 591 [pag.
1968 517 2032 591 6]
2080 510 2418 594 quaerunt)
2463 516 2579 575 tes-

624 605 726 662 tor
768 597 978 662 Deum
1031 597 1536 676 omnipotentem,
1593 617 1734 662 eum
1783 597 1997 678 ipsum
2048 598 2161 678 qui
2214 617 2379 663 nunc
2432 597 2579 661 inti-

625 685 751 749 mis
792 683 947 746 meis
995 681 1476 765 coqitationibus
1524 703 1829 764 praesens
1883 684 2082 762 adest,
2135 704 2233 748 me
2285 688 2341 748 et
2398 681 2580 747 indo-

624 770 823 834 luisse
861 768 1155 850 qraviter,
1199 772 1256 832 et
1303 768 1547 849 duplici
1600 769 1879 850 quadam
1919 769 2357 835 misericordia
2400 769 2581 850 affec-

626 859 760 917 tum
800 853 1032 934 fuisse.-
1086 873 1278 934 quum
1334 873 1412 916 ex
1465 874 1597 918 una
1630 857 1817 937 parte
1858 854 2104 921 viderer
2143 853 2303 919 mihi
2356 854 2583 918 audire

621 939 923 1023 qemitum
969 938 1290 1021 plorantis
1344 940 1573 1004 matris
1625 944 1876 1005 nostrae
1929 939 2210 1007 ecclesiae
2253 944 2309 1005 et
2346 939 2581 1005 lamen-

629 1025 851 1100 tantis,
909 1045 1071 1104 quae
1114 1030 1202 1087 tot
1244 1030 1302 1088 et
1343 1029 1475 1090 tam
1516 1025 1761 1091 dilectis
1799 1026 1962 1107 filiis
2004 1046 2131 1091 uno
2174 1030 2448 1108 tempore
2488 1045 2580 1089 es-

628 1115 723 1174 set
763 1108 1009 1173 orbata.-
1053 1130 1131 1173 ex
1166 1109 1384 1188 altera,
1428 1111 1668 1190 vestris,
1714 1131 1749 1173 o
1785 1112 2126 1190 carissimi,
2169 1110 2586 1177 incommodis

629 1199 687 1261 et
703 1195 1017 1276 periculis
1045 1215 1471 1260 commoverer.
1536 1195 1818 1262 Sciebam
1852 1197 2019 1261 enim
2051 1217 2178 1280 eqo,
2219 1196 2373 1262 tales
2405 1196 2583 1260 viros

627 1286 964 1346 novatores
1004 1286 1275 1346 veterum
1319 1287 1374 1345 et
1415 1282 1561 1347 bene
1603 1284 2081 1347 constitutarum
2130 1303 2370 1360 rerum,
2425 1281 2584 1346 tales

612 1365 864 1444 turbas,
910 1366 1071 1432 talia
1113 1366 1415 1446 dissidia,
1472 1387 1598 1431 non
1640 1368 1845 1433 solum
1888 1368 2220 1433 animabus
2260 1367 2584 1432 hominum

618 1452 930 1533 pestifera
977 1451 1171 1532 (quod
1212 1456 1418 1517 tamen
1459 1453 1695 1518 malum
1741 1454 2022 1518 omnium
2061 1454 2413 1519 maximum
2454 1472 2588 1515 ma·

629 1536 836 1601 lorum
879 1541 1015 1618 est),
1060 1538 1169 1602 sed
1208 1538 1395 1602 rebus
1429 1539 1617 1603 etiam
1657 1544 1712 1602 et
1743 1540 2028 1621 privatis
2052 1545 2109 1605 et
2132 1539 2409 1619 publicis
2433 1559 2582 1619 per-

631 1622 877 1686 niciosa
921 1624 1200 1687 existere.
1273 1622 1358 1688 Id
1401 1625 1571 1705 quod
1612 1646 1722 1689 vos
1761 1645 2004 1706 quoque
2041 1627 2184 1707 ipso
2228 1629 2443 1689 eventu
2482 1642 2582 1686 re-

630 1727 781 1772 rum
822 1709 1016 1774 edocti
1057 1729 1411 1792 cognoscere
1442 1708 1760 1791 potuistis.
1831 1711 1998 1793 Quid
2029 1730 2170 1793 erqo
2204 1709 2344 1775 est?
2389 1730 2583 1790 quum

631 1812 812 1857 meus
855 1814 1001 1876 erqa
1034 1815 1146 1858 vos
1179 1815 1372 1872 amor,
1408 1801 1463 1858 et
1497 1816 1633 1860 mea
1668 1796 1735 1858 in
1770 1794 1983 1861 Deum
2012 1798 2224 1878 pietas
2259 1815 2355 1860 me
2388 1799 2582 1877 coyat,

631 1884 704 1942 ut
744 1883 1043 1959 tanquam
1083 1880 1284 1958 frater
1322 1880 1661 1961 fratribus,
1717 1885 1773 1945 et
1824 1882 2069 1947 amicus
2128 1881 2353 1946 amicis
2369 1931 2384 1960 ,
2437 1881 2584 1944 inti-

632 1983 810 2027 mum
852 1984 1091 2028 omnem
1135 1967 1337 2029 animi
1377 1967 1499 2029 mei
1541 1987 1790 2030 sensum
1822 1966 1998 2031 vobis
2033 1966 2220 2032 libere
2252 1985 2582 2046 exponam,

633 2069 746 2114 vos
768 2049 1126 2129 plurimum
1162 2056 1409 2132 roqatos
1442 2053 1594 2129 volo,
1631 2057 1699 2115 ut
1729 2051 2058 2118 bonitatem
2089 2052 2273 2117 illam
2292 2058 2582 2130 vestram,

635 2154 766 2217 qua
806 2154 1048 2215 semper
1090 2137 1184 2200 uti
1228 2138 1651 2214 consuevistis,
1694 2137 1853 2202 mihi
1895 2157 2138 2220 quoque
2181 2139 2252 2201 in
2280 2157 2582 2219 praesen-

634 2222 756 2297 tia,
810 2221 966 2285 meis
1020 2242 1147 2285 non
1200 2224 1441 2304 inqrate
1493 2223 1871 2304 accipiendis
1927 2229 1981 2288 et
2035 2224 2309 2307 leqendis
2364 2223 2581 2302 liteviS,

620 2305 1000 2387 praebeatis.
1073 2305 1265 2388 Spero
1300 2309 1483 2387 enim,
1523 2310 1583 2373 si
1617 2310 1838 2389 aequis
1874 2309 2058 2375 modo
2092 2309 2401 2374 mentibus
2433 2308 2583 2373 lzaec

630 2411 794 2473 quae
833 2391 1034 2456 scribo
1080 2393 1392 2458 attendere
1431 2394 1772 2473 volueritis,
1811 2415 1940 2472 vos,
1984 2396 2044 2459 si
2088 2415 2213 2459 non
2251 2394 2583 2460 consilium

626 2496 850 2554 meum,
885 2481 952 2541 at
986 2478 1269 2542 animum
1301 2484 1457 2544 certe
1492 2485 1727 2545 rectum
1761 2485 1816 2544 et
1850 2481 2214 2563 simplicem,
2256 2486 2312 2546 et
2345 2485 2583 2545 vestrae

626 2561 701 2626 in
730 2563 975 2642 primis
1015 2565 1250 2630 salutis
1292 2566 1664 2644 ωῳὶεηίεηι,
1713 2585 1842 2630 non
1895 2568 2229 2631 minimum
2272 2567 2582 2646 probatu-

627 2668 764 2712 ros.-
817 2668 1013 2729 neque
1066 2670 1162 2714 me
1213 2670 1375 2730 quae
1410 2671 1549 2715 mea
1589 2656 1763 2730 sunt,
1817 2652 1928 2718 sed
1969 2673 2129 2734 quae
2170 2657 2378 2717 vestra
2422 2670 2583 2716 com-

626 2733 819 2797 moda
861 2739 1046 2813 atque
1097 2734 1280 2812 bona,
1337 2756 1630 2816 quaerere
1684 2736 2119 2803 intellecturos.
2213 2737 2430 2818 Neque
2472 2756 2579 2820 eqo

629 2822 837 2881 tamen
867 2819 1166 2897 spinosas
1204 2825 1261 2883 et
1289 2820 1545 2885 subtiles
1574 2822 1796 2886 ordiar
1825 2822 2292 2903 disputationes,
2339 2828 2484 2901 [pag.
2511 2825 2577 2901 7]

629 2921 825 2984 quam
876 2902 1347 2984 philosophiam
1402 2906 1614 2970 beatus
1676 2905 1927 2970 Paulus
1991 2913 2191 2988 vocat,
2258 2913 2316 2972 et
2365 2906 2584 2989 fideles

634 2985 873 3052 Christi
913 3009 1152 3070 semper
1193 2995 1413 3069 monet,
1451 3012 1530 3055 ne
1563 3011 1630 3056 se
1652 3012 1778 3071 per
1809 3012 1947 3056 eam
1977 2995 2318 3073 patiantur
2358 2992 2581 3073 decipi,

618 3093 745 3154 per
786 3093 979 3153 quam
1020 3075 1130 3137 isti
1168 3075 1421 3155 quidem
1460 3097 1573 3141 vos
1614 3078 2192 3159 circumduxerunt,
2249 3099 2444 3161 quum
2485 3079 2582 3142 in-

629 3163 721 3221 ter
753 3158 1079 3237 imperitos
1130 3159 1452 3225 obscuram
1492 3163 1815 3243 quandam
1868 3164 2172 3229 iactarent
2223 3164 2583 3245 scripturae

627 3244 1196 3326 interpretationem
1212 3296 1228 3324 ,
1277 3245 1687 3330 fraudemque
1742 3253 1801 3314 et
1852 3250 2196 3332 malitiam,
2238 3249 2579 3332 praeclaro

626 3329 741 3394 illo
774 3330 1043 3412 quidem,
1078 3331 1188 3396 sed
1215 3328 1383 3413 falso
1415 3339 1600 3416 atque
1632 3334 1839 3401 alieno
1874 3336 2195 3402 doctrinae
2234 3341 2293 3402 et
2324 3337 2578 3418 sapien-

627 3415 755 3480 tiae
788 3416 1034 3480 nomine
1068 3415 1467 3484 honestarent.
1528 3418 1669 3504 qu
1703 3441 1777 3486 ea
1798 3441 2175 3505 proponam,
2210 3442 2371 3505 quae
2403 3421 2580 3488 clara

626 3501 760 3567 sint
801 3506 985 3585 atque
1025 3502 1340 3582 illustria,
1397 3525 1560 3586 quae
1611 3507 1855 3573 nullam
1907 3510 1979 3573 in
2032 3529 2098 3575 se
2147 3508 2386 3574 erroris
2428 3508 2578 3572 late-

627 3587 823 3666 bram,
867 3588 1114 3653 nullum
1164 3589 1424 3671 fraudis
1479 3596 1534 3656 et
1583 3590 1880 3673 fallaciae
1932 3593 2195 3661 habeant
2247 3594 2578 3660 diverticu-

629 3673 795 3755 lum;
849 3675 1205 3740 cuiusmodi
1259 3680 1465 3740 tamen
1504 3697 1749 3758 semper
1790 3686 1883 3745 est
1924 3682 2171 3746 veritas.
2261 3678 2370 3744 Ea
2411 3680 2580 3743 enim

627 3763 685 3825 et
725 3761 798 3823 in
838 3759 1102 3826 tenebris
1142 3760 1327 3840 lucet,
1371 3765 1429 3825 et
1466 3765 1702 3828 nemini
1742 3785 1871 3830 non
1900 3768 2246 3849 perspicua
2286 3770 2393 3845 est,
2437 3770 2496 3829 et
2536 3784 2581 3829 a

627 3845 821 3911 doctis
862 3848 1048 3910 iuxta
1091 3851 1277 3928 atque
1319 3846 1587 3914 indoctis
1624 3849 1928 3930 facillime
1959 3853 2346 3934 percipitur:
2392 3870 2581 3933 prae-

629 3930 925 4012 cipueque
966 3932 1038 3997 in
1082 3932 1422 3997 christiano
1463 3955 1681 4017 qenere
1722 3936 2069 4017 doctrinae,
2126 3957 2254 4001 non
2295 3936 2581 4020 sylloqis-

627 4016 771 4093 mis,
814 4037 919 4081 nec
959 4017 1283 4083 verborum
1321 4020 1730 4101 captionibus,
1773 4023 1887 4088 sed
1927 4023 2293 4101 humilitate,
2335 4022 2444 4087 sed
2480 4041 2577 4086 re-

626 4101 874 4184 liqione,
926 4103 1035 4167 sed
1080 4124 1229 4187 erqa
1270 4103 1483 4170 Deum
1523 4107 1859 4172 obedientia
1901 4115 1994 4174 est
2033 4109 2324 4175 subnixa.
2406 4107 2579 4172 Vivi-

629 4186 753 4251 dus
789 4193 877 4251 est
911 4188 1077 4251 enim
1107 4209 1307 4254 sermo
1338 4189 1470 4255 Dei
1499 4197 1558 4257 et
1587 4192 1829 4275 efficax,
1875 4200 1931 4260 et
1961 4194 2379 4277 concidentior
2408 4192 2578 4259 omni

632 4278 816 4338 acuto
862 4273 1156 4354 utrinque
1194 4275 1427 4357 yladio,
1457 4284 1858 4360 penetratque
1883 4280 1970 4344 ad
2010 4281 2338 4346 iuncturas
2378 4279 2574 4361 spiri·

627 4364 732 4422 tus
774 4363 958 4439 atque
999 4360 1277 4440 animae,
1331 4367 1390 4426 et
1443 4364 1530 4430 ad
1584 4363 1813 4428 intima
1864 4366 2299 4448 compaqinum
2341 4385 2415 4429 ac
2456 4384 2572 4429 me-

627 4442 979 4540 dullarum,
1029 4466 1224 4526 neque
1263 4449 1512 4515 animos
1550 4450 1854 4530 illaqueat
1893 4452 2213 4531 impeditis
2247 4470 2576 4534 aryumen-

626 4530 986 4608 tattonibus,
1026 4532 1134 4595 sed
1167 4532 1401 4597 coelesti
1428 4536 1697 4616 quodam
1748 4536 2188 4602 interveniente
2231 4536 2441 4601 cordis
2475 4535 2573 4616 af-

625 4615 808 4698 fectu,
839 4616 1115 4695 planum
1156 4637 1289 4682 sese
1331 4625 1390 4683 et
1417 4626 1735 4702 patentem
1765 4623 2075 4686 mentibus
2105 4622 2338 4686 nostris
2367 4623 2573 4704 offert:

628 4706 702 4764 ut
732 4722 857 4765 non
893 4708 1021 4767 tam
1051 4701 1333 4768 humana
1366 4705 1540 4770 intus
1574 4708 1659 4771 ad
1678 4706 2144 4791 intelliqendum
2162 4709 2347 4786 ratio,
2381 4726 2574 4789 quam

628 4787 793 4869 ipse,
851 4788 936 4852 ad
992 4808 1058 4852 se
1109 4790 1221 4868 qui
1266 4810 1388 4853 nos
1437 4798 1638 4870 vocat,
1693 4799 1979 4873 operetur
2023 4794 2091 4857 in
2155 4792 2335 4857 nobis
2372 4792 2569 4857 Deus.

635 4872 832 4954 Quem
886 4893 993 4958 eqo
1051 4871 1258 4937 Deum
1313 4881 1555 4957 patrem
1611 4879 1816 4942 omnis
1872 4885 2072 4945 rectae
2135 4878 2574 4962 intelli9entiae

627 4958 894 5041 supplex
940 4979 1186 5039 precor,
1241 4965 1312 5024 ut
1355 4966 1413 5024 et
1462 4962 1620 5026 mihi
1676 4964 1761 5029 ad
1802 4964 2133 5030 dicendum
2175 4969 2231 5029 et
2270 4965 2441 5030 vobis
2486 4964 2574 5028 ad

618 5045 1126 5126 percipiendum,
1182 5065 1256 5110 ea
1310 5046 1677 5113 adiumenta
1730 5070 1885 5115 suae
1939 5050 2337 5134 beni9nitatis
2381 5069 2572 5130 prae-

626 5130 782 5209 beat,
812 5152 935 5212 per
970 5152 1130 5212 quae
1159 5133 1492 5212 possimus
1534 5132 1759 5198 iterum
1799 5136 1869 5199 in
1912 5157 2037 5200 uno
2081 5135 2260 5202 corde
2292 5156 2442 5217 erqa
2474 5135 2574 5216 ip-

622 5235 770 5280 sum
813 5223 870 5281 et
915 5218 993 5313 ἐπ’
1022 5239 1153 5283 una
1195 5222 1393 5283 mente
1435 5221 1793 5283 consentire.
1882 5221 2118 5303 Atque,
2161 5226 2232 5285 ut
2270 5220 2416 5286 inde
2448 5220 2573 5285 ini-

2271 321 2449 390 IAO.
2497 320 2972 389 SADOLETI

4499 322 4625 384 372

2683 511 2842 574 tium
2874 512 3223 594 capiamus,
3260 515 3411 590 [pag.
3438 515 3505 589 8]
3540 510 3704 575 unde
3737 509 4014 574 maxime
4046 513 4466 590 opportunum
4499 529 4630 575 esse

2682 596 3002 663 ducimus.-
3045 617 3152 680 eqo
3169 646 3185 676 ,
3236 598 3471 678 fratres
3511 595 3863 673 carissimi,
3916 595 4008 659 sic
4051 594 4340 659 existimo
4354 645 4368 673 ,
4423 615 4521 659 me
4573 600 4632 682 et

2683 702 2811 759 vos,
2857 687 2916 746 et
2955 682 3231 762 reliquos
3265 686 3598 762 praeterea
3642 700 3850 745 omnes
3891 680 4003 762 qui
4046 681 4115 744 in
4165 677 4413 745 Christo
4455 699 4633 761 spem

2683 774 2740 833 et
2777 768 2966 849 fidem
3007 787 3194 832 suam
3225 772 3595 848 posuerunt,
3637 767 3709 830 id
3749 786 3824 830 ea
3867 786 4000 830 una
4039 765 4116 831 de
4157 783 4351 830 causa
4393 766 4487 831 ita
4525 766 4632 847 fa-

2683 873 2817 919 cere
2849 858 2904 919 et
2930 852 3170 935 fecisse,
3207 871 3326 934 quo
3357 854 3406 935 ¹)
3441 852 3707 917 salutem
3725 852 3848 917 sibi
3883 856 4067 933 atque
4103 851 4437 917 animabus
4468 853 4633 932 suis,

2683 959 2808 1004 non
2848 938 3008 1005 hanc
3049 939 3373 1003 mortalem
3406 943 3461 1002 et
3493 939 3609 1003 cito
3642 937 4059 1016 interituram,
4101 937 4213 1002 sed
4253 936 4437 1002 illam
4476 957 4635 1003 sem-

2673 1025 2997 1105 piternam
3034 1029 3089 1090 et
3120 1024 3537 1089 immortalem
3577 1027 3967 1104 quaererent,
4023 1042 4183 1104 quae
4225 1022 4297 1087 in
4339 1023 4495 1088 coelo
4536 1044 4637 1089 so-

2685 1110 2818 1175 lum
2859 1131 2997 1175 vere
3037 1109 3325 1188 obtineri,
3383 1111 3453 1173 in
3509 1110 3696 1174 terris
3738 1113 3944 1174 autem
3985 1107 4158 1173 nullo
4198 1109 4375 1174 modo
4406 1113 4635 1189 potest.

2687 1195 2808 1261 Est
2848 1196 3100 1278 quidem
3140 1195 3237 1259 ita
3278 1195 3691 1276 dispartitum
3731 1193 3840 1259 lzoc
3876 1194 4157 1276 officium
4195 1199 4507 1274 nostrum,
4565 1200 4640 1260 ut

2686 1283 2845 1346 iacto
2874 1282 3165 1364 primum
3202 1279 3351 1361 fidei
3385 1280 3816 1363 fundamento,
3860 1279 3959 1345 hic
3999 1279 4221 1345 deinde
4260 1278 4639 1361 laboremus,

2685 1388 2806 1450 quo
2848 1368 2980 1432 illic
3020 1367 3451 1448 quiescamus.-
3504 1367 3575 1429 in
3616 1373 3788 1430 terra
3828 1385 4033 1431 semen
4073 1366 4436 1445 iaciamus„
4466 1367 4640 1448 quod

2690 1455 2755 1516 in
2799 1453 2954 1518 coelo
3002 1457 3223 1533 postea
3264 1452 3591 1533 possimus
3642 1451 3963 1516 demetere:
4024 1456 4079 1515 et
4131 1452 4357 1532 quibus
4406 1450 4510 1516 hic
4567 1452 4641 1516 in

2682 1539 2987 1620 operibus,
3009 1537 3306 1618 quibusve
3330 1538 3400 1602 in
3432 1537 3665 1602 studiis
3697 1541 3932 1601 nosmet
3953 1537 4124 1619 ipsos
4150 1538 4639 1617 exercuerimus,

2684 1624 2923 1690 similes
2963 1624 3182 1689 deinde
3224 1628 3411 1705 atque
3450 1623 3672 1706 diqnos
3704 1643 3960 1702 operum
3993 1627 4050 1686 et
4088 1621 4369 1688 laborum
4401 1629 4642 1689 nostro-

2683 1730 2830 1773 rum
2860 1708 3108 1791 fructus
3142 1711 3211 1773 in
3245 1708 3447 1773 altera
3480 1709 3614 1773 vita
3646 1709 4097 1789 adipiscamur.
4168 1708 4495 1790 Quumque
4529 1711 4643 1775 via

2691 1793 2927 1860 Glcristi
2968 1794 3196 1873 ardua,
3242 1798 3299 1858 et
3336 1794 3502 1858 ratio
3544 1795 3853 1877 deqendae
3895 1794 4070 1858 nobis
4112 1794 4452 1858 secundum
4493 1795 4642 1860 eius

2684 1881 2846 1964 leqes
2879 1886 2934 1946 et
2952 1885 3294 1962 praecepta
3327 1881 3493 1944 vitae
3521 1879 3931 1961 perdifficilis
3964 1879 4064 1957 sit,
4097 1884 4436 1961 propterea
4470 1881 4645 1962 quod

2686 1967 2931 2032 animos
2970 1971 3211 2030 nostros
3252 1965 3331 2030 ab
3373 1967 3544 2029 omni
3584 1970 3972 2030 terrenarum
4005 1965 4467 2029 iucunditatum
4500 1985 4644 2031 con-

2684 2054 2929 2136 taqione
2982 2070 3265 2129 avocare,
3329 2055 3385 2115 et
3434 2051 3504 2115 in
3556 2071 3624 2116 eo
3677 2050 3815 2133 ipso
3868 2070 3993 2114 uno
4041 2051 4257 2133 fiqere,
4322 2050 4644 2132 despicere

2675 2138 3042 2219 praesentia
3083 2136 3240 2201 bona
3283 2157 3442 2217 quae
3482 2137 3551 2200 in
3592 2135 3885 2202 manibus
3936 2135 4260 2214 habemus,
4317 2141 4374 2200 et
4407 2137 4644 2217 futura

2685 2245 2848 2306 quae
2888 2242 3016 2288 non
3057 2223 3368 2287 cernimus
3408 2227 3696 2303 appetere
3736 2221 4055 2287 iubemur:
4098 2222 4257 2286 tanti
4300 2226 4389 2287 est
4429 2226 4645 2287 tamen

2684 2310 3022 2390 unicuique
3062 2312 3345 2372 nostrum
3385 2327 3509 2372 sua
3550 2312 3608 2372 et
3648 2327 3805 2371 suae
3846 2308 4098 2371 animae
4129 2305 4324 2387 salus,
4367 2313 4438 2371 ut
4471 2307 4646 2373 nihil

2683 2414 2976 2461 recusare
3015 2413 3326 2474 asperum,
3368 2393 3536 2458 nihil
3577 2392 3960 2478 laboriosum
3992 2412 4120 2456 non
4141 2394 4304 2473 pati,
4348 2394 4647 2458 animum

2684 2482 3090 2558 inducamus,
3134 2499 3257 2560 quo
3303 2480 3549 2545 tandem
3590 2478 3934 2560 aliquando
3980 2479 4333 2543 una-nobis
4373 2497 4492 2558 spe
4535 2499 4645 2544 sa-

2684 2566 2839 2632 lutis
2878 2571 3130 2630 nostrae
3162 2565 3512 2645 proposita,
3544 2584 3669 2646 per
3700 2584 4055 2643 aerumnas,
4083 2584 4210 2644 per
4251 2563 4488 2628 multas
4520 2566 4644 2631 sol-

2684 2652 3065 2729 licitudines,
3082 2651 3141 2732 ²)
3184 2655 3527 2731 praeeunte
3563 2669 3806 2730 semper
3844 2648 4190 2715 actionibus
4230 2651 4465 2714 nostris
4508 2649 4647 2717 Dei

2684 2737 3002 2802 clement-ia
3022 2739 3080 2801 et
3099 2735 3549 2813 misericordia,
3579 2735 3862 2799 stabilem
3892 2735 4158 2800 salutem
4187 2735 4374 2801 illam
4407 2739 4465 2798 et
4483 2755 4647 2819 per-

2674 2828 2933 2903 petuam
2975 2840 3445 2901 consequamur.
3534 2821 3678 2886 Hac
3720 2841 3828 2902 spe
3881 2825 4025 2900 [pag.
4065 2825 4131 2900 9]
4190 2819 4487 2886 Christus
4531 2843 4650 2887 ωη-

2684 2909 3016 2972 nunciator
3057 2906 3190 2969 veri
3233 2906 3374 2970 boni
3388 2956 3402 2985 ,
3448 2907 3765 2988 quondam
3803 2907 3881 2971 ab
3924 2906 4065 2972 orbe
4108 2912 4429 2972 terrarum
4471 2913 4647 2973 tanto

2683 3013 2985 3061 consensu
3026 2997 3082 3057 et
3122 2992 3330 3058 studio
3376 2995 3651 3058 omnium
3694 2999 3976 3076 acceptus
4015 2993 4176 3076 fuit.-
4223 2992 4340 3058 bac
4392 2996 4648 3059 ratione

2684 3100 2729 3145 a
2779 3080 2959 3145 nobis
3011 3077 3321 3143 adoratur
3363 3084 3420 3143 et
3474 3078 3701 3144 colitur
3739 3099 3996 3161 vereque
4049 3078 4413 3163 aqnoscitur
4457 3078 4649 3145 Deus

2683 3185 2828 3245 esse,
2872 3170 2929 3230 et
2967 3163 3096 3229 Dei
3135 3164 3270 3229 veri
3303 3163 3514 3246 filius.-
3553 3165 3722 3247 quod
3763 3185 3933 3230 unus
3973 3165 4112 3245 ipse
4151 3164 4232 3229 ab
4274 3164 4462 3229 initio
4511 3186 4647 3230 om-

2683 3253 2863 3317 nium
2904 3249 3300 3316 saeculorum
3352 3250 3603 3315 animos
3654 3250 3980 3315 hominum
4020 3249 4160 3316 Deo
4216 3250 4647 3332 omnipotenti,

2680 3338 2920 3489 2³2²..ssssss
2956 3332 3299 3504 &aaz
3316 3335 4366 3505 delmatiam.
4381 3337 4648 3504 amcam

2682 3510 2780 3574 ris
2821 3510 3107 3585 viventes,
3147 3526 3294 3572 mox
3325 3526 3603 3588 prorsus
3644 3512 3702 3572 et
3743 3528 3820 3571 ex
3859 3506 4033 3572 om'ni
4065 3508 4175 3572 sui
4194 3512 4385 3589 parte
4418 3507 4511 3571 ad
4547 3510 4648 3573 in-

2683 3595 2932 3659 teritum
2974 3592 3436 3671 condemnatos,
3480 3613 3522 3657 a
3564 3594 3858 3671 mortuis,
3912 3593 4026 3659 hoc
4064 3597 4180 3672 est,
4224 3592 4300 3657 ab
4342 3592 4460 3658 hoc
4503 3614 4647 3659 man

2681 3681 2848 3746 xime
2857 3679 3218 3761 pernicioso
3248 3679 3475 3743 mortis
3500 3699 3717 3762 qenere
3749 3680 4072 3744 excitavit:
4091 3679 4472 3760 primusque
4505 3680 4649 3762 ipse

2680 3771 2868 3831 semet
2899 3765 3163 3831 salutem
3197 3770 3254 3828 et
3288 3764 3712 3829 liberationem
3746 3768 3799 3828 et
3831 3764 4183 3830 doctrinam
4201 3769 4486 3829 nostram
4511 3784 4650 3830 csse

2680 3852 2920 3930 volens,
2977 3853 3171 3914 morte
3210 3850 3428 3915 carnis
3468 3854 3745 3930 accepta,
3799 3855 3855 3914 et
3883 3850 4090 3932 paulo
4129 3854 4284 3930 post
4333 3850 4468 3914 vita
4513 3870 4647 3916 non

2680 3939 2815 4002 iam
2856 3935 3137 4017 amplius
3168 3934 3423 4001 mortali
3464 3940 3847 4015 recuperata,
3892 3956 4006 4000 suo
4050 3934 4326 4016 exemplo
4370 3955 4497 4000 nos
4544 3937 4647 4001 in-

2679 4023 2916 4088 struxit
2956 4026 3012 4086 et
3055 4021 3294 4086 docuit.-
3348 4026 3420 4085 ut
3462 4021 3785 4086 contraria
3826 4021 4001 4105 lonqe
4042 4041 4117 4086 ac
4147 4021 4345 4102 prius
4387 4040 4647 4087 consue-

2678 4127 2971 4173 veramus
3023 4107 3159 4186 via,
3204 4108 3436 4172 mundo
3492 4106 3638 4171 huic
3695 4111 3752 4171 et
3804 4109 4013 4186 carni,
4067 4105 4177 4172 hoc
4220 4110 4335 4185 est,
4380 4114 4646 4187 peccato

2678 4195 2937 4272 mortui,
2981 4192 3119 4257 Deo
3163 4192 3381 4257 deinde
3422 4193 3769 4258 viveremus
3782 4243 3797 4271 ,
3852 4212 4110 4274 spesque
4151 4192 4223 4256 in
4266 4210 4335 4255 eo
4377 4199 4648 4259 nostras

2679 4280 2824 4345 bene
2877 4298 2952 4344 ac
3003 4278 3170 4343 beate
3210 4284 3512 4361 perpetuo
3567 4278 3815 4344 vivendi
3857 4297 4263 4359 poneremus.-
4328 4298 4494 4360 quae
4554 4283 4650 4344 est

2667 4366 2959 4447 propria,
3003 4369 3059 4428 et
3103 4384 3241 4429 vere
3282 4364 3478 4448 diyna
3516 4362 3646 4428 Dei
3687 4365 4121 4444 omnipotentis
4155 4363 4369 4448 qloria
4410 4368 4468 4427 et
4501 4384 4644 4429 ma·

2677 4452 2908 4530 iestate,
2963 4454 3324 4516 nostrorum
3366 4450 3648 4514 omnium
3693 4471 3735 4514 a
3775 4450 4038 4515 mortuis
4088 4449 4448 4514 suscitatio.-
4503 4471 4644 4531 qua

2675 4557 2800 4602 non
2842 4556 3014 4601 unus
3058 4541 3173 4600 aut
3210 4536 3369 4601 alter
3409 4535 3587 4599 homo
3608 4586 3622 4613 ,
3675 4535 3783 4600 sed
3836 4540 4119 4601 cunctum
4171 4534 4494 4598 hominum
4532 4556 4645 4618 ye-

2676 4642 2800 4686 nus
2842 4643 2884 4686 a
2928 4627 3087 4686 tetra
3131 4627 3186 4686 et
3224 4622 3478 4702 funesta
3519 4622 3769 4685 animae
3800 4626 4008 4699 morte,
4051 4621 4137 4686 ad
4169 4639 4384 4685 veram
4417 4624 4472 4683 et
4506 4640 4646 4685 coe-

2676 4705 2882 4772 lestem
2917 4708 3195 4773 eiusdem
3228 4707 3480 4771 animae
3513 4708 3708 4770 vitam
3742 4711 4094 4771 revocatum
4127 4711 4230 4770 est.
4296 4705 4482 4770 Hanc
4517 4705 4646 4770 hu-

2676 4793 2956 4858 iusmodi
3002 4814 3043 4858 a
3086 4793 3354 4858 mortuis
3395 4791 3858 4856 suscitationem
3895 4791 4020 4856 sibi
4048 4810 4407 4874 proponens
4453 4790 4646 4857 Pau·

2674 4879 2794 4957 lus,
2829 4878 3307 4960 maximumque
3339 4877 3411 4941 in
3437 4896 3574 4941 eam
3594 4877 3842 4944 intuens
3871 4878 4228 4944 divinitatis
4251 4874 4491 4944 Christi
4527 4898 4644 4945 ar-

2815 5166 2873 5232 1)
2988 5166 3088 5235 od,
3136 5164 3272 5220 1576
3307 5181 3448 5236 seqq.

2677 5183 3064 5291 gonieimffizes
3119 5233 3257 5288 1540
3290 5250 3414 5305 seqq
3619 5165 3679 5229 2)
3716 5183 3816 5238 per
3849 5182 4132 5223 aerumnas
4177 5166 4378 5222 multas
4427 5173 4484 5222 et
4535 5182 4643 5237 per

3068 5277 3083 5304 9
3417 5276 3429 5289 .

3637 5234 3699 5303 3)
3734 5244 3993 5305 mortuos,
4031 5233 4167 5290 1540
4199 5251 4340 5305 seqq.
