4984 5975
635 244 755 306 123

630 451 758 495 nus
803 449 1009 494 serve.
1067 427 1460 510 -Praeeipue
1508 449 1660 493 vere
1706 428 1828 493 hec
1916 428 1954 491 cl
2003 450 2225 511 regem
2270 435 2581 510 spectare,

632 514 806 599 qued
854 521 1092 578 natura
1144 512 1238 577 illi
1296 513 1628 595 exemplar
1684 514 1753 580 in
1799 513 2030 595 apibus
2073 512 2441 596 proposuit,
2500 511 2584 576 ad

630 600 798 684 qued
845 621 915 664 se
959 613 1319 682 componat.

808 685 882 750 Si
924 686 1011 751 ad
1065 691 1329 750 naturae
1381 685 1570 767 leyem
1613 683 2027 771 componitur]
2087 686 2196 752 Ex
2239 683 2584 766 disciplina

630 769 1033 849 Stoicorum,
1093 772 1204 853 qui
1260 779 1563 835 naturam
1623 784 1935 853 tanquam
1979 771 2292 853 optimam
2350 767 2583 835 ducem

629 858 814 941 sequi
857 856 1101 921 iubent.

801 943 911 1007 Ea:
946 943 1100 1007 aliis
1137 939 1546 1027 animalibus]
1593 941 1688 1008 Ut
1728 941 1803 1006 in
1845 942 2135 1027 gruibus,
2180 961 2345 1023 quae
2381 960 2582 1004 unam

630 1050 887 1113 semper
925 1033 1289 1110 sequuntur
1329 1024 1556 1091 ordine
1599 1027 1906 1093 liter-arie.

806 1115 1085 1196 Quarum
1128 1113 1261 1196 reyi
1304 1113 1764 1193 amplissimum
1807 1111 2029 1199 cubile]
2077 1114 2329 1177 Mirum
2373 1110 2583 1176 videri

626 1201 852 1284 pessit,
898 1222 1016 1266 cur
1060 1198 1314 1265 Seneca
1356 1199 1674 1281 poetieam
1720 1198 1892 1266 hanc
1937 1198 2440 1281 descriptionem
2492 1196 2584 1259 ita

627 1307 746 1369 per
798 1296 1015 1368 partes
1073 1292 1501 1367 exsequatur,
1557 1307 1758 1367 quum
1817 1284 1982 1349 nihil
2039 1305 2246 1368 paene
2302 1282 2386 1347 ad
2441 1304 2584 1348 rem

626 1373 840 1437 faciat.
927 1371 1182 1435 'Verum
1223 1370 1291 1434 id
1337 1369 1490 1433 data
1534 1392 1730 1453 epera
1772 1371 1943 1448 fecit,
1994 1383 2069 1435 ut
2110 1368 2440 1452 quandam
2479 1389 2584 1432 re-

629 1459 730 1541 gis
787 1457 1198 1521 maiestatem
1248 1464 1797 1540 repraesentaret,
1855 1476 1940 1521 66
1987 1453 2321 1521 videretur
2359 1454 2584 1536 inepta

627 1542 1046 1624 comparatio.
1135 1539 1328 1621 Quod
1374 1540 1532 1607 dicit
1576 1563 1717 1607 6666
1760 1541 1972 1607 cubile
2015 1539 2228 1607 medie
2264 1561 2339 1606 ac
2383 1540 2580 1605 tutis·

628 1628 792 1693 sime
846 1628 1017 1704 1666,
1075 1626 1144 1691 id
1205 1628 1530 1710 significat
1568 1628 1907 1711 Vergilius
1961 1648 2037 1693 ee
2081 1626 2373 1693 carmine
2415 1625 2583 1691 libre

629 1722 862 1797 quarte
908 1712 1308 1796 Georgicon:
1525 1733 1546 1743 ‘

770 1816 1063 1869 Praeterea
1098 1831 1279 1883 regem
1313 1831 1419 1869 nen
1456 1816 1535 1870 sic
1570 1818 1866 1884 Aegyptus,
1903 1823 1958 1868 et
1993 1815 2178 1884 ingens

766 1884 1094 2008 gsscslgkgitec
1128 1883 1319 1952 pepuli
1355 1884 1692 1951 Parthorum,
1731 1894 1825 1937 aut
1861 1883 2052 1937 Medus
2089 1883 2375 1953 Hydaspes

631 2039 723 2104 Et
765 2038 1025 2103 Plinius
1061 2035 1229 2102 libre
1263 2038 1387 2102 XI.
1434 2060 1571 2121 cap.
1617 2043 1690 2101 17
1708 2060 1722 2102 :
1759 2038 1934 2102 Mira
1967 2036 2181 2120 plebei
2216 2038 2387 2102 circa
2431 2057 2584 2101 eum

633 2123 1022 2190 obedientia.
1116 2121 1339 2203 Quum
1382 2122 1690 2206 procedit,
1717 2144 1869 2194 ,una
1911 2135 2014 2189 est
2059 2143 2367 2187 examen:
2414 2122 2586 2187 eirca

635 2230 788 2275 eum
833 2210 1278 2294 conglobatur,
1316 2209 1541 2293 cingit,
1585 2209 1886 2293 protegit,
1933 2209 2112 2275 cerni
2148 2230 2278 2273 nen
2313 2207 2582 2290 patitur.

633 2293 856 2376 Quum
919 2316 1317 2378 processere,
1385 2317 1454 2360 66
1508 2315 1804 2378 quaeque
1865 2296 2230 2378 proximam
2285 2293 2382 2359 illi
2442 2315 2584 2360 esse

631 2383 828 2464 eupit,
875 2389 944 2445 et
984 2382 1056 2445 in
1099 2380 1309 2447 officie
1352 2381 1638 2463 conspici
1682 2379 1944 2465 gaudet.

810 2466 1007 2533 Onera
1047 2472 1225 2533 vacat
1264 2465 1539 2553 exactor]
1588 2466 1957 2551 Vergilius:

802 2569 903 2623 Ille
943 2586 1167 2638 eperum
1201 2576 1405 2636 custos,
1441 2568 1594 2626 illum
1633 2568 1980 2636 admirantur,
2017 2576 2074 2621 et
2110 2583 2295 2622 omnes

806 2638 1166 2693 Circumstant
1199 2638 1416 2691 fremitu
1453 2637 1640 2702 dense,
1678 2638 1986 2705 stipantque
2022 2636 2104 2690 fre
2143 2645 2359 2691 nentes:

805 2706 879 2759 Et
914 2722 1077 2774 saepe
1115 2706 1372 2759 attollunt
1405 2706 1661 2772 humeris,
1698 2715 1755 2759 61
1791 2719 2026 2772 corpora
2061 2705 2127 2758 be
2153 2706 2207 2759 16

804 2774 1107 2840 obiectant,
1145 2773 1530 2842 pulchramque
1565 2781 1760 2841 petunt
1795 2789 1896 2840 per
1930 2772 2154 2826 vulnera
2189 2781 2431 2826 mertem.

635 2859 853 2925 Varro
889 2858 998 2923 lib.
1039 2857 1164 2922 111.
1205 2858 1285 2921 de
1320 2859 1424 2923 Re
1458 2858 1729 2923 rustica:
1779 2859 2035 2941 Regem
2075 2880 2267 2922 suum
2302 2878 2589 2939 sequun-

634 2952 745 3012 tur
786 2965 1169 3029 quecunque
1211 2943 1282 3020 it,
1328 2955 1394 3008 et
1437 2944 1687 3009 fessum
1726 2943 2107 3020 sublevant,
2153 2951 2220 3008 et
2261 2943 2317 3009 si
2361 2943 2590 3026 nequit

642 3031 884 3107 velare,
930 3028 1295 3105 subvolant,
1341 3040 1459 3095 616.

805 3114 895 3180 Et
938 3116 1173 3179 amisso
1211 3135 1349 3198 reqe
1389 3120 1580 3179 totum
1625 3111 1958 3201 dilabitur]
2004 3113 2371 3198 Vergilius:

1112 3216 1259 3285 Rege
1295 3216 1547 3272 incolumi
1581 3233 1731 3270 meus
1768 3219 2010 3272 omnibus
2046 3233 2155 3271 una
2190 3224 2298 3272 est:

873 3287 1092 3341 Amisso
1131 3302 1327 3355 rupere
1364 3284 1540 3339 fldem.
2506 3355 2510 3358 Α

633 3373 918 3442 Plinius:
975 3372 1163 3438 Duce
1207 3373 1532 3455 prehenso
1574 3378 1788 3436 tetum
1845 3380 2106 3438 tenetur
2149 3392 2417 3456 agmen,
2463 3372 2587 3435 mi-

632 3469 953 3547 grantque
995 3456 1080 3522 ad
1122 3456 1298 3523 alios.
1386 3458 1553 3523 Esse
1598 3461 1746 3536 [pag.
1789 3464 1937 3537 116]
1982 3460 2204 3542 utique
2246 3458 2389 3523 sine
2430 3478 2589 3542 rege

635 3568 770 3613 nen
813 3553 1104 3630 pessunt.

808 3631 938 3696 Nec
978 3650 1257 3712 unquam
1289 3630 1443 3711 plus
1475 3650 1599 3693 uno
1673 3629 1758 3694 In
1802 3628 2033 3711 apibus
2067 3629 2369 3712 princeps
2412 3651 2588 3695 unus

635 3727 754 3797 est,
799 3716 1012 3798 inquit
1054 3715 1508 3800 Hieronymus
1552 3736 1590 3779 a
1676 3715 2043 3780 Rusticum.
2109 3714 2303 3796 Quod
2346 3715 2402 3780 si
2437 3736 2589 3798 pre-

634 3805 781 3886 pius
833 3802 1378 3885 contemplemur,
1438 3800 1560 3866 hec
1605 3800 1846 3866 animal
1894 3799 2279 3868 documento
2323 3809 2442 3879 est,
2486 3802 2588 3866 in-

635 3887 836 3954 fidam
879 3909 1021 3953 esse
1077 3888 1263 3972 regni
1318 3887 1726 3963 societatem,
1786 3908 1908 3953 nec
1952 3908 2231 3971 regnum
2274 3886 2436 3953 dues
2480 3910 2587 3954 ca-

633 3994 816 4058 pere:
876 3972 1196 4055 siquidem
1251 3972 1378 4039 due
1446 3994 1636 4057 reges
1688 3974 1785 4037 ita
1841 3972 2233 4038 factionibus
2289 3973 2590 4038 multitu·

637 4059 860 4125 dinem
895 4057 1288 4136 distrahunt,
1334 4068 1408 4124 ut
1443 4058 1524 4124 ad
1562 4059 1760 4123 tetius
1797 4057 2033 4123 sobolis
2074 4059 2589 4126 internecionem

636 4145 1018 4230 depugnare
1062 4153 1327 4227 paratae
1370 4145 1521 4221 sint,
1569 4145 1699 4210 nisi
1742 4144 2062 4226 praelium
2099 4144 2449 4211 dirimatur
2492 4145 2588 4210 al-

636 4239 779 4298 tere
807 4252 905 4295 ex
947 4229 1214 4314 regibus
1251 4232 1663 4315 interempto.

812 4315 1150 4381 Praeterea
1171 4317 1442 4399 insignis
1461 4318 1593 4398 reyi
1620 4316 1830 4397 forma
1863 4314 1980 4403 cst]
2022 4315 2392 4382 Oelumella
2423 4315 2590 4382 libre

636 4403 791 4468 IX.:
838 4400 1015 4467 Sunt
1049 4410 1269 4466 autem
1313 4403 1360 4465 ii
1403 4424 1592 4487 reges
1637 4406 1915 4467 maiores
1957 4402 2171 4485 paule,
2217 4411 2284 4468 et
2323 4401 2591 4488 oblongi

635 4490 848 4573 magis
890 4492 1086 4571 q‘uam
1131 4496 1427 4553 caeterae
1471 4510 1644 4571 apes,
1689 4488 2071 4554 rectioribus
2115 4489 2430 4568 cruribus,
2474 4488 2589 4555 sed

637 4573 859 4639 minus
913 4572 1149 4656 amplis
1206 4574 1451 4656 pinnis,
1506 4573 1763 4658 pulchri
1808 4573 2070 4653 celeris,
2116 4586 2184 4638 et
2226 4574 2448 4652 nitidi,
2495 4575 2590 4639 le-

639 4679 899 4743 vesque,
944 4666 1064 4725 616.
1120 4658 1482 4743 Vergilius:

1329 4763 1430 4816 Hic
1463 4763 1655 4817 melier
1687 4765 1909 4835 insignis
1945 4770 2002 4818 et
2037 4779 2150 4831 ere,
2221 4775 2230 4783 ‘

1080 4830 1156 4885 Et
1187 4831 1362 4886 rutilis
1379 4832 1574 4886 -clarus
1608 4835 1895 4901 squammis
1929 4836 2032 4887 ete.

810 4915 1338 4997 bacaudam,
1382 4922 1441 4982 et
1472 4937 1597 5000 pre
1633 4920 1909 4999 emporis
1948 4916 2162 5005 captu]
2223 4918 2587 5015 Vergilius:

811 5018 928 5073 Illis
963 5019 1046 5072 ira
1078 5019 1296 5073 medum
1332 5036 1496 5088 supra
1533 5026 1635 5088 est,
1673 5019 1961 5090 laesaeque
1997 5037 2261 5076 venenum

807 5088 1078 5143 Mersibus
1113 5089 1390 5157 inspirant,
1426 5097 1484 5143 et
1518 5088 1724 5156 spicula
1761 5106 1924 5144 caeca
1958 5091 2266 5158 relinquunt

807 5154 990 5210 Affixa
1023 5156 1077 5210 in
1115 5160 1280 5225 venis,
1317 5158 1626 5225 animasque
1664 5158 1718 5210 in
1754 5159 1974 5213 vulnere
2011 5166 2234 5227 ponunt.

2277 238 2404 303 DE
2450 237 2995 308 CLEMENTIA

4511 244 4615 308 124

2690 426 2845 493 Huc
2890 427 3112 493 allusit
3155 427 3426 495 Curtius
3480 429 3552 493 in
3609 428 4007 493 Alexandro.
4106 427 4472 493 Temeritas
4511 437 4617 508 661,

2690 512 2920 595 inquit,
2966 534 3165 596 quam
3204 513 3422 580 adhuc
3464 536 3582 597 pre
3628 515 3868 579 virtute
3912 514 4255 578 timuistis:
4312 534 4478 596 quae
4519 515 4619 580 ubi

2688 600 2976 680 primum
3018 600 3335 683 impetum
3378 600 3638 678 effudit,
3702 599 3884 665 velut
3931 598 4255 682 quaedam
4308 599 4618 678 animalia,

2689 685 2926 749 amisse
2949 685 3175 750 aculeo
3221 697 3448 769 torpet.
3508 687 3602 750 Et
3627 684 3856 750 Cicero
3887 706 4005 768 pre
4030 684 4299 752 Flacco:
4326 686 4621 751 Mortuus

2690 778 2794 834 est
2817 770 3041 837 aculeo
3068 771 3199 836 iam
3223 770 3508 849 dimisse,
3544 791 3621 836 ae
3642 770 3814 836 dicte
3838 771 4222 836 testimonie.
4269 770 4449 835 Illud
4479 791 4621 837 vere

2687 856 2861 920 inter
2903 857 3252 940 scriptores
3296 879 3427 924 non
3462 857 3785 935 convenit,
3831 857 4140 921 statimne
4173 857 4379 922 infixe
4416 856 4623 922 aculeo

2687 942 3106 1018 emoriantur,
3144 963 3229 1007 an
3276 950 3533 1007 tantum
3571 941 3969 1025 degenerent
4010 942 4079 1006 in
4114 943 4313 1008 fucos.
4383 941 4626 1008 Plinius

2686 1026 2865 1092 libre.
2895 1027 3192 1093 Xv111.:
3250 1027 3575 1095 Aculeum
3631 1027 3861 1110 apibus
3916 1036 4157 1092 natura
4195 1026 4374 1093 dedit
4418 1029 4624 1093 ventri

2688 1121 3061 1178 consertum
3074 1137 3090 1192 ;
3150 1112 3233 1178 ad
3276 1136 3483 1178 unum
3529 1114 3729 1179 ictum
3773 1114 3895 1178 1166
3937 1114 4171 1189 infixe,
4217 1111 4489 1196 quidam
4526 1133 4626 1178 eas

2689 1200 2917 1263 statim
2983 1200 3186 1265 emori
3244 1208 3517 1281 putant,
3580 1199 3810 1281 aliqui,
3889 1220 4021 1263 nen
4102 1200 4228 1264 nisi
4302 1199 4626 1263 intantum

2687 1275 2949 1362 adacte‘,
3007 1294 3081 1349 ut
3132 1286 3523 1350 intestinum
3575 1304 3768 1366 saepe
3812 1291 4226 1366 assequatur:
4293 1283 4410 1350 sed
4454 1283 4627 1350 ἴωσι

2686 1376 2913 1451 postea
2967 1389 3109 1436 esse
3125 1421 3140 1448 ,
3207 1391 3329 1437 666
3388 1370 3586 1435 mella
3638 1370 3868 1435 facere.
3961 1369 4164 1434 Vides
4222 1390 4469 1454 magna
4525 1369 4629 1434 illa

2686 1455 2969 1538 ingenia,
3014 1477 3217 1538 quum
3260 1478 3329 1521 se
3376 1463 3714 1538 tantopere
3759 1456 3829 1520 in
3877 1455 4072 1521 rebus
4114 1454 4466 1520 minutulis
4507 1463 4629 1520 tor·

2686 1540 2912 1618 serint,
2955 1563 3040 1605 ne
3084 1540 3164 1606 de
3208 1563 3409 1624 apum
3451 1540 3715 1624 quidem
3758 1541 4024 1624 spiculis
4068 1540 4455 1607 consentire.
4544 1542 4630 1605 At

2686 1625 2849 1690 illud
2906 1628 3304 1693 nostratibus
3360 1626 3622 1693 rusticis
3665 1626 3940 1711 vulgare
3985 1636 4116 1705 est,
4162 1626 4493 1710 spiculum
4534 1626 4627 1690 in-

2685 1712 2893 1776 fixum
2948 1733 3079 1776 nen
3125 1714 3359 1779 afferre
3403 1719 3682 1778 mertem
3737 1712 3968 1794 apibus
3983 1763 3997 1789 ‚
4056 1711 4171 1778 sed
4217 1711 4302 1777 ad
4352 1711 4491 1777 mel
4543 1713 4630 1776 fa-

2685 1796 2988 1862 ciendum
3030 1798 3298 1886 inutiles
3340 1797 3630 1864 reddere.

2862 1882 3001 1948 Rex
3041 1885 3178 1965 ipse
3219 1886 3357 1951 sine
3396 1885 3603 1949 acideo
3649 1881 3765 1970 est]
3825 1883 4056 1967 Neque
4113 1883 4236 1948 1166
4275 1883 4444 1949 eitra
4488 1903 4631 1949 een-

2689 1970 3073 2034 treversiam
3116 1977 3233 2049 est,
3279 1992 3365 2036 an
3402 1989 3518 2035 rex
3556 1990 3755 2052 apum
3791 1977 4012 2035 eareat
4046 1969 4286 2035 aculeo.
4342 1968 4629 2033 Plinius:

2687 2053 2837 2118 Nen
2880 2047 3138 2120 constat=
3180 2056 3356 2121 inter
3394 2065 3683 2134 auteres,
3729 2076 3849 2119 rex
3903 2054 4251 2138 nullumne
4295 2054 4475 2120 selus
4510 2075 4633 2119 nen

2689 2138 2926 2205 habeat
2967 2140 3298 2220 aculeum,
3340 2142 3680 2207 maiestate
3722 2149 3983 2206 tantum
4027 2149 4351 2219 armatus,
4398 2162 4490 2205 an
4530 2138 4634 2205 de-

2690 2224 2858 2289 derit
2896 2248 3046 2291 6661
3086 2226 3353 2309 quidem
3395 2234 3655 2306 natura,
3701 2224 3817 2292 sed
3853 2248 4048 2293 usum
4090 2226 4189 2291 illi
4232 2233 4498 2291 tantum
4528 2246 4636 2290 66-

2689 2312 2962 2394 gaverit.
3038 2312 3218 2377 Illud
3261 2320 3537 2390 constat,
3584 2312 4049 2395 imperatorem
4089 2312 4311 2378 aculeo
4354 2333 4492 2377 nen
4527 2310 4631 2375 uti.

2694 2398 3070 2463 Aristotelis
3130 2407 3196 2462 et
3239 2393 3647 2464 Columellae‘
3685 2397 3913 2463 eadem
3964 2399 4293 2463 sententia
4335 2409 4467 2476 est,
4517 2397 4636 2461 nisi

2634 2497 2639 2510 ·
2688 2480 2861 2565 qued
2902 2483 3121 2548 verbis
3162 2484 3435 2566 paulum
3477 2483 3867 2566 discrepant.
3926 2483 4317 2550 Aristoteles
4361 2483 4541 2548 enim
4572 2482 4638 2548 16

2690 2566 2855 2633 libre
2910 2567 2991 2634 de
3046 2568 3437 2634 animalibus
3491 2569 3778 2633 affirmat
3834 2568 4105 2649 habere,
4172 2568 4289 2636 sed
4343 2588 4635 2634 exarma-

2692 2662 2863 2729 tum,
2917 2675 3038 2719 666
3091 2675 3354 2739 pugnae
3409 2654 3733 2719 idoneum.
3827 2654 4191 2721 Columella
4244 2676 4380 2720 nen
4427 2654 4634 2738 spicu-

2690 2739 2858 2816 lum,
2917 2737 3033 2804 sed
3086 2740 3445 2822 pleniorem
3499 2742 3684 2822 quasi
3738 2740 4047 2823 capillum
4091 2749 4296 2808 vocat.
4378 2740 4634 2808 Utcun-

2734 2845 2815 2888 ue
2860 2846 2965 2890 res
3010 2824 3264 2904 11611661,
3310 2825 3434 2892 1166
3477 2834 3578 2890 661
3619 2824 3792 2909 qued
3836 2827 3981 2891 vult
4012 2824 4286 2905 Seneca,
4330 2847 4471 2891 666
4504 2845 4637 2891 6666

2691 2846 2922 2975 datum
2963 2910 3107 2996 regi
3160 2933 3200 2977 a
3243 2919 3483 2977 natura
3525 2912 3824 2977 aculeum
3868 2910 3953 2977 ad
4008 2911 4380 2978 nocendum
4422 2912 4636 2978 effica-

2691 3017 2833 3062 cem
2851 3048 2867 3075 ,
2933 3018 3018 3061 ne
3072 3019 3305 3064 saevus
3362 3007 3564 3076 esset,
3622 3005 3743 3062 aut
3782 2998 4049 3065 ultionis
4105 3008 4450 3082 appetens:
4518 3017 4639 3083 que

2691 3083 3065 3165 exemplum
3117 3082 3381 3168 regibus
3433 3092 3852 3167 preponeret,
3921 3105 4008 3149 ne
4065 3092 4287 3150 esseut
4341 3082 4636 3160 aculeati,

2691 3167 2814 3233 1166
2857 3176 2959 3234 661
3000 3171 3070 3234 16
3115 3168 3519 3237 iracundiam
3564 3179 3631 3234 et
3673 3171 4035 3236 vindictam
4078 3171 4419 3253 proclives.

2870 3255 3113 3320 Padeat
3175 3278 3216 3321 a
3270 3257 3501 3337 parvis
3562 3254 3972 3344 animalibus]
4056 3256 4512 3340 Quintilianus
4572 3257 4638 3320 in

2694 3341 2948 3423 Apibus
2985 3341 3318 3425 pauperis:
3373 3347 3520 3422 [pag.
3564 3348 3711 3422 117]
3755 3342 3996 3410 Dicam
4032 3342 4278 3408 animal
4328 3341 4637 3425 quedam-

2691 3425 2881 3491 mede
2970 3448 3204 3494 arvum
3247 3427 3532 3493 heminis
3575 3428 3954 3511 exemplar?

2931 3514 3128 3578 tinam
3171 3515 3385 3579 eadem
3426 3512 3691 3601 homini]
3759 3513 3840 3579 Id
3885 3524 4014 3593 est,
4074 3514 4374 3580 hemines
4434 3533 4637 3597 quum

2691 3619 2924 3664 necere
2964 3590 3155 3664 alteri
3200 3599 3456 3678 velunt,
3504 3599 3794 3665 animam
3848 3601 3918 3665 in
3972 3600 4247 3665 vulnere
4302 3613 4636 3684 ponerent,

2695 3692 2762 3749 et
2803 3684 3117 3749 damnum
3160 3685 3444 3751 alienum
3487 3685 3687 3751 simul
3731 3707 3849 3751 sue
3903 3686 4076 3751 male
4119 3691 4634 3768 compensarent.

2690 3770 2842 3835 Non
2887 3770 2980 3834 ita
3021 3778 3240 3837 essent
3284 3770 3369 3836 ad
3411 3770 3773 3837 nocendum
3816 3772 4137 3854 protervi,
4183 3772 4241 3838 si
4279 3772 4641 3857 cogitarent

2692 3875 2764 3921 se
2808 3857 2982 3921 vitae
3025 3876 3178 3921 6666
3222 3857 3560 3942 dispendio
3603 3858 3771 3922 iram
3815 3857 4173 3923 effundere.

2867 3941 2992 4007 Sed
3028 3964 3105 4007 ne
3142 3964 3303 4009 nunc
3345 3945 3598 4026 quidem
3639 3943 3740 4007 illi
3782 3943 4031 4026 cursus]
4088 3944 4149 4008 N
4157 3965 4284 4009 une
4328 3963 4446 4026 per
4489 3943 4639 4008 rhe-

2695 4028 2964 4094 toricam
3011 4028 3477 4094 correctionem
3518 4029 3793 4109 subiicit,
3836 4050 3971 4097 nen
4014 4030 4226 4114 magis
4260 4038 4479 4094 tutum
4524 4028 4638 4092 he-

2691 4114 2982 4180 minibus
3017 4135 3213 4196 quam
3248 4115 3497 4197 apibus,
3535 4115 3673 4180 vim
3710 4135 3897 4179 suam
3933 4113 4282 4181 saeviendo
4316 4132 4635 4180 exercere.

2692 4198 2901 4282 quue
2943 4201 3175 4282 prebat
3216 4201 3543 4266 sententia
3575 4200 3689 4264 illa
3724 4201 3923 4284 vulgo
3956 4210 4291 4284 usurpata.
4359 4200 4637 4267 Necesse

2693 4295 2795 4350 est
2835 4286 3077 4351 multos
3120 4287 3367 4365 timeat,
3412 4307 3607 4370 quem
3639 4286 3833 4353 multi
3868 4287 4117 4352 timent.
4186 4285 4420 4368 Itaque
4452 4304 4637 4369 eper-

2694 4378 2789 4436 tet
2831 4379 2908 4436 ut
2950 4372 3062 4454 qui
3106 4371 3443 4439 assiduum
3485 4383 3807 4439 terrerem
3849 4373 4102 4452 incutit,
4150 4372 4434 4457 singulis
4474 4383 4636 4437 tem-

2694 4457 2871 4541 peris
2925 4458 3217 4524 articulis
3269 4460 3358 4523 sit
3409 4456 3490 4524 de
3546 4459 3685 4524 vita
3722 4458 4081 4538 sellicitus,
4138 4466 4206 4524 et
4253 4478 4427 4525 nova
4466 4455 4637 4541 peri-

2694 4542 2851 4608 cula
2885 4543 2955 4607 in
3005 4542 3200 4610 heras
3237 4542 3359 4610 sibi
3401 4542 3783 4627 impendere
3820 4564 3897 4609 66
3946 4545 4081 4610 'tet.
4138 4545 4509 4631 prrianus
4553 4537 4639 4607 ad

2693 4627 3035 4693 Donatum
3110 4628 3192 4695 de
3270 4638 3299 4693 t
3469 4651 3579 4696 ne:
3663 4630 3830 4695 Tam
3897 4630 3910 4644 '
3968 4652 4005 4695 6
4068 4631 4305 4696 timere
4369 4628 4633 4714 eeffitm,

2694 4736 2891 4797 quam
2935 4715 3225 4780 timetur.
3368 4715 3537 4800 xigit
3698 4737 3818 4781 666
3859 4716 4107 4799 pariter
4149 4715 4231 4782 de
4270 4715 4637 4802 potentiore

2693 4799 3076 4878 sublimitas,
3122 4802 3211 4865 sit
3250 4800 3405 4865 lieet
3444 4810 3584 4866 sate
3636 4802 3799 4867 itum
3834 4822 4036 4867 manu
4070 4810 4315 4886 septus,
4360 4811 4429 4885 61
4459 4798 4635 4867 clau-

2692 4907 2842 4951 sum
2885 4907 2961 4952 ae
2995 4894 3366 4968 protectum
3397 4886 3574 4953 latus
3608 4908 3958 4954 numerose
3991 4889 4308 4972 stipatore
4343 4894 4633 4954 tueatur:

2691 4992 2888 5054 quam
2930 4992 3191 5037 secures
3234 4992 3369 5037 neu
3406 4974 3567 5039 sinit
3606 4994 3748 5039 esse
3791 4973 4139 5053 subiectos,
4196 4982 4340 5039 tam
4378 4988 4638 5040 6ω6666

2694 5064 2796 5121 661
2838 5063 2912 5120 61
2952 5077 3088 5122 666
3123 5057 3211 5122 611
3251 5058 3391 5140 ipse
3433 5079 3718 5133 securus.
3942 5060 3956 5073 “

2866 5141 3051 5207 Hanc
3104 5143 3341 5226 aliquis
3382 5165 3637 5228 aemam
3690 5146 3884 5211 vitam
3925 5145 4209 5229 sustinet]
4266 5144 4643 5229 Exprobrat
