4984 5975
382 271 504 336 285

377 462 597 545 phetis
651 464 1111 547 praesignatus
1154 471 1282 544 est,
1328 470 1395 529 et
1436 484 1510 529 se
1552 483 1809 546 quoque
1850 483 2161 545 praesens
2203 463 2326 530 hoc

375 549 643 615 nomine
678 548 1048 632 appellavit.
1108 551 1328 632 Atque
1369 557 1447 613 ut
1488 548 1729 615 clarius
1772 549 2147 632 perspicias,
2183 551 2326 632 qui-

376 633 500 700 bus
534 636 670 700 iam
704 635 1023 700 limitibus
1059 633 1465 700 describatur
1501 635 1788 718 episcopi
1823 635 2129 713 officium,
2168 634 2326 700 dum

375 721 715 802 pastoritio
758 721 1016 787 muneri
1061 730 1493 804 comparatur,
1530 720 1767 804 quibus
1811 720 1882 785 in
1917 720 2113 786 rebus
2156 722 2325 804 vigi·

375 806 587 872 lautia
621 805 1060 889 sodalitasque
1101 807 1379 889 pastoris
1422 808 1548 871 sita
1583 806 1687 885 sit,
1733 815 1954 872 tecum
1997 807 2136 888 ipse
2170 829 2325 873 con-

372 891 610 958 sidera.
693 897 840 971 [pag.
886 895 995 970 51]
1043 893 1137 959 Ut
1177 894 1358 958 enim
1400 893 1596 957 huius
1638 894 2086 978 integritatem
2131 913 2326 957 nemo

372 976 761 1057 laudaverit,
798 979 928 1043 nisi
974 979 1090 1061 qui
1134 978 1534 1044 sufficiendis
1576 980 1762 1062 gregi
1805 978 2066 1060 pascuis
2107 979 2324 1044 inten-

372 1063 696 1129 tissimam
729 1084 957 1129 curam
989 1064 1345 1147 impendat,
1382 1086 1502 1131 nec
1536 1066 1756 1129 minus
1799 1064 2065 1128 interim
2104 1062 2184 1129 de
2219 1086 2326 1130 ar·

369 1146 599 1215 cendis
633 1150 734 1215 ab
791 1171 868 1215 eo
925 1150 1455 1233 depellendisque
1510 1151 1816 1216 omnibus
1860 1158 1928 1215 et
1958 1150 2218 1216 iniuriis
2260 1157 2327 1215 et

367 1233 631 1300 insidiis
675 1237 761 1301 sit
795 1236 1130 1316 sollicitus,
1166 1244 1498 1319 postremo
1523 1236 1817 1303 vocando
1845 1256 1921 1301 ac
1943 1234 2323 1302 deducendo

366 1321 549 1386 viam
601 1343 861 1404 semper
912 1323 1040 1404 ipsi
1095 1320 1501 1388 demonstret
1522 1373 1538 1401 ,
1594 1341 1794 1405 quam
1837 1329 2186 1404 sequatur:
2231 1323 2327 1388 ita

366 1427 492 1474 nee
536 1408 914 1492 episcopum
952 1430 1071 1475 suo
1112 1430 1388 1474 munere
1430 1409 1556 1474 rite
1608 1407 1878 1492 defungi
1931 1414 2150 1490 putes,
2195 1408 2325 1473 nisi

364 1494 480 1576 qui
531 1493 745 1559 tribus
829 1494 972 1560 istis
1027 1493 1252 1560 sedulo
1316 1501 1583 1578 totoque
1640 1493 1859 1558 studio
1904 1492 2321 1577 -advigilarit:

364 1579 711 1646 ecclesiam
745 1587 821 1645 ut
862 1588 931 1646 et
965 1579 1153 1645 verbi
1195 1579 1440 1662 pabulo
1483 1580 1750 1658 nutriat,
1796 1587 1866 1646 et
1908 1580 2093 1667 verbi
2136 1600 2326 1663 prae—

365 1665 554 1732 sidiis
618 1665 938 1732 adversus
1005 1664 1295 1732 Satanae
1371 1667 1778 1732 incursiones
1840 1666 2130 1730 muniat:
2211 1665 2324 1732 de-

366 1772 553 1816 mum
609 1753 783 1818 vitae
846 1753 1190 1817 sanctitate
1245 1753 1422 1818 viam
1489 1751 1823 1831 ostendat,
1888 1771 2057 1835 quae
2111 1753 2199 1816 sit
2241 1752 2324 1817 iis

366 1837 683 1917 tenenda,
744 1839 857 1922 qui
909 1836 993 1902 ad
1047 1858 1329 1922 regnum
1383 1838 1515 1903 Dei
1573 1839 1869 1921 aspirant
1921 1859 1997 1903 ac
2055 1845 2322 1903 conten-

365 1921 551 1988 dunt.
662 1923 858 1989 Hanc
913 1946 1071 1989 sane
1149 1922 1455 2007 pascendi
1520 1924 1736 2008 legem
1802 1929 1869 1987 et
1930 1921 2058 1988 sibi
2122 1924 2324 1989 fuisse

362 2011 768 2093 propositam
831 2009 1001 2074 vidit
1063 2008 1399 2092 apostolus
1463 2010 1737 2087 Petrus,
1808 2016 1992 2073 tanta
2051 2029 2123 2074 se
2183 2009 2323 2074 eius

360 2097 659 2162 muneris
711 2094 1097 2162 difficultate
1147 2096 1359 2178 premi
1412 2095 1744 2160 confessus
1759 2144 1773 2172 ‚
1817 2101 1896 2160 ut
1945 2117 2032 2160 ne
2075 2095 2323 2160 mensis

361 2178 629 2263 quidem
663 2180 859 2246 simul
891 2191 1157 2248 vacaret
1189 2180 1564 2246 ministrare
1600 2179 1776 2265 (Act.
1817 2184 1876 2257 6,
1913 2183 2019 2264 4);
2066 2190 2134 2245 et
2175 2180 2324 2246 aliis

356 2286 619 2349 quoque
659 2267 998 2348 proposuit
1012 2318 1029 2345 ,
1082 2287 1245 2349 quos
1287 2265 1678 2355 exhortatur
1718 2263 1783 2350 (1
1824 2266 2004 2331 Petr.
2039 2271 2097 2344 5,
2123 2269 2161 2330 2
2184 2264 2321 2351 sa),

357 2360 441 2417 ut
477 2372 707 2417 curam
754 2353 973 2437 gregis
1012 2358 1231 2437 agant,
1289 2352 1690 2417 excubantes
1724 2351 1799 2415 in
1836 2352 1976 2417 eius
2022 2351 2319 2431 salutem,

358 2457 495 2503 non
539 2438 724 2520 quasi
770 2440 1158 2504 necessitate
1201 2438 1434 2516 coacti,
1482 2437 1598 2502 sed
1634 2438 1890 2503 sincera
1924 2437 2129 2502 animi
2171 2458 2321 2521 pro·

359 2522 707 2607 pensione:
763 2543 980 2606 neque
1033 2523 1296 2589 sordido
1340 2522 1509 2589 lucri
1552 2521 1786 2600 studio,
1832 2522 1946 2588 sed
1987 2531 2128 2589 tota
2171 2545 2321 2606 pec-

361 2609 526 2675 toris
558 2608 928 2675 alacritate:
972 2630 1092 2675 nec
1128 2608 1492 2673 dominium
1538 2615 1918 2673 exercentes
1963 2610 2033 2673 in
2069 2608 2323 2675 Christi

362 2693 854 2774 haereditatem,
878 2694 996 2760 sed
1017 2717 1088 2760 se
1113 2695 1196 2759 ad
1221 2695 1436 2759 omnis
1463 2695 1615 2759 boni
1636 2693 1973 2776 exemplar
1992 2695 2320 2779 regulam-

363 2801 492 2863 que
544 2782 921 2846 formantes.
991 2779 1168 2862 Quid
1213 2780 1386 2863 quod
1430 2780 1739 2846 ecclesiae
1794 2800 1952 2845 suae
1994 2780 2318 2846 ministris

362 2874 615 2932 tantam
638 2867 1023 2950 imposuisse
1048 2865 1506 2932 sollicitudinis
1540 2866 1780 2931 molem
1812 2866 2147 2931 Dominus
2182 2887 2317 2931 non

362 2959 735 3032 contentus,
780 2973 1019 3019 canum
1073 2954 1273 3019 etiam
1317 2952 1495 3019 vices
1508 3004 1524 3032 ,
1570 2953 1685 3035 qui
1725 2952 2023 3036 ipsorum
2072 2951 2317 3037 alioqui

362 3048 705 3123 pastorum
740 3040 1153 3106 excubitores
1189 3060 1330 3104 esse
1373 3038 1605 3118 solent,
1640 3039 1939 3104 sufficere
1977 3038 2315 3123 supplere-

363 3146 490 3208 que
530 3106 756 3191 iubet?
794 3123 955 3190 adeo
999 3124 1083 3189 ab
1127 3125 1249 3191 hoc
1281 3143 1557 3190 munere
1592 3146 1852 3190 omnem
1897 3124 2178 3190 feriandi
2212 3147 2315 3191 se-

360 3213 706 3277 curitatem
744 3210 1111 3294 laborisque
1153 3211 1605 3277 remissionem
1648 3209 1973 3276 sublatam
2013 3231 2157 3276 esse
2198 3231 2316 3277 vo-

358 3297 501 3363 luit.
568 3297 715 3363 Iam
756 3297 1058 3363 videmus
1103 3317 1238 3363 non
1285 3298 1425 3362 sine
1469 3318 1668 3363 causa
1707 3296 1920 3362 facere
1964 3296 2313 3379 apostolos,

359 3382 523 3449 dum
573 3390 671 3448 tot
722 3382 981 3448 dotibus
1028 3384 1368 3448 instruunt
1409 3403 1565 3447 eum
1579 3433 1595 3461 ,
1640 3384 1753 3464 qui
1796 3383 1886 3448 sit
1918 3381 1988 3446 in
2033 3384 2314 3464 pastoris

356 3469 575 3537 lecum
629 3469 1062 3553 cooptandus:
1119 3468 1643 3552 qnandoquidem
1696 3468 2056 3551 plurimum
2110 3468 2313 3547 abest,

359 3556 523 3640 quin
564 3556 655 3620 sit
695 3555 985 3622 cuiusvis
1028 3563 1391 3637 praestare,
1428 3553 1600 3636 quod
1633 3555 1704 3618 in
1743 3553 1973 3619 ordine
2016 3553 2139 3637 ino«
2172 3553 2312 3619 Do-

356 3642 582 3707 minus
623 3640 1035 3707 severissime
1078 3641 1367 3723 requirit.

531 3726 784 3792 Verum
839 3747 988 3805 nos,
1042 3728 1326 3809 seposita
1383 3726 1557 3791 vitae
1610 3726 1940 3791 mentione
1960 3775 1977 3803 ,
2037 3724 2314 3791 docendi

356 3812 685 3878 duntaxat
718 3812 1021 3891 officium,
1057 3812 1251 3894 quale
1285 3812 1387 3890 sit,
1425 3812 1496 3875 in
1530 3832 1839 3895 praesens
1871 3810 2312 3878 ostendamus.

358 3898 571 3983 quue
620 3900 837 3982 ipsum
850 3950 866 3977 ,
911 3920 1039 3980 quo
1092 3897 1441 3964 dilucidius
1492 3896 1618 3963 sub
1662 3895 1882 3963 oculos
1922 3905 2079 3961 tuos
2119 3899 2312 3965 sistae

360 3994 491 4063 tur,
538 3984 621 4051 ab
643 3986 694 4070 ¹)
739 3984 973 4068 amplis
1012 3983 1147 4050 illis
1161 4034 1178 4062 ,
1214 3982 1448 4067 quibus
1484 3982 1893 4061 diffunditur,
1942 3983 2170 4066 spatiis
2206 4005 2310 4049 re·-

362 4070 635 4138 ductum
650 4123 667 4149 ,
725 4068 1084 4136 secundum
1126 4069 1322 4135 Pauli
1364 4068 1782 4153 partitionem
1825 4071 1897 4133 in
1931 4067 2059 4133 duo
2103 4090 2310 4135 mem-

360 4157 480 4223 bra
524 4157 923 4242 colligamus.
982 4156 1214 4239 Neque
1249 4156 1426 4220 enim
1462 4153 1571 4220 hic
1596 4154 1963 4220 absolth
1983 4155 2125 4221 veri
2159 4175 2311 4239 pas-

362 4243 521 4310 toris
589 4243 946 4327 imaginem
1010 4243 1293 4308 formare
1343 4241 1719 4319 statuimus,
1796 4250 1874 4306 ut
1924 4242 2167 4306 iustam
2230 4240 2312 4306 de

361 4330 501 4395 eius
534 4329 899 4394 ministerio
943 4325 1451 4412 disputationem
1488 4347 1751 4392 necesse
1790 4328 1879 4393 sit
1920 4326 2149 4391 ordiri:
2196 4326 2310 4392 sed

360 4424 424 4481 te
468 4415 696 4501 paucis
739 4414 1109 4494 admonere,
1143 4421 1461 4498 quantum
1506 4412 1725 4477 oneris
1762 4413 2106 4491 sustineas,
2151 4410 2311 4477 dum

362 4510 433 4568 tu
450 4553 465 4581 ,
514 4501 770 4567 etiamsi
812 4501 1101 4566 alienum
1148 4500 1228 4566 ab
1285 4499 1720 4566 ecclesiastico
1763 4506 2024 4581 pastore
2066 4519 2310 4564 munus

360 4588 712 4670 profiteris,
750 4607 991 4653 nomen
1028 4594 1245 4651 tamen
1282 4586 1565 4670 episcopi
1598 4604 2076 4667 personamque
2110 4586 2308 4650 susti-

362 4695 492 4741 nes.
559 4669 679 4739 Sic
730 4694 886 4757 ergo
943 4679 1153 4737 totam
1191 4670 1464 4738 docendi
1506 4670 1914 4754 provinciam
1957 4691 2108 4735 cum
2151 4690 2309 4754 apo·

362 4760 524 4825 stolo
581 4760 934 4842 partimur,
987 4765 1061 4822 ut
1111 4778 1188 4822 eo
1239 4758 1353 4841 qui
1395 4754 1757 4824 secundum
1801 4756 2165 4822 doctrinam
2209 4764 2311 4821 est

361 4866 659 4911 sermone
710 4844 1054 4910 institutus
1099 4844 1404 4909 ecclesiae
1460 4844 1794 4922 minister,
1842 4841 1991 4907 talis
2034 4842 2149 4919 sit,
2194 4842 2307 4925 qui

362 4940 427 4997 et
468 4931 802 4997 exhortari
844 4931 1047 5014 possit
1086 4930 1153 4992 in
1203 4928 1499 4996 doctrina
1542 4949 1729 5007 sana,
1776 4938 1845 4995 et
1887 4949 1996 4993 eos
2040 4928 2153 5011 qui
2192 4926 2307 4992 ad-

362 5026 713 5083 versantur
757 5016 1145 5081 convincere
1204 5015 1354 5095 (Tit.
1398 5021 1453 5092 1,
1493 5016 1580 5097 9).
1674 5013 1845 5080 Cum
1893 5013 2131 5097 duplici
2188 5012 2306 5077 ho-

501 5206 558 5273 1)
598 5203 749 5259 Εαα.
786 5201 1123 5258 1576—1611
1162 5201 1332 5255 mate.-
1366 5216 1450 5255 an.

1479 274 1608 340 DE
1655 271 2251 341 sAcERDomIo
2292 274 2646 341 PAPALI
2688 273 3263 376 ABnomNDo.

4257 282 4382 344 286

2427 463 2689 528 minum
2731 484 2976 548 genere
3013 464 3376 549 negotium.
3393 464 3491 529 illi
3534 465 3808 549 proponi
3851 465 4064 532 vides:
4106 488 4385 551 quorum

2429 549 2606 701 {Eud
2663 549 2824 615 alios
2879 556 3044 629 [pag.
3091 554 3197 631 52]
3244 550 3510 632 quidem
3551 551 4024 618 exhortationis
4067 560 4169 618 est
4205 574 4382 634 usus,

2501 635 2712 700 ‘orum
2751 634 3118 719 frangenda
3149 645 3254 701 est
3287 635 3810 720 revincendaque
3851 637 4234 721 pervicacia.
4293 640 4386 705 Et

2428 718 2588 804 quid
2643 721 2766 787 hoc
2819 721 3004 787 aliud
3057 729 3186 800 est,
3244 744 3442 805 quam
3486 723 3659 807 quod
3700 723 3836 788 iam
3880 733 4073 790 antea
4113 724 4384 791 demon-

2430 812 2715 872 stratum
2755 808 2906 871 fuit:
2945 807 3192 890 partim
3231 808 3575 891 pascendis
3618 808 3878 888 ovibus,
3923 811 4168 894 partim
4209 810 4385 893 lup’m

2428 892 2531 958 ab‘
2669 892 2782 957 dis'
2808 894 3140 964 intentum
3173 915 3316 959 esse
3351 901 3648 978 oportere
3692 895 3833 961 eius
3870 903 3940 962 et
3980 896 4276 962 animum
4318 905 4387 962 et

2429 913 2719 1043 stuffi
2732 977 2764 1041 ⁶?
2835 977 2970 1060 Qui
3013 981 3159 1047 veri
3200 981 3626 1064 primariique
3677 983 3955 1063 pastoris
3999 982 4146 1048 voci
4188 1002 4382 1047 aures

2430 1063 2677 1128 habent
2698 1075 2977 1148 apertas,
3012 1071 3080 1129 et
3105 1064 3189 1130 ad
3219 1064 3725 1132 auscultandum
3744 1074 4009 1150 paratos
4033 1067 4382 1152 facilesque

2431 1170 2577 1215 sese
2620 1151 2938 1234 praebent
2972 1173 3048 1217 ac
3082 1151 3476 1230 tractabiles,
3516 1152 3587 1216 hi
3630 1161 3788 1217 sunt
3822 1155 4044 1219 ovium
4086 1153 4228 1219 loco
4263 1153 4382 1217 ha·-

2428 1236 2643 1301 bendi.
2701 1236 3012 1315 Pr0inde‚
3051 1240 3189 1303 sive
3225 1236 3514 1304 docenda
3547 1259 3774 1303 eorum
3805 1239 4200 1322 ignorantia,
4239 1240 4383 1307 sive

2430 1321 2784 1388 excitanda
2836 1320 3146 1388 tarditate
3162 1375 3178 1403 ,
3237 1323 3377 1390 sive
3442 1323 3890 1389 imbecillitate
3951 1324 4380 1404 exhortanda,

2430 1408 2573 1474 sive
2624 1408 2916 1491 lapsibus
2959 1409 3382 1492 obiurgandis
3395 1460 3412 1488 ,
3457 1410 3597 1476 sive
3642 1410 3975 1474 erroribus
4019 1410 4381 1491 monendis,

2430 1502 2838 1644 ἰᾝΘἏ-,ἕὲθ
2874 1495 3117 1646 3:33.
3154 1496 3499 1645 P‘ffififfia
3537 1495 3988 1647 wllss'ssmffoe
4055 1497 4384 1647 ³¹²⁸⁰5200¹²

3118 1601 3156 1645 e
3191 1603 3223 1646 s
3347 1601 3458 1646 eas
3494 1602 3532 1646 o
3889 1603 4137 1660 ursum,
4176 1604 4215 1647 a
4308 1604 4382 1647 ro

2429 1601 2702 1748 quoqgulliJ
2719 1666 2906 1730 oculo
2933 1673 3088 1730 sunt
3111 1665 3502 1732 observandi
3532 1602 3707 1750 ffipi:
3747 1689 3831 1733 ne
3866 1688 3907 1731 a
3940 1666 4191 1733 Ohristi
4231 1689 4379 1752 sep-

2428 1752 2517 1815 tis
2553 1751 2868 1817 abductas
2903 1752 3201 1817 incautas
3235 1773 3391 1818 oves
3426 1751 3926 1836 depraedentur,
3962 1754 4188 1837 quales
4230 1775 4383 1837 par·

2428 1838 2552 1901 tim
2608 1845 2766 1902 sunt
2821 1845 3296 1921 contemptores
3339 1838 3481 1916 isti,
3526 1837 3762 1921 quibus
3805 1847 3880 1904 ut
3920 1839 4202 1905 verbum
4240 1839 4383 1905 Do-

2427 1923 2595 1987 mini
2618 1944 2821 2006 prope
2851 1922 3074 1988 fabula
3106 1931 3224 2003 est,
3260 1925 3356 1989 ita
3389 1923 3618 1990 eodem
3653 1923 3785 1989 Dei
3819 1935 4198 2007 contemptu
4232 1947 4382 1992 ver-

2428 2008 2623 2090 bique
2677 2010 2818 2074 eius
2869 2008 3152 2074 ludibrio
3215 2011 3358 2093 pios
3411 2011 3666 2075 animos
3731 2011 4027 2076 imbuere
4084 2030 4381 2077 summae

2429 2105 2534 2157 est
2585 2094 2936 2178 voluptati:
2993 2096 3238 2176 partim
3289 2094 3900 2181 pseudoprophetae
3913 2148 3930 2176 ,
3988 2098 4098 2179 qui
4152 2118 4380 2163 veram

2427 2199 2795 2263 puramque
2851 2179 3234 2262 religionem
3288 2187 3358 2245 et
3410 2183 3791 2265 perniciosis
3854 2182 4216 2247 mendaciis
4265 2183 4381 2248 ob-

2426 2285 2709 2343 scurare,
2753 2266 2976 2347 pravis
3017 2263 3430 2350 dogmatibus
3464 2268 3929 2347 contaminare,
3975 2276 4045 2332 et
4084 2267 4381 2334 dissidio-

2428 2371 2580 2415 rum
2637 2351 3055 2417 contentione
3108 2350 3408 2417 scindere
3426 2403 3442 2431 ,
3502 2359 3571 2418 et
3623 2354 3862 2435 quibus
3915 2351 4195 2436 denique
4250 2354 4379 2420 viis

2422 2446 2720 2519 possunt,
2766 2445 3061 2502 evertere
3103 2445 3438 2504 conantur.
3531 2505 3535 2520 ,
4302 2493 4307 2497 .

2597 2521 2746 2588 Iam
2779 2542 2940 2589 vero
2975 2523 3287 2605 sequitur,
3334 2522 3507 2606 quod
3549 2524 3748 2589 tertio
3785 2523 3928 2590 loco
3970 2525 4377 2607 propositum

2425 2615 2598 2672 erat:
2659 2608 2866 2673 nihilo
2921 2616 3079 2675 *esse
3137 2609 3498 2698 neglectaea
3538 2610 3961 2693 desertaeque
4024 2610 4379 2676 functionis

2422 2713 2707 2776 poenam
2750 2694 3081 2773 leviorem,
3126 2715 3323 2778 qnam
3366 2696 3453 2760 sit
3494 2694 4057 2762 administrandae
4099 2695 4377 2762 difficul-

2425 2788 2544 2844 tas.
2610 2779 2798 2844 Nihil
2849 2781 3028 2844 enim
3085 2783 3356 2865 gravius
3413 2783 3692 2863 proferri
3737 2782 3978 2865 potuit,
4025 2802 4220 2866 quam
4263 2781 4378 2845 illa

2421 2864 2617 2946 plane
2668 2865 2998 2931 horrenda
3040 2864 3459 2932 denunciatio
3474 2918 3489 2945 ,
3535 2888 3701 2949 quae
3761 2868 4047 2950 episcopi
4105 2867 4377 2932 auribus

2421 2949 2684 3017 assidue
2727 2952 3032 3018 insonare
3086 2950 3293 3018 debet.
3365 2949 3448 3017 Id
3490 2953 3666 3018 enim
3724 2953 3970 3036 ipsum,
4009 2952 4183 3036 quod
4223 2974 4374 3037 pro·

2419 3036 2660 3121 phetae
2695 3057 2812 3103 suo
2849 3036 3284 3104 denunciabat
3315 3039 3472 3103 olim
3506 3038 3854 3117 Dominus,
3891 3039 4103 3105 nihilo
4138 3038 4222 3104 ad
4264 3060 4376 3104 eos

2419 3124 2669 3204 minus,
2716 3145 2914 3207 quam
2959 3123 3044 3189 ad
3096 3125 3491 3208 prophetam
3504 3176 3520 3204 ,
3566 3126 3672 3190 cui
3713 3124 3918 3191 semel
3963 3125 4212 3190 dictum
4255 3133 4373 3205 est,

2418 3211 2722 3293 pertinet.
2783 3211 2988 3276 Posui
3023 3218 3108 3289 te,
3153 3211 3374 3294 inquit
3416 3210 3576 3291 (Iez.
3624 3216 3682 3289 3,
3735 3215 3811 3274 17
3857 3217 3927 3275 et
3972 3215 4072 3289 33,
4123 3215 4212 3295 7),
4258 3232 4375 3294 po-

2418 3295 2576 3378 pulo
2613 3316 2761 3360 meo
2805 3296 3303 3379 speculatorem.
3369 3294 3451 3361 Si
3495 3295 3754 3363 dicente
3795 3316 3904 3361 me
3949 3297 4033 3361 ad
4074 3298 4370 3379 impium,

2416 3388 2630 3445 morte
2664 3382 2984 3459 morieris,
3029 3403 3163 3446 non
3203 3382 3519 3466 loquutus
3563 3383 3784 3460 fueris,
3829 3393 3907 3445 ut
3949 3391 4292 3446 avertatur
4333 3402 4375 3446 a

2419 3466 2532 3531 via
2582 3487 2702 3532 sua
2752 3467 2958 3550 impia
2971 3518 2987 3545 ,
3043 3477 3111 3533 et
3162 3469 3373 3545 vivat,
3431 3467 3574 3551 ipse
3631 3466 3897 3552 quidem
3942 3467 4014 3530 in
4071 3487 4193 3531 sua
4246 3466 4373 3530 ini-

2418 3553 2671 3635 quitate
2724 3553 3072 3617 morietur:
3128 3553 3520 3636 sanguinem
3576 3562 3799 3618 autem
3847 3552 3989 3617 eius
4037 3550 4118 3615 de
4169 3570 4373 3615 manu

2419 3646 2537 3704 tua
2577 3638 2924 3721 requiram.
3004 3637 3173 3719 Quis
3226 3639 3363 3704 iam
3416 3640 3486 3703 in
3530 3659 3606 3704 eo
3652 3635 4074 3719 delinquendi
4116 3635 4240 3700 sibi
4293 3635 4374 3700 li-

2420 3724 2707 3789 centiam
2783 3723 3130 3811 indulgere
3198 3722 3438 3789 audeat
3451 3775 3467 3804 ,
3538 3725 3608 3789 in
3676 3743 3805 3807 quo
3870 3721 4239 3786 ulciscendo
4301 3740 4374 3788 se

2419 3806 2581 3875 adeo
2639 3830 2945 3876 severum
3009 3811 3148 3877 fore
3204 3811 3532 3876 Dominus
3597 3806 3925 3875 ostendit?
4016 3804 4185 3887 Quis
4237 3806 4372 3872 iam

2396 3895 2863 3980 'negligentiae
2897 3917 3056 3962 suae
3088 3896 3485 3975 blandiatur,
3522 3894 3874 3960 adversum
3907 3913 4104 3975 quam
4146 3894 4240 3957 sic
4270 3902 4372 3958 to-

2415 3989 2538 4046 nat
2585 3982 2916 4048 Dominus
2956 4003 3032 4047 ac
3085 3981 3438 4047 fulminat?
3505 3979 3673 4061 Quis
3714 3977 4128 4061 impunitatis
4167 3980 4369 4044 confi-

2417 4066 2641 4133 dentia
2683 4089 2824 4134 sese
2869 4066 3167 4147 deludat,
3217 4066 3495 4133 terribili
3537 4067 3664 4131 hac
3706 4065 4033 4130 sententia
4074 4084 4368 4147 pronun-

2416 4152 2629 4219 ciata?
2697 4153 2952 4220 Paulus
2999 4174 3159 4220 sane
3175 4207 3190 4231 ‚
3246 4160 3493 4237 quanta
3549 4152 3913 4217 sententiae
3967 4150 4169 4215 huius
4210 4150 4365 4215 reli-

2416 4241 2612 4324 gione
2653 4247 3018 4320 teneretur,
3063 4238 3322 4306 abunde
3375 4245 3655 4303 testatus
3709 4244 3827 4313 est,
3883 4256 4091 4319 quum
4134 4244 4204 4300 et
4246 4255 4363 4300 ne-

2415 4326 2716 4391 cessitate
2759 4346 2830 4391 se
2864 4326 2947 4391 ad
2988 4322 3574 4410 evangelizandum
3609 4322 3932 4406 obstringi
3966 4323 4075 4399 ait,
4114 4329 4186 4386 et
4223 4341 4363 4386 ma-

2412 4411 2830 4478 ledictionem
2863 4413 3006 4496 ipse
3040 4413 3165 4478 sibi
3196 4409 3456 4487 indixit,
3492 4409 3621 4474 nisi
3663 4408 4038 4473 necessitati
4073 4415 4361 4490 pareret:

2413 4495 2637 4563 addita
2658 4497 2798 4564 sola
2819 4499 2947 4563 ista
2972 4499 3243 4576 ratione,
3284 4494 3437 4579 quia
3469 4514 3711 4563 munus
3736 4492 3859 4559 sibi
3904 4493 4226 4558 creditum
4259 4513 4362 4558 es-

2413 4589 2516 4649 set
2558 4582 2623 4666 (1
2676 4582 2827 4649 Gor.
2877 4589 2934 4662 9,
2968 4584 3095 4668 17).
3166 4582 3388 4662 Quare
3430 4589 3499 4645 et
3539 4600 3748 4663 quum
3789 4602 3830 4644 a
3873 4579 3965 4645 ud
4005 4580 4363 4663 ephesinae

2412 4667 2723 4735 ecclesiae
2755 4670 3089 4736 ministros
3125 4667 3207 4732 de
3241 4686 3361 4732 sua
3400 4666 3777 4749 integritate
3871 4666 3884 4678 '
3995 4674 4187 4744 reret,
4231 4683 4362 4747 quo

2413 4775 2532 4819 suo
2567 4775 2677 4820 eos
2712 4756 3012 4839 exemplo
3047 4754 3399 4831 animaret,
3435 4750 3580 4819 ideo
3624 4772 3695 4816 se
3729 4750 4051 4816 mundum
4092 4772 4234 4816 esse
4278 4750 4360 4816 ab

2413 4842 2710 4906 omnium
2754 4843 3074 4926 sanguine
3109 4838 3465 4905 affirmavit
3506 4839 3686 4922 (Act.
3736 4840 3836 4917 20,
3884 4837 4016 4921 26),
4067 4844 4211 4914 [pag.
4251 4841 4357 4911 5³]

2412 4928 2721 5011 quoniam
2747 4948 2878 4991 non
2907 4926 3408 5008 subterfugerat,
3436 4925 3782 5006 quominus
3816 4942 4008 4989 omne
4043 4920 4172 4985 Dei
4209 4942 4359 4985 con·

2412 5012 2634 5077 silium
2675 5012 2811 5077 illis
2853 5010 3301 5078 adnunciaret.

2488 5116 2491 5119 ·
2585 5098 2839 5164 Verum
2872 5119 2957 5163 ne
2990 5093 3301 5180 quidquid
3335 5097 3403 5160 in
3446 5116 3688 5179 genere
3725 5091 3805 5158 de
3837 5097 4176 5175 pastorum
4219 5091 4360 5155 offi-

2414 5185 2515 5249 cio
2560 5184 2935 5267 disputatur
2950 5234 2966 5262 ,
3012 5182 3201 5266 quasi
3241 5181 3588 5246 minimum
3758 5188 3827 5242 te
3867 5176 4212 5258 pertineat,
4258 5195 4358 5240 se-
