4984 5975
470 287 684 357 xxx
1263 236 1266 239 ’
1642 272 2187 353 rnAomA'ms
2231 273 2819 344 rHaoLoelol
2861 270 3306 341 monus,

469 474 629 541 VH.
687 471 1144 540 catechismus
1196 489 1349 535 oum
1399 467 1534 534 suis
1590 466 2057 552 appendicibus
2109 471 2177 530 et
2217 463 2542 547 Liturgia.
2630 461 2792 528 ΧΠ.
2861 459 3126 545 Scripta
3179 466 3409 527 contra
3449 462 3917 545 Anabaptistas
3971 469 4042 531 et
4081 463 4484 535 Libertinos.

468 587 663 654 XIV.
729 572 970 650 Libelli
1013 581 1095 647 de
1130 579 1418 646 vitandis
1462 578 2033 663 superstitionibus
2077 584 2144 642 et
2185 575 2486 643 XXX-II.
2535 574 2851 641 adversus
2893 572 3321 640 Hollandum.
3390 573 3602 641 Adest
3635 596 3812 655 vero,
3857 574 4147 659 adeoque
4189 577 4482 660 primum

469 698 690 764 locum
747 695 998 761 obtinet
1043 690 1711 777 Psychopannychia,
1777 689 1961 755 cuius
2014 689 2384 755 versionem
2438 686 2745 771 gallicam
2798 707 2971 753 anno
3037 689 3200 750 1558
3253 687 3544 770 primum
3596 686 3844 752 editam
3885 685 4015 753 Vir
4070 687 4479 755 clarissimus

471 810 600 897 ipsi
642 807 919 876 Calvino
962 803 1213 885 tribuit,
1257 804 1330 868 in
1372 824 1499 886 quo
1542 807 1618 866 ut
1659 801 1721 866 ei
1763 799 2218 877 assentiamur,
2264 821 2304 865 a
2346 798 2535 864 nobis
2574 798 2928 881 impetrare
2972 819 3108 863 non
3148 817 3513 880 possumus.

778 918 867 984 In
907 918 1105 984 rebus
1148 912 1672 999 orthographicis
1714 911 1925 977 editor
1963 920 2229 978 nostrae
2271 909 2506 976 aetatis
2548 929 2801 977 morem
2841 909 3102 994 saepius
3154 908 3451 993 respexit
3490 929 3691 993 quam
3742 909 3989 979 saeculi
4029 910 4263 978 decim'i
4305 912 4483 978 sexti

471 1029 1044 1110 consuetudinem3
1087 1028 1162 1093 in
1202 1024 1438 1110 quibus
1479 1021 1860 1089 ordinandis
1902 1021 2027 1089 etsi
2070 1021 2268 1087 aliam
2309 1022 2578 1087 omnino
2621 1020 2836 1107 legem
2871 1020 3065 1087 nobis
3117 1021 3508 1101 scribamus,
3565 1020 3624 1087 si
3679 1041 3879 1104 quem
3929 1024 4134 1090 finem
4191 1023 4314 1093 sibi
4367 1023 4481 1091 ille

469 1142 889 1230 proposuerit
928 1141 1000 1206 in
1041 1139 1211 1207 libro
1255 1157 1374 1202 suo
1417 1133 1670 1203 edendo
1705 1133 2208 1213 consideramus,
2253 1132 2397 1199 eius
2434 1133 2758 1199 rationem
2792 1150 2949 1197 sane
2984 1130 3443 1212 excusandam,
3487 1134 3622 1199 imo
3655 1131 4057 1200 laudandam
4091 1133 4473 1203 dixerimus.

2176 1530 2586 1617 CAPUT
2648 1532 2764 1615 H.

1011 1714 1473 1813 NOVAE
1527 1709 2211 1810 EDITIONIS
2268 1707 3006 1808 CONSILIUM
3054 1708 3228 1806 ΕΤ
3282 1709 3925 1809 SUBSIDIA.

782 1921 1022 1987 Paucis
1063 1917 1184 1984 tibi
1197 1968 1214 1997 ,
1269 1914 1588 1983 benevole
1631 1914 1852 1995 lector,
1906 1913 2247 1981 consilium
2289 1920 2591 1980 nostrum
2631 1912 2705 1978 in
2747 1932 2926 1979 nova
2978 1912 3439 1996 opusculorum
3482 1912 3750 1980 Oalvini
3804 1913 4088 1981 editione
4141 1914 4482 1985 condenda

471 2033 809 2100 declarare
849 2050 1214 2115 possumus,
1258 2027 1669 2112 paucioribus
1702 2027 1903 2093 etiam
1943 2023 2118 2091 idem‘
2151 2025 2272 2092 tibi
2315 2023 2789 2092 commendare.
2861 2023 3046 2091 Adeo
3089 2023 3372 2108 simplex
3414 2031 3484 2088 et
3524 2025 3763 2090 rationi
3802 2034 4321 2093 consentaneum
4361 2048 4482 2092 no·

474 2144 577 2212 bis
626 2165 770 2211 esse
813 2142 1092 2210 videtur.
1183 2141 1330 2206 Iam
1377 2139 1536 2206 satis
1580 2138 1827 2205 dictum
1870 2144 1971 2203 est
1984 2189 2000 2217 ,
2056 2156 2591 2221 unumquemque
2635 2142 2992 2204 tractatum
3029 2155 3107 2201 eo
3151 2156 3449 2205 sermone
3494 2157 3799 2203 recusum
3840 2138 3924 2202 iri
3965 2158 4096 2221 quo
4139 2137 4299 2204 olim
4342 2138 4480 2222 pri-
4560 2188 4563 2191 -

471 2276 663 2324 mum
715 2252 930 2321 editus
984 2252 1213 2331 tuerit,
1266 2252 1662 2335 minimeque
1712 2252 1900 2317 nobis
1942 2250 2012 2315 in
2062 2248 2281 2315 animo
2323 2269 2468 2315 esse
2508 2256 2589 2314 ut
2629 2248 2843 2313 Besae
2885 2245 3260 2331 exemplum
3314 2247 3570 2331 sequuti
3614 2247 3721 2316 vel
3774 2248 3845 2315 in
3884 2247 4235 2316 Gallorum
4268 2269 4475 2321 *usum

470 2368 590 2452 qui
630 2367 797 2434 forte
838 2365 1058 2430 minus
1093 2362 1266 2431 docti
1302 2363 1564 2444 fixerint,
1610 2361 1834 2429 omnia
1866 2363 2161 2445 ipsorum
2201 2360 2436 2445 lingua
2468 2360 2756 2437 edamus,
2800 2358 2910 2426 vel
2952 2360 3023 2425 in
3058 2365 3436 2427 exterorum
3470 2358 3902 2441 commodum,
3947 2362 4060 2445 qui
4101 2361 4268 2428 forte
4310 2363 4484 2435 hane

473 2498 612 2546 non
653 2478 1022 2554 calluerint,
1045 2476 1294 2542 ,omnia
1341 2474 1548 2541 latina
1596 2474 1928 2541 faciamus.
2019 2472 2377 2539 Calvinum
2421 2473 2643 2555 ipsum
2687 2479 2755 2537 et
2788 2472 3180 2557 genuinum,
3232 2491 3367 2536 non
3409 2470 3626 2537 aliena
3668 2479 3854 2539 veste
3894 2470 4201 2543 indutum
4243 2480 4312 2541 et
4352 2474 4481 2540 sibi
4547 2527 4558 2538 .

476 2589 857 2658 dissimilem
898 2587 1263 2671 posteritati
1296 2585 1558 2653 tradere
1591 2586 1909 2653 volumus.
1979 2585 2073 2650 Et
2114 2583 2288 2667 quod
2327 2582 2630 2650 nonnulli
2672 2583 3102 2661 somniarunt,
3158 2580 3349 2646 illum
3382 2581 3583 2648 talem
3626 2590 3694 2649 et
3734 2589 3995 2651 tantum
4026 2584 4269 2665 virum,
4312 2591 4483 2652 tam-

475 2724 606 2788 que
645 2701 873 2768 multis
913 2700 1090 2767 curis
1130 2706 1201 2765 et
1239 2697 1519 2784 negotiis
1563 2696 1971 2775 distractum,
2018 2696 2153 2762 suis
2195 2694 2457 2779 scriptis
2501 2715 2585 2761 ex
2623 2694 2831 2759 altera
2872 2693 3101 2778 lingua
3140 2693 3212 2758 ιιι
3254 2691 3530 2761 alteram
3551 2694 3886 2762 vertendis
3918 2717 4185 2779 operam
4227 2698 4482 2782 impen-

480 2814 683 2894 disse,
740 2818 892 2897 post
930 2831 1009 2877 ea
1062 2831 1227 2894 quae
1275 2808 1346 2875 in
1402 2810 1545 2875 eius
1586 2807 2135 2889 Institutione
2189 2804 2537 2873 tractanda
2587 2826 2800 2890 nuper
2838 2805 3033 2889 plane
3085 2804 3408 2871 contraria
3458 2805 3900 2890 comperimus
3950 2815 4018 2873 et
4069 2807 4481 2877 demonstra·-

475 2927 710 3006 vimus,
754 2923 825 2990 id
866 2923 1056 2990 nobis
1096 2921 1278 2989 nullo
1318 2918 1510 2987 modo
1551 2918 1935 3004 persuaderi
1974 2918 2333 3004 patiemur,
2391 2922 2486 2998 et,
2544 2916 2661 2983 ubi
2703 2939 2741 2982 e
2785 2938 2859 2983 re
2910 2916 3139 2997 fuerit,
3196 2916 3464 2982 omnino
3517 2938 3866 2985 erroneum
3918 2923 3988 2987 et
4036 2921 4489 3066 respuendum

475 3058 621 3105 esse
663 3038 803 3104 suis
845 3035 1002 3101 locis
1043 3033 1383 3121 sigillatim
1424 3033 1860 3100 ostendemus.

785 3147 1042 3214 Verum
1084 3146 1246 3212 dum
1284 3145 1368 3212 de
1402 3145 1509 3212 his
1549 3142 1703 3212 inde
1756 3143 1840 3210 ab
1892 3143 2081 3211 initio
2122 3143 2299 3209 inter
2340 3164 2461 3209 nos
2504 3164 2591 3209 ne
2634 3142 2981 3209 minimum
3022 3139 3287 3226 quidem
3329 3140 3603 3209 dubium
3644 3143 3933 3224 exstitit,
3988 3144 4183 3229 paqu
4229 3145 4481 3216 diutius

478 3260 814 3328 haesimus
856 3259 1072 3344 quoad
1111 3256 1411 3324 ordinem
1450 3256 1821 3324 libellorum
1862 3255 2377 3323 calvinianorum
2418 3255 2492 3319 in
2534 3253 2660 3320 hac
2700 3274 2875 3321 nova
2907 3253 3284 3320 collectione
3320 3252 3870 3322 constituendum.
3931 3253 4132 3336 Olim,
4175 3257 4480 3339 fatemur,

478 3394 615 3440 non
656 3391 890 3456 parum
924 3368 1253 3436 arridebat
1293 3369 1510 3436 Bezae
1546 3366 1880 3451 dispositio
1922 3368 1998 3433 in
2036 3367 2242 3433 latina
2279 3387 2407 3432 sua
2447 3364 2730 3433 editione
2773 3364 3034 3450 singula
3072 3365 3315 3449 scripta
3356 3386 3476 3448 pro
3517 3375 3902 3450 argumento
3944 3368 4018 3433 in
4059 3374 4273 3436 certas
4314 3369 4483 3438 clas·

481 3505 590 3552 ses
641 3481 984 3549 referentis
1036 3488 1104 3547 et
1156 3481 1227 3547 in
1271 3480 1589 3548 lectorum
1640 3478 2052 3546 commodum
2105 3477 2426 3545 similibus
2477 3478 2814 3564 iungentis
2866 3475 3125 3544 similia.
3217 3474 3354 3544 Sed
3396 3497 3468 3543 re
3524 3478 3892 3545 accuratius
3944 3499 4233 3563 expensa
4288 3501 4329 3546 a
4364 3481 4485 3547 tali

479 3593 751 3664 consilio
790 3593 1177 3660 destitimus.
1264 3591 1491 3677 Ipsam
1545 3592 1724 3658 enim
1764 3590 1981 3657 Bezae
2023 3590 2412 3657 divisionem
2449 3588 2751 3674 pluribus
2792 3587 3167 3658 nominibus
3206 3589 3621 3656 arbitrariam
3676 3597 3747 3654 et
3784 3591 4006 3657 minus
4049 3597 4298 3658 rectam
4338 3613 4484 3659 esse

479 3706 922 3791 cognovimus.
1009 3704 1352 3772 Facillime
1410 3701 1675 3788 quidem
1690 3753 1707 3782 ,
1762 3723 1975 3787 neque
2015 3700 2424 3769 incommode
2437 3753 2453 3781 ,
2509 3707 2829 3768 tractatus
2883 3706 3115 3767 contra
3153 3700 3538 3767 Pontificios
3590 3700 3831 3781 editos,
3888 3708 3963 3768 ut
4004 3700 4128 3769 hoc
4180 3701 4483 3786 exemplo

481 3826 769 3897 utamur,
813 3823 928 3883 aut
968 3825 1197 3884 contra
1238 3814 1779 3896 Antitrinitarios,
1824 3835 1866 3879 a
1905 3814 2179 3880 caeteris
2222 3819 2559 3897 separatos
2603 3831 2721 3879 suo
2763 3811 3024 3899 proprio
3064 3811 3205 3878 loco
3248 3833 3591 3879 reservare
3632 3818 3915 3896 poterat:
3958 3811 4079 3880 sed
4121 3833 4248 3896 quo
4289 3819 4483 3898 pacto

482 3930 852 4015 dogmatica
906 3950 948 3994 a
997 3927 1329 4011 polemicis
1384 3926 1787 4011 distinguere
1830 3936 2105 3993 conatus
2146 3926 2250 4005 sit,
2296 3925 2391 3990 ita
2433 3930 2513 3990 ut
2554 3925 2631 3990 in
2672 3932 2951 4007 utraque
2992 3922 3394 3990 collectionis
3434 3924 3573 3991 eius
3614 3930 3805 4008 parte
3847 3923 4091 4007 scripta
4132 3933 4482 3993 occurrant

483 4041 568 4107 de
610 4060 814 4107 coena
852 4039 1153 4119 Domini,
1198 4057 1323 4105 nec
1364 4058 1494 4103 non
1539 4036 1622 4103 de
1663 4034 2080 4104 reformanda
2120 4035 2422 4116 ecclesia,
2484 4035 2631 4102 iure
2674 4035 2910 4119 aliquis
2953 4035 3321 4118 quaesierit.
3407 4035 3643 4115 Plura,
3699 4036 3757 4102 si
3796 4035 3970 4103 iuste
4011 4037 4481 4120 aestimaveris,

484 4160 626 4219 tam
669 4150 1022 4237 singularis
1059 4150 1431 4236 argumenti
1474 4156 1646 4229 sunt,
1693 4148 1980 4234 adeoque
2023 4169 2065 4214 a
2105 4147 2373 4232 reliquis
2417 4147 2696 4226 diversa,
2741 4153 2822 4213 ut
2862 4146 2985 4213 sibi
3027 4146 3167 4213 sola
3198 4146 3476 4214 classem
3509 4147 3795 4234 aliquam
3836 4147 4268 4228 constituant,
4310 4149 4485 4233 quod

480 4263 702 4348 ipsum
745 4263 991 4336 Bezam
1041 4262 1109 4327 in
1163 4260 1332 4328 libro
1389 4260 1470 4327 de
1515 4260 1894 4347 Astrologia
1940 4261 2284 4346 agnovisse
2329 4258 2646 4340 videmus,
2702 4260 2777 4325 in
2818 4258 2964 4326 aliis
3015 4280 3150 4325 non
3193 4259 3474 4326 sensisse
3526 4260 3864 4326 miramur.
3953 4256 4067 4325 Sic
4109 4260 4287 4344 apud
4308 4271 4484 4330 'eum

480 4374 648 4442 liber
691 4374 772 4441 de
807 4371 1148 4440 Scandalis
1188 4371 1478 4438 medium
1511 4372 1726 4439 locum
1767 4373 1943 4439 inter
1982 4371 2472 4440 catechismum
2508 4379 2577 4439 et
2608 4371 3103 4438 Confessionem
3143 4370 3424 4451 obtinet3
3467 4371 3560 4438 sic
3603 4390 3869 4437 carmen
3899 4370 4272 4455 Epiniciom
4317 4387 4485 4457 quae

481 4492 589 4553 est
627 4485 873 4570 pagina
911 4486 1085 4560 inter
1124 4483 1495 4551 calviniana
1533 4491 1958 4552 monumenta
1995 4484 2193 4568 plane
2234 4484 2602 4568 mculiaris,
2647 4484 2822 4550 inter
2863 4482 3231 4569 dogmatica
3271 4481 3517 4567 legitur
3557 4488 3709 4566 post
3751 4481 4010 4549 Coenae
4053 4469 4368 4565 libellum,
4412 4491 4488 4551 ut

480 4597 701 4664 locum
742 4616 935 4663 suum
976 4616 1159 4661 mero
1208 4615 1368 4662 casu
1411 4603 1681 4664 nactum
1721 4617 1865 4663 csse
1910 4594 2222 4662 videatur.
2310 4595 2500 4662 Haec
2549 4595 2758 4680 igitur
2810 4593 3152 4678 dispositio
3206 4594 3321 4660 vix
3355 4593 3683 4662 servanda
3722 4594 3956 4661 fuisset
3997 4595 4055 4660 si
4097 4595 4486 4680 simpliciter

483 4708 568 4775 de
610 4708 986 4775 collectione
1019 4707 1283 4774 Bezana
1324 4706 1698 4774 recudenda
1738 4708 2235 4793 cogitassemus,
2220 4731 2234 4746 ·
2280 4729 2513 4774 verum
2547 4728 2751 4790 quum
2782 4707 2911 4790 ipsi
2953 4704 3272 4772 nonnulla
3314 4727 3355 4770 a
3387 4703 3599 4772 veteri
3641 4703 3890 4772 editore
3932 4706 4175 4773 omissa
4212 4706 4487 4772 caeteris

485 4820 727 4886 addere
769 4820 958 4886 nobis
999 4821 1543 4903 proposuerimus,
1589 4818 1695 4887 his
1738 4819 1846 4886 vel
1886 4839 2094 4885 novos
2137 4818 2447 4885 classium
2488 4818 2713 4885 titulos
2753 4819 2965 4885 facere
2997 4817 3407 4900 oportuisset,
3450 4816 3561 4882 vel
3601 4816 3900 4901 pristinis
3943 4818 4225 4885 servatis
4264 4816 4487 4884 minus

481 4937 645 5016 apta
676 4939 891 4999 castra
931 4933 1308 5020 assignare.
1368 4930 1629 5014 Quibus
1663 4929 1746 4997 de
1787 4930 2000 4998 causis
2042 4930 2260 5014 potius
2304 4949 2451 4996 eam
2494 4931 2823 4996 rationem
2859 4926 3257 5013 sequendam
3292 4928 3600 4995 duximus
3643 4950 3813 5013 quae
3854 4936 3923 4996 et
3965 4928 4257 4997 631188ιο
4294 4926 4489 4998 adeo-

483 5064 614 5127 que
646 5043 775 5129 ipsi
811 5024 1024 5109 Bezae
1065 5044 1140 5110 ιιι
1181 5066 1304 5112 sua
1347 5043 1632 5110 editione
1675 5030 1910 5128 gallica
1948 5042 2311 5126 placuerat,
2371 5040 2621 5109 scilicet
2661 5045 2738 5107 ut
2775 5039 3103 5106 annosum
3142 5047 3446 5125 respectu
3485 5040 3711 5109 habito
3769 5043 4119 5126 unicuique
4176 5041 4489 5125 opusculo

481 5155 706 5223 locum
755 5175 949 5222 suum
999 5177 1118 5240 pro
1172 5155 1492 5223 natalium
1546 5153 1753 5238 ipsius
1801 5153 1945 5219 iure
1988 5153 2312 5222 daremus.
2395 5151 2544 5219 'Pali
2594 5151 2822 5218 ordine
2879 5152 3107 5219 stricte
3158 5153 3506 5221 observato
3549 5153 3813 5221 Oalvini
3853 5153 4139 5232 labores,
4199 5158 4267 5219 et
4307 5153 4497 5220 omni
