<?xml version="1.0" encoding="UTF-8"?>
<!DOCTYPE html PUBLIC "-//W3C//DTD XHTML 1.0 Transitional//EN"
    "http://www.w3.org/TR/xhtml1/DTD/xhtml1-transitional.dtd">
<html xmlns="http://www.w3.org/1999/xhtml" xml:lang="en" lang="en">
 <head>
  <title>
</title>
<meta http-equiv="Content-Type" content="text/html;charset=utf-8" />
  <meta name='ocr-system' content='tesseract 3.04.00' />
  <meta name='ocr-capabilities' content='ocr_page ocr_carea ocr_par ocr_line ocrx_word'/>
</head>
<body>
  <div class='ocr_page' id='page_1' title='image "./ioanniscalvinio14unkngoog_0152.png"; bbox 0 0 4984 5975; ppageno 0'>
   <div class='ocr_carea' id='block_1_1' title="bbox 600 315 723 377">
    <p class='ocr_par' dir='ltr' id='par_1_1' title="bbox 600 315 723 377">
     <span class='ocr_line' id='line_1_1' title="bbox 600 315 723 377; baseline 0.016 -3"><span class='ocrx_word' id='word_1_1' title='bbox 600 315 723 377; x_wconf 82' lang='lat'><strong>179</strong></span> 
     </span>
    </p>
   </div>
   <div class='ocr_carea' id='block_1_2' title="bbox 522 483 2564 3057">
    <p class='ocr_par' dir='ltr' id='par_1_2' title="bbox 522 483 2564 3057">
     <span class='ocr_line' id='line_1_2' title="bbox 602 483 2556 576; baseline -0.007 -13"><span class='ocrx_word' id='word_1_2' title='bbox 602 497 727 563; x_wconf 92' lang='lat' dir='ltr'><strong>sibi</strong></span> <span class='ocrx_word' id='word_1_3' title='bbox 781 497 933 561; x_wconf 92' lang='lat' dir='ltr'><strong>inde</strong></span> <span class='ocrx_word' id='word_1_4' title='bbox 980 500 1319 576; x_wconf 86' lang='lat' dir='ltr'><strong>tantopere</strong></span> <span class='ocrx_word' id='word_1_5' title='bbox 1376 491 1705 574; x_wconf 74' lang='lat' dir='ltr'>placeant:</span> <span class='ocrx_word' id='word_1_6' title='bbox 1765 487 2087 572; x_wconf 90' lang='lat' dir='ltr'><strong>siquidem</strong></span> <span class='ocrx_word' id='word_1_7' title='bbox 2143 483 2556 552; x_wconf 88' lang='lat' dir='ltr'><strong>animadver-</strong></span> 
     </span>
     <span class='ocr_line' id='line_1_3' title="bbox 601 575 2554 659; baseline -0.008 -9"><span class='ocrx_word' id='word_1_8' title='bbox 601 592 741 650; x_wconf 82' lang='lat' dir='ltr'><strong>tere</strong></span> <span class='ocrx_word' id='word_1_9' title='bbox 777 581 1126 655; x_wconf 89' lang='lat' dir='ltr'><strong>debebant,</strong></span> <span class='ocrx_word' id='word_1_10' title='bbox 1169 577 1305 642; x_wconf 89' lang='lat' dir='ltr'><strong>illio</strong></span> <span class='ocrx_word' id='word_1_11' title='bbox 1359 575 1845 659; x_wconf 72' lang='lat' dir='ltr'><strong>metonymiccfi&#39;s</strong></span> <span class='ocrx_word' id='word_1_12' title='bbox 1871 577 1923 658; x_wconf 88' lang='lat'><strong>¹)</strong></span> <span class='ocrx_word' id='word_1_13' title='bbox 1981 575 2240 640; x_wconf 90' lang='lat' dir='ltr'><strong>animae</strong></span> <span class='ocrx_word' id='word_1_14' title='bbox 2295 591 2554 649; x_wconf 91' lang='lat' dir='ltr'><strong>nomen,</strong></span> 
     </span>
     <span class='ocr_line' id='line_1_4' title="bbox 602 656 2557 753; baseline -0.006 -19"><span class='ocrx_word' id='word_1_15' title='bbox 602 689 722 753; x_wconf 90' lang='lat' dir='ltr'><strong>pro</strong></span> <span class='ocrx_word' id='word_1_16' title='bbox 756 667 898 732; x_wconf 88' lang='lat' dir='ltr'><strong>vita</strong></span> <span class='ocrx_word' id='word_1_17' title='bbox 930 664 1266 746; x_wconf 85' lang='lat' dir='ltr'><strong>usurpari:</strong></span> <span class='ocrx_word' id='word_1_18' title='bbox 1304 659 1477 746; x_wconf 92' lang='lat' dir='ltr'><strong>quod</strong></span> <span class='ocrx_word' id='word_1_19' title='bbox 1513 662 1732 725; x_wconf 90' lang='lat' dir='ltr'><strong>anima</strong></span> <span class='ocrx_word' id='word_1_20' title='bbox 1766 681 1965 727; x_wconf 92' lang='lat' dir='ltr'><strong>causa</strong></span> <span class='ocrx_word' id='word_1_21' title='bbox 1999 662 2086 725; x_wconf 91' lang='lat' dir='ltr'><strong>sit</strong></span> <span class='ocrx_word' id='word_1_22' title='bbox 2118 659 2313 735; x_wconf 73' lang='lat' dir='ltr'><strong>vitae,</strong></span> <span class='ocrx_word' id='word_1_23' title='bbox 2352 656 2557 740; x_wconf 90' lang='lat' dir='ltr'><strong>quod-</strong></span> 
     </span>
     <span class='ocr_line' id='line_1_5' title="bbox 604 743 2559 838; baseline -0.006 -20"><span class='ocrx_word' id='word_1_24' title='bbox 604 774 731 838; x_wconf 89' lang='lat' dir='ltr'><strong>que</strong></span> <span class='ocrx_word' id='word_1_25' title='bbox 753 753 892 817; x_wconf 89' lang='lat' dir='ltr'><strong>vita</strong></span> <span class='ocrx_word' id='word_1_26' title='bbox 913 756 1166 817; x_wconf 86' lang='lat' dir='ltr'><strong>constet</strong></span> <span class='ocrx_word' id='word_1_27' title='bbox 1188 747 1435 812; x_wconf 88' lang='lat' dir='ltr'><strong>anima:</strong></span> <span class='ocrx_word' id='word_1_28' title='bbox 1474 766 1670 829; x_wconf 88' lang='lat' dir='ltr'><strong>quam</strong></span> <span class='ocrx_word' id='word_1_29' title='bbox 1707 748 1990 830; x_wconf 87' lang='lat' dir='ltr'><strong>figuram</strong></span> <span class='ocrx_word' id='word_1_30' title='bbox 2024 748 2198 811; x_wconf 90' lang='lat' dir='ltr'><strong>inter</strong></span> <span class='ocrx_word' id='word_1_31' title='bbox 2233 743 2559 809; x_wconf 86' lang='lat' dir='ltr'><strong>elementa</strong></span> 
     </span>
     <span class='ocr_line' id='line_1_6' title="bbox 522 830 2559 923; baseline -0.005 -20"><span class='ocrx_word' id='word_1_32' title='bbox 522 837 592 892; x_wconf 70' lang='lat' dir='ltr'><em>s</em></span> <span class='ocrx_word' id='word_1_33' title='bbox 601 838 790 923; x_wconf 91' lang='lat' dir='ltr'><strong>pueri</strong></span> <span class='ocrx_word' id='word_1_34' title='bbox 845 856 1102 919; x_wconf 93' lang='lat' dir='ltr'><strong>quoque</strong></span> <span class='ocrx_word' id='word_1_35' title='bbox 1157 833 1556 917; x_wconf 89' lang='lat' dir='ltr'><strong>perdiscunt.</strong></span> <span class='ocrx_word' id='word_1_36' title='bbox 1657 831 1824 914; x_wconf 80' lang='lat' dir='ltr'><strong>Quis</strong></span> <span class='ocrx_word' id='word_1_37' title='bbox 1879 853 2034 899; x_wconf 89' lang='lat' dir='ltr'><strong>vero</strong></span> <span class='ocrx_word' id='word_1_38' title='bbox 2089 852 2224 895; x_wconf 91' lang='lat' dir='ltr'><strong>non</strong></span> <span class='ocrx_word' id='word_1_39' title='bbox 2280 830 2559 893; x_wconf 87' lang='lat' dir='ltr'><strong>miretur</strong></span> 
     </span>
     <span class='ocr_line' id='line_1_7' title="bbox 602 915 2556 1000; baseline -0.007 -10"><span class='ocrx_word' id='word_1_40' title='bbox 602 931 859 989; x_wconf 87' lang='lat' dir='ltr'><strong>tantam</strong></span> <span class='ocrx_word' id='word_1_41' title='bbox 891 920 1236 985; x_wconf 91' lang='lat' dir='ltr'><strong>hominum</strong></span> <span class='ocrx_word' id='word_1_42' title='bbox 1271 916 1746 996; x_wconf 88' lang='lat' dir='ltr'><strong>confidentiam,</strong></span> <span class='ocrx_word' id='word_1_43' title='bbox 1774 918 1886 1000; x_wconf 91' lang='lat' dir='ltr'><strong>qui</strong></span> <span class='ocrx_word' id='word_1_44' title='bbox 1908 925 1975 982; x_wconf 91' lang='lat' dir='ltr'><strong>et</strong></span> <span class='ocrx_word' id='word_1_45' title='bbox 1993 916 2116 982; x_wconf 91' lang='lat' dir='ltr'><strong>sibi</strong></span> <span class='ocrx_word' id='word_1_46' title='bbox 2151 915 2232 980; x_wconf 91' lang='lat' dir='ltr'><strong>de</strong></span> <span class='ocrx_word' id='word_1_47' title='bbox 2268 936 2338 981; x_wconf 90' lang='lat' dir='ltr'><strong>se</strong></span> <span class='ocrx_word' id='word_1_48' title='bbox 2372 935 2556 996; x_wconf 85' lang='lat' dir='ltr'><strong>mag-</strong></span> 
     </span>
     <span class='ocr_line' id='line_1_8' title="bbox 601 997 2556 1090; baseline -0.006 -16"><span class='ocrx_word' id='word_1_49' title='bbox 601 1030 764 1075; x_wconf 92' lang='lat' dir='ltr'><strong>num</strong></span> <span class='ocrx_word' id='word_1_50' title='bbox 808 1005 1060 1090; x_wconf 85' lang='lat' dir='ltr'><strong>aliquid</strong></span> <span class='ocrx_word' id='word_1_51' title='bbox 1120 1002 1592 1088; x_wconf 80' lang='lat' dir='ltr'><strong>persuadeant,</strong></span> <span class='ocrx_word' id='word_1_52' title='bbox 1650 1013 1846 1087; x_wconf 88' lang='lat' dir='ltr'><strong>atque</strong></span> <span class='ocrx_word' id='word_1_53' title='bbox 1892 1003 2038 1067; x_wconf 88' lang='lat' dir='ltr'><strong>aliis</strong></span> <span class='ocrx_word' id='word_1_54' title='bbox 2093 1001 2294 1066; x_wconf 89' lang='lat' dir='ltr'><strong>etiam</strong></span> <span class='ocrx_word' id='word_1_55' title='bbox 2347 997 2556 1064; x_wconf 89' lang='lat' dir='ltr'><strong>videri</strong></span> 
     </span>
     <span class='ocr_line' id='line_1_9' title="bbox 602 1083 2556 1174; baseline -0.006 -14"><span class='ocrx_word' id='word_1_56' title='bbox 602 1095 844 1172; x_wconf 87' lang='lat' dir='ltr'><strong>velint,</strong></span> <span class='ocrx_word' id='word_1_57' title='bbox 902 1092 1016 1174; x_wconf 91' lang='lat' dir='ltr'><strong>qui</strong></span> <span class='ocrx_word' id='word_1_58' title='bbox 1069 1098 1295 1154; x_wconf 88' lang='lat' dir='ltr'><strong>tamen</strong></span> <span class='ocrx_word' id='word_1_59' title='bbox 1352 1088 1626 1153; x_wconf 85' lang='lat' dir='ltr'><strong>docendi</strong></span> <span class='ocrx_word' id='word_1_60' title='bbox 1679 1097 1837 1153; x_wconf 90' lang='lat' dir='ltr'><strong>sunt</strong></span> <span class='ocrx_word' id='word_1_61' title='bbox 1879 1099 2097 1171; x_wconf 89' lang='lat' dir='ltr'><strong>tropos</strong></span> <span class='ocrx_word' id='word_1_62' title='bbox 2140 1094 2209 1152; x_wconf 89' lang='lat' dir='ltr'><strong>et</strong></span> <span class='ocrx_word' id='word_1_63' title='bbox 2249 1083 2556 1168; x_wconf 90' lang='lat' dir='ltr'><strong>loquendi</strong></span> 
     </span>
     <span class='ocr_line' id='line_1_10' title="bbox 603 1169 2555 1257; baseline -0.006 -12"><span class='ocrx_word' id='word_1_64' title='bbox 603 1177 976 1246; x_wconf 75' lang='lat' dir='ltr'><strong>schemata?</strong></span> <span class='ocrx_word' id='word_1_65' title='bbox 1059 1175 1319 1241; x_wconf 78' lang='lat' dir='ltr'>Scimus</span> <span class='ocrx_word' id='word_1_66' title='bbox 1355 1183 1423 1238; x_wconf 91' lang='lat' dir='ltr'><strong>et</strong></span> <span class='ocrx_word' id='word_1_67' title='bbox 1471 1196 1588 1257; x_wconf 87' lang='lat' dir='ltr'><strong>pro</strong></span> <span class='ocrx_word' id='word_1_68' title='bbox 1624 1174 1961 1239; x_wconf 89' lang='lat' dir='ltr'><strong>voluntate</strong></span> <span class='ocrx_word' id='word_1_69' title='bbox 1998 1194 2114 1238; x_wconf 92' lang='lat' dir='ltr'><strong>seu</strong></span> <span class='ocrx_word' id='word_1_70' title='bbox 2130 1175 2189 1255; x_wconf 80' lang='lat'><strong>²)</strong></span> <span class='ocrx_word' id='word_1_71' title='bbox 2234 1169 2555 1236; x_wconf 89' lang='lat' dir='ltr'><strong>desiderio</strong></span> 
     </span>
     <span class='ocr_line' id='line_1_11' title="bbox 605 1256 2555 1347; baseline -0.008 -14"><span class='ocrx_word' id='word_1_72' title='bbox 605 1265 829 1347; x_wconf 89' lang='lat' dir='ltr'><strong>accipi,</strong></span> <span class='ocrx_word' id='word_1_73' title='bbox 874 1284 1009 1328; x_wconf 93' lang='lat' dir='ltr'><strong>non</strong></span> <span class='ocrx_word' id='word_1_74' title='bbox 1056 1261 1355 1328; x_wconf 85' lang='lat' dir='ltr'><strong>absimili·</strong></span> <span class='ocrx_word' id='word_1_75' title='bbox 1381 1259 1658 1324; x_wconf 88' lang='lat' dir='ltr'><strong>ratione:</strong></span> <span class='ocrx_word' id='word_1_76' title='bbox 1705 1279 1940 1342; x_wconf 86' lang='lat' dir='ltr'><strong>nempe</strong></span> <span class='ocrx_word' id='word_1_77' title='bbox 1998 1259 2151 1341; x_wconf 89' lang='lat' dir='ltr'><strong>quia</strong></span> <span class='ocrx_word' id='word_1_78' title='bbox 2194 1256 2555 1324; x_wconf 85' lang='lat' dir='ltr'><strong>voluntatis</strong></span> 
     </span>
     <span class='ocr_line' id='line_1_12' title="bbox 606 1343 2554 1425; baseline -0.006 -10"><span class='ocrx_word' id='word_1_79' title='bbox 606 1359 673 1417; x_wconf 85' lang='lat' dir='ltr'><strong>et</strong></span> <span class='ocrx_word' id='word_1_80' title='bbox 708 1349 1011 1414; x_wconf 87' lang='lat' dir='ltr'><strong>desiderii</strong></span> <span class='ocrx_word' id='word_1_81' title='bbox 1058 1347 1244 1412; x_wconf 91' lang='lat' dir='ltr'><strong>sedes</strong></span> <span class='ocrx_word' id='word_1_82' title='bbox 1301 1355 1415 1410; x_wconf 85' lang='lat' dir='ltr'><strong>est.</strong></span> <span class='ocrx_word' id='word_1_83' title='bbox 1508 1344 1659 1425; x_wconf 80' lang='lat' dir='ltr'><strong>Quo</strong></span> <span class='ocrx_word' id='word_1_84' title='bbox 1715 1365 1914 1422; x_wconf 90' lang='lat' dir='ltr'><strong>sensu</strong></span> <span class='ocrx_word' id='word_1_85' title='bbox 1951 1343 2125 1410; x_wconf 90' lang='lat' dir='ltr'><strong>dicta</strong></span> <span class='ocrx_word' id='word_1_86' title='bbox 2178 1350 2280 1408; x_wconf 88' lang='lat' dir='ltr'><strong>est</strong></span> <span class='ocrx_word' id='word_1_87' title='bbox 2334 1343 2554 1405; x_wconf 92' lang='lat' dir='ltr'><strong>anima</strong></span> 
     </span>
     <span class='ocr_line' id='line_1_13' title="bbox 602 1428 2553 1516; baseline -0.007 -14"><span class='ocrx_word' id='word_1_88' title='bbox 602 1435 920 1502; x_wconf 87' lang='lat' dir='ltr'><strong>Ionathae</strong></span> <span class='ocrx_word' id='word_1_89' title='bbox 941 1433 1393 1516; x_wconf 71' lang='lat' dir='ltr'><strong>conglutinata</strong></span> <span class='ocrx_word' id='word_1_90' title='bbox 1413 1432 1669 1496; x_wconf 89' lang='lat' dir='ltr'><strong>animae</strong></span> <span class='ocrx_word' id='word_1_91' title='bbox 1687 1428 1965 1497; x_wconf 89' lang='lat' dir='ltr'><strong>Davidis</strong></span> <span class='ocrx_word' id='word_1_92' title='bbox 1988 1429 2051 1512; x_wconf 96' lang='lat' dir='ltr'><strong>(l</strong></span> <span class='ocrx_word' id='word_1_93' title='bbox 2096 1428 2273 1494; x_wconf 82' lang='lat' dir='ltr'><strong>Sam.</strong></span> <span class='ocrx_word' id='word_1_94' title='bbox 2319 1430 2415 1506; x_wconf 87' lang='grc'><strong>18,</strong></span> <span class='ocrx_word' id='word_1_95' title='bbox 2453 1428 2523 1510; x_wconf 89' lang='lat'><strong>1)</strong></span> <span class='ocrx_word' id='word_1_96' title='bbox 2537 1449 2553 1504; x_wconf 90' lang='lat'>;</span> 
     </span>
     <span class='ocr_line' id='line_1_14' title="bbox 605 1512 2554 1594; baseline -0.006 -7"><span class='ocrx_word' id='word_1_97' title='bbox 605 1531 673 1588; x_wconf 90' lang='lat' dir='ltr'><strong>et</strong></span> <span class='ocrx_word' id='word_1_98' title='bbox 716 1521 936 1585; x_wconf 89' lang='lat' dir='ltr'><strong>anima</strong></span> <span class='ocrx_word' id='word_1_99' title='bbox 984 1517 1248 1584; x_wconf 75' lang='lat' dir='ltr'><strong>Sichem</strong></span> <span class='ocrx_word' id='word_1_100' title='bbox 1295 1516 1666 1582; x_wconf 77' lang='lat' dir='ltr'><strong>adhaesisse</strong></span> <span class='ocrx_word' id='word_1_101' title='bbox 1725 1537 1876 1582; x_wconf 90' lang='lat' dir='ltr'><strong>cum</strong></span> <span class='ocrx_word' id='word_1_102' title='bbox 1918 1515 2133 1594; x_wconf 90' lang='lat' dir='ltr'><strong>Dina,</strong></span> <span class='ocrx_word' id='word_1_103' title='bbox 2178 1513 2316 1578; x_wconf 90' lang='lat' dir='ltr'><strong>filia</strong></span> <span class='ocrx_word' id='word_1_104' title='bbox 2358 1512 2554 1578; x_wconf 81' lang='lat' dir='ltr'><strong>Iacob</strong></span> 
     </span>
     <span class='ocr_line' id='line_1_15' title="bbox 610 1595 2555 1691; baseline -0.006 -19"><span class='ocrx_word' id='word_1_105' title='bbox 610 1607 806 1691; x_wconf 82' lang='lat' dir='ltr'><strong>(Gen.</strong></span> <span class='ocrx_word' id='word_1_106' title='bbox 859 1609 959 1682; x_wconf 88' lang='grc'><strong>34,</strong></span> <span class='ocrx_word' id='word_1_107' title='bbox 1000 1604 1095 1684; x_wconf 85' lang='grc'><strong>3);</strong></span> <span class='ocrx_word' id='word_1_108' title='bbox 1137 1611 1203 1667; x_wconf 89' lang='lat' dir='ltr'><strong>et</strong></span> <span class='ocrx_word' id='word_1_109' title='bbox 1241 1604 1461 1668; x_wconf 90' lang='lat' dir='ltr'><strong>Lucas</strong></span> <span class='ocrx_word' id='word_1_110' title='bbox 1498 1600 1656 1666; x_wconf 89' lang='lat' dir='ltr'><strong>dicit</strong></span> <span class='ocrx_word' id='word_1_111' title='bbox 1692 1602 1867 1684; x_wconf 89' lang='lat' dir='ltr'><strong>(Act.</strong></span> <span class='ocrx_word' id='word_1_112' title='bbox 1908 1605 1967 1676; x_wconf 88' lang='lat'><strong>4,</strong></span> <span class='ocrx_word' id='word_1_113' title='bbox 2010 1600 2141 1680; x_wconf 86' lang='lat'><strong>32),</strong></span> <span class='ocrx_word' id='word_1_114' title='bbox 2187 1595 2555 1664; x_wconf 88' lang='lat' dir='ltr'><strong>multitudi-</strong></span> 
     </span>
     <span class='ocr_line' id='line_1_16' title="bbox 605 1685 2554 1757; baseline -0.006 0"><span class='ocrx_word' id='word_1_115' title='bbox 605 1694 710 1757; x_wconf 88' lang='lat' dir='ltr'><strong>nis</strong></span> <span class='ocrx_word' id='word_1_116' title='bbox 751 1690 1160 1757; x_wconf 88' lang='lat' dir='ltr'><strong>credentium</strong></span> <span class='ocrx_word' id='word_1_117' title='bbox 1208 1689 1410 1753; x_wconf 88' lang='lat' dir='ltr'><strong>fuisse</strong></span> <span class='ocrx_word' id='word_1_118' title='bbox 1466 1709 1576 1753; x_wconf 87' lang='lat' dir='ltr'><strong>eor</strong></span> <span class='ocrx_word' id='word_1_119' title='bbox 1629 1707 1840 1751; x_wconf 90' lang='lat' dir='ltr'><strong>unum</strong></span> <span class='ocrx_word' id='word_1_120' title='bbox 1886 1693 1953 1750; x_wconf 88' lang='lat' dir='ltr'><strong>et</strong></span> <span class='ocrx_word' id='word_1_121' title='bbox 1995 1685 2282 1750; x_wconf 89' lang='lat' dir='ltr'><strong>animam</strong></span> <span class='ocrx_word' id='word_1_122' title='bbox 2337 1703 2554 1748; x_wconf 90' lang='lat' dir='ltr'><strong>unam.</strong></span> 
     </span>
     <span class='ocr_line' id='line_1_17' title="bbox 608 1768 2557 1860; baseline -0.005 -18"><span class='ocrx_word' id='word_1_123' title='bbox 608 1777 776 1860; x_wconf 80' lang='lat' dir='ltr'><strong>Quis</strong></span> <span class='ocrx_word' id='word_1_124' title='bbox 821 1798 975 1842; x_wconf 88' lang='lat' dir='ltr'><strong>vero</strong></span> <span class='ocrx_word' id='word_1_125' title='bbox 1019 1797 1154 1840; x_wconf 91' lang='lat' dir='ltr'><strong>non</strong></span> <span class='ocrx_word' id='word_1_126' title='bbox 1193 1772 1417 1840; x_wconf 88' lang='lat' dir='ltr'><strong>videat</strong></span> <span class='ocrx_word' id='word_1_127' title='bbox 1468 1773 1611 1836; x_wconf 85' lang='lat' dir='ltr'><strong>istis</strong></span> <span class='ocrx_word' id='word_1_128' title='bbox 1651 1769 2043 1836; x_wconf 82' lang='lat' dir='ltr'><strong>hebraismis</strong></span> <span class='ocrx_word' id='word_1_129' title='bbox 2085 1770 2367 1835; x_wconf 85' lang='lat' dir='ltr'><strong>multam</strong></span> <span class='ocrx_word' id='word_1_130' title='bbox 2419 1768 2557 1834; x_wconf 90' lang='lat' dir='ltr'><strong>vim</strong></span> 
     </span>
     <span class='ocr_line' id='line_1_18' title="bbox 605 1856 2557 1942; baseline -0.006 -13"><span class='ocrx_word' id='word_1_131' title='bbox 605 1863 864 1928; x_wconf 84' lang='lat' dir='ltr'><strong>inesse?</strong></span> <span class='ocrx_word' id='word_1_132' title='bbox 931 1859 1224 1926; x_wconf 90' lang='lat' dir='ltr'><strong>Benedic</strong></span> <span class='ocrx_word' id='word_1_133' title='bbox 1268 1859 1487 1942; x_wconf 83' lang='lat' dir='ltr'><strong>anima</strong></span> <span class='ocrx_word' id='word_1_134' title='bbox 1528 1879 1675 1922; x_wconf 92' lang='lat' dir='ltr'><strong>mea</strong></span> <span class='ocrx_word' id='word_1_135' title='bbox 1715 1858 2002 1922; x_wconf 84' lang='lat' dir='ltr'><strong>Domino</strong></span> <span class='ocrx_word' id='word_1_136' title='bbox 2047 1856 2249 1941; x_wconf 87' lang='lat' dir='ltr'><strong>(Psal.</strong></span> <span class='ocrx_word' id='word_1_137' title='bbox 2301 1857 2440 1933; x_wconf 88' lang='lat'><strong>103,</strong></span> <span class='ocrx_word' id='word_1_138' title='bbox 2491 1858 2557 1933; x_wconf 79' lang='lat'><strong>13</strong></span> 
     </span>
     <span class='ocr_line' id='line_1_19' title="bbox 529 1941 2556 2034; baseline -0.004 -22"><span class='ocrx_word' id='word_1_139' title='bbox 529 1997 536 2002; x_wconf 84' lang='lat'>.</span> <span class='ocrx_word' id='word_1_140' title='bbox 613 1954 754 2034; x_wconf 78' lang='grc'><strong>104,</strong></span> <span class='ocrx_word' id='word_1_141' title='bbox 807 1949 891 2030; x_wconf 93' lang='grc'><strong>1).</strong></span> <span class='ocrx_word' id='word_1_142' title='bbox 953 1945 1342 2029; x_wconf 85' lang='lat' dir='ltr'><strong>Magnifieat</strong></span> <span class='ocrx_word' id='word_1_143' title='bbox 1385 1944 1604 2009; x_wconf 90' lang='lat' dir='ltr'><strong>anima</strong></span> <span class='ocrx_word' id='word_1_144' title='bbox 1646 1963 1796 2028; x_wconf 81' lang='lat' dir='ltr'><strong>mea</strong></span> <span class='ocrx_word' id='word_1_145' title='bbox 1838 1941 2202 2008; x_wconf 87' lang='lat' dir='ltr'><strong>Dominum</strong></span> <span class='ocrx_word' id='word_1_146' title='bbox 2246 1941 2440 2022; x_wconf 90' lang='lat' dir='ltr'><strong>(Luc.</strong></span> <span class='ocrx_word' id='word_1_147' title='bbox 2503 1944 2556 2016; x_wconf 92' lang='lat' dir='ltr'><strong>l,</strong></span> 
     </span>
     <span class='ocr_line' id='line_1_20' title="bbox 609 2025 2557 2118; baseline -0.006 -20"><span class='ocrx_word' id='word_1_148' title='bbox 609 2033 742 2118; x_wconf 83' lang='lat'>46).</span> <span class='ocrx_word' id='word_1_149' title='bbox 804 2033 935 2097; x_wconf 89' lang='lat' dir='ltr'><strong>Dic</strong></span> <span class='ocrx_word' id='word_1_150' title='bbox 978 2031 1238 2096; x_wconf 89' lang='lat' dir='ltr'><strong>animae</strong></span> <span class='ocrx_word' id='word_1_151' title='bbox 1280 2050 1485 2107; x_wconf 90' lang='lat' dir='ltr'><strong>meae,</strong></span> <span class='ocrx_word' id='word_1_152' title='bbox 1532 2029 1708 2094; x_wconf 90' lang='lat' dir='ltr'><strong>salus</strong></span> <span class='ocrx_word' id='word_1_153' title='bbox 1733 2037 1848 2093; x_wconf 92' lang='lat' dir='ltr'><strong>tua</strong></span> <span class='ocrx_word' id='word_1_154' title='bbox 1885 2049 2004 2112; x_wconf 87' lang='lat' dir='ltr'><strong>ego</strong></span> <span class='ocrx_word' id='word_1_155' title='bbox 2040 2049 2188 2093; x_wconf 91' lang='lat' dir='ltr'><strong>sum</strong></span> <span class='ocrx_word' id='word_1_156' title='bbox 2225 2025 2427 2108; x_wconf 88' lang='lat' dir='ltr'><strong>(Psal.</strong></span> <span class='ocrx_word' id='word_1_157' title='bbox 2456 2028 2557 2102; x_wconf 84' lang='lat'><strong>35,</strong></span> 
     </span>
     <span class='ocr_line' id='line_1_21' title="bbox 611 2112 2560 2201; baseline -0.005 -17"><span class='ocrx_word' id='word_1_158' title='bbox 611 2121 711 2200; x_wconf 86' lang='lat'><strong>3):</strong></span> <span class='ocrx_word' id='word_1_159' title='bbox 750 2118 1029 2201; x_wconf 89' lang='lat' dir='ltr'><strong>plusque</strong></span> <span class='ocrx_word' id='word_1_160' title='bbox 1065 2117 1279 2181; x_wconf 90' lang='lat' dir='ltr'><strong>nescio</strong></span> <span class='ocrx_word' id='word_1_161' title='bbox 1316 2115 1471 2197; x_wconf 91' lang='lat' dir='ltr'><strong>quid</strong></span> <span class='ocrx_word' id='word_1_162' title='bbox 1508 2114 1806 2198; x_wconf 74' lang='lat' dir='ltr'><strong>exprimi,</strong></span> <span class='ocrx_word' id='word_1_163' title='bbox 1845 2134 2043 2195; x_wconf 92' lang='lat' dir='ltr'><strong>quam</strong></span> <span class='ocrx_word' id='word_1_164' title='bbox 2082 2114 2138 2178; x_wconf 94' lang='lat' dir='ltr'><strong>si</strong></span> <span class='ocrx_word' id='word_1_165' title='bbox 2178 2112 2429 2199; x_wconf 22' lang='lat' dir='ltr'><strong>,dictum</strong></span> <span class='ocrx_word' id='word_1_166' title='bbox 2458 2131 2560 2175; x_wconf 91' lang='lat' dir='ltr'><strong>es-</strong></span> 
     </span>
     <span class='ocr_line' id='line_1_22' title="bbox 612 2196 2561 2283; baseline -0.004 -14"><span class='ocrx_word' id='word_1_167' title='bbox 612 2212 728 2283; x_wconf 89' lang='lat' dir='ltr'><strong>set,</strong></span> <span class='ocrx_word' id='word_1_168' title='bbox 774 2206 917 2268; x_wconf 89' lang='lat' dir='ltr'><strong>sine</strong></span> <span class='ocrx_word' id='word_1_169' title='bbox 961 2203 1236 2268; x_wconf 86' lang='lat' dir='ltr'><strong>adiecto:</strong></span> <span class='ocrx_word' id='word_1_170' title='bbox 1283 2199 1572 2267; x_wconf 87' lang='lat' dir='ltr'><strong>Benedic</strong></span> <span class='ocrx_word' id='word_1_171' title='bbox 1592 2200 1988 2278; x_wconf 83' lang='lat' dir='ltr'><strong>Dominum3</strong></span> <span class='ocrx_word' id='word_1_172' title='bbox 2030 2199 2386 2282; x_wconf 88' lang='lat' dir='ltr'><strong>Magnifico</strong></span> <span class='ocrx_word' id='word_1_173' title='bbox 2421 2196 2561 2261; x_wconf 91' lang='lat' dir='ltr'><strong>Do-</strong></span> 
     </span>
     <span class='ocr_line' id='line_1_23' title="bbox 610 2279 2561 2369; baseline -0.005 -14"><span class='ocrx_word' id='word_1_174' title='bbox 610 2291 899 2369; x_wconf 90' lang='lat' dir='ltr'><strong>minum;</strong></span> <span class='ocrx_word' id='word_1_175' title='bbox 938 2288 1067 2353; x_wconf 90' lang='lat' dir='ltr'><strong>Dic</strong></span> <span class='ocrx_word' id='word_1_176' title='bbox 1110 2286 1304 2364; x_wconf 88' lang='lat' dir='ltr'><strong>mihi,</strong></span> <span class='ocrx_word' id='word_1_177' title='bbox 1363 2287 1541 2352; x_wconf 88' lang='lat' dir='ltr'><strong>salus</strong></span> <span class='ocrx_word' id='word_1_178' title='bbox 1599 2295 1712 2350; x_wconf 88' lang='lat' dir='ltr'><strong>tua</strong></span> <span class='ocrx_word' id='word_1_179' title='bbox 1766 2305 1886 2369; x_wconf 90' lang='lat' dir='ltr'><strong>ego</strong></span> <span class='ocrx_word' id='word_1_180' title='bbox 1932 2305 2096 2350; x_wconf 87' lang='lat' dir='ltr'><strong>sum.</strong></span> <span class='ocrx_word' id='word_1_181' title='bbox 2186 2279 2561 2365; x_wconf 82' lang='lat' dir='ltr'><strong>Aliquando</strong></span> 
     </span>
     <span class='ocr_line' id='line_1_24' title="bbox 609 2367 2562 2460; baseline -0.005 -18"><span class='ocrx_word' id='word_1_182' title='bbox 609 2375 993 2460; x_wconf 89' lang='lat' dir='ltr'><strong>simpliciter</strong></span> <span class='ocrx_word' id='word_1_183' title='bbox 1034 2394 1154 2457; x_wconf 89' lang='lat' dir='ltr'><strong>pro</strong></span> <span class='ocrx_word' id='word_1_184' title='bbox 1199 2372 1464 2437; x_wconf 90' lang='lat' dir='ltr'><strong>homine</strong></span> <span class='ocrx_word' id='word_1_185' title='bbox 1510 2372 1812 2436; x_wconf 87' lang='lat' dir='ltr'><strong>animato.</strong></span> <span class='ocrx_word' id='word_1_186' title='bbox 1902 2370 2027 2448; x_wconf 88' lang='lat' dir='ltr'><strong>Ut,</strong></span> <span class='ocrx_word' id='word_1_187' title='bbox 2084 2391 2287 2452; x_wconf 91' lang='lat' dir='ltr'><strong>quum</strong></span> <span class='ocrx_word' id='word_1_188' title='bbox 2334 2367 2562 2433; x_wconf 91' lang='lat' dir='ltr'><strong>dicun-</strong></span> 
     </span>
     <span class='ocr_line' id='line_1_25' title="bbox 608 2454 2561 2544; baseline -0.005 -17"><span class='ocrx_word' id='word_1_189' title='bbox 608 2469 718 2527; x_wconf 85' lang='lat' dir='ltr'><strong>tur</strong></span> <span class='ocrx_word' id='word_1_190' title='bbox 761 2461 1181 2544; x_wconf 84' lang='lat' dir='ltr'><strong>septuaginta</strong></span> <span class='ocrx_word' id='word_1_191' title='bbox 1223 2479 1339 2523; x_wconf 83' lang='lat' dir='ltr'><strong>sex</strong></span> <span class='ocrx_word' id='word_1_192' title='bbox 1359 2458 1415 2541; x_wconf 64' lang='grc'>3)</span> <span class='ocrx_word' id='word_1_193' title='bbox 1472 2458 1730 2521; x_wconf 86' lang='lat' dir='ltr'><strong>animae</strong></span> <span class='ocrx_word' id='word_1_194' title='bbox 1788 2456 1965 2540; x_wconf 89' lang='lat' dir='ltr'><strong>(Act.</strong></span> <span class='ocrx_word' id='word_1_195' title='bbox 2029 2461 2098 2534; x_wconf 87' lang='lat'><strong>7,</strong></span> <span class='ocrx_word' id='word_1_196' title='bbox 2146 2455 2253 2539; x_wconf 84' lang='grc'><strong>14)</strong></span> <span class='ocrx_word' id='word_1_197' title='bbox 2296 2454 2561 2519; x_wconf 86' lang='lat' dir='ltr'><strong>descen-</strong></span> 
     </span>
     <span class='ocr_line' id='line_1_26' title="bbox 610 2541 2561 2627; baseline -0.005 -15"><span class='ocrx_word' id='word_1_198' title='bbox 610 2545 779 2612; x_wconf 88' lang='lat' dir='ltr'><strong>disse</strong></span> <span class='ocrx_word' id='word_1_199' title='bbox 826 2568 977 2612; x_wconf 88' lang='lat' dir='ltr'><strong>cum</strong></span> <span class='ocrx_word' id='word_1_200' title='bbox 1019 2545 1214 2611; x_wconf 88' lang='lat' dir='ltr'><strong>Iacob</strong></span> <span class='ocrx_word' id='word_1_201' title='bbox 1258 2544 1330 2608; x_wconf 93' lang='lat' dir='ltr'><strong>in</strong></span> <span class='ocrx_word' id='word_1_202' title='bbox 1366 2545 1770 2627; x_wconf 83' lang='lat' dir='ltr'><strong>Aegyptum.</strong></span> <span class='ocrx_word' id='word_1_203' title='bbox 1861 2541 2066 2606; x_wconf 84' lang='lat' dir='ltr'><strong>Item:</strong></span> <span class='ocrx_word' id='word_1_204' title='bbox 2105 2541 2352 2605; x_wconf 87' lang='lat' dir='ltr'><strong>Anima</strong></span> <span class='ocrx_word' id='word_1_205' title='bbox 2394 2558 2561 2623; x_wconf 90' lang='lat' dir='ltr'><strong>quae</strong></span> 
     </span>
     <span class='ocr_line' id='line_1_27' title="bbox 607 2626 2564 2716; baseline -0.006 -18"><span class='ocrx_word' id='word_1_206' title='bbox 607 2633 1004 2716; x_wconf 89' lang='lat' dir='ltr'><strong>peccaverit,</strong></span> <span class='ocrx_word' id='word_1_207' title='bbox 1059 2631 1205 2714; x_wconf 90' lang='lat' dir='ltr'><strong>ipsa</strong></span> <span class='ocrx_word' id='word_1_208' title='bbox 1257 2630 1575 2694; x_wconf 88' lang='lat' dir='ltr'><strong>morietur</strong></span> <span class='ocrx_word' id='word_1_209' title='bbox 1632 2626 1908 2712; x_wconf 83' lang='lat' dir='ltr'><strong>(Iezech.</strong></span> <span class='ocrx_word' id='word_1_210' title='bbox 1972 2631 2078 2705; x_wconf 81' lang='lat'><strong>18,</strong></span> <span class='ocrx_word' id='word_1_211' title='bbox 2143 2628 2231 2710; x_wconf 88' lang='lat'><strong>4).</strong></span> <span class='ocrx_word' id='word_1_212' title='bbox 2318 2626 2564 2690; x_wconf 88' lang='lat' dir='ltr'><strong>Anima</strong></span> 
     </span>
     <span class='ocr_line' id='line_1_28' title="bbox 610 2711 2563 2801; baseline -0.005 -18"><span class='ocrx_word' id='word_1_213' title='bbox 610 2739 778 2801; x_wconf 90' lang='lat' dir='ltr'><strong>quae</strong></span> <span class='ocrx_word' id='word_1_214' title='bbox 823 2715 1254 2782; x_wconf 85' lang='lat' dir='ltr'><strong>declinaverit</strong></span> <span class='ocrx_word' id='word_1_215' title='bbox 1295 2713 1377 2779; x_wconf 87' lang='lat' dir='ltr'><strong>ad</strong></span> <span class='ocrx_word' id='word_1_216' title='bbox 1411 2733 1638 2796; x_wconf 87' lang='lat' dir='ltr'><strong>magos</strong></span> <span class='ocrx_word' id='word_1_217' title='bbox 1675 2722 1741 2777; x_wconf 90' lang='lat' dir='ltr'><strong>et</strong></span> <span class='ocrx_word' id='word_1_218' title='bbox 1774 2711 2029 2789; x_wconf 85' lang='lat' dir='ltr'><strong>ariolos,</strong></span> <span class='ocrx_word' id='word_1_219' title='bbox 2073 2719 2284 2776; x_wconf 88' lang='lat' dir='ltr'><strong>morte</strong></span> <span class='ocrx_word' id='word_1_220' title='bbox 2327 2711 2563 2775; x_wconf 89' lang='lat' dir='ltr'><strong>morie-</strong></span> 
     </span>
     <span class='ocr_line' id='line_1_29' title="bbox 610 2798 2562 2886; baseline -0.005 -18"><span class='ocrx_word' id='word_1_221' title='bbox 610 2811 720 2867; x_wconf 84' lang='lat' dir='ltr'><strong>tur</strong></span> <span class='ocrx_word' id='word_1_222' title='bbox 765 2803 958 2886; x_wconf 90' lang='lat' dir='ltr'><strong>(Lev.</strong></span> <span class='ocrx_word' id='word_1_223' title='bbox 1007 2806 1119 2880; x_wconf 89' lang='lat'><strong>20,</strong></span> <span class='ocrx_word' id='word_1_224' title='bbox 1168 2806 1273 2882; x_wconf 85' lang='lat'><strong>6),</strong></span> <span class='ocrx_word' id='word_1_225' title='bbox 1312 2808 1431 2864; x_wconf 88' lang='lat' dir='ltr'><strong>etc.</strong></span> <span class='ocrx_word' id='word_1_226' title='bbox 1521 2800 2013 2880; x_wconf 89' lang='lat' dir='ltr'><strong>Nonnunquam</strong></span> <span class='ocrx_word' id='word_1_227' title='bbox 2058 2805 2125 2861; x_wconf 88' lang='lat' dir='ltr'><strong>et</strong></span> <span class='ocrx_word' id='word_1_228' title='bbox 2173 2798 2402 2860; x_wconf 89' lang='lat' dir='ltr'><strong>flatum</strong></span> <span class='ocrx_word' id='word_1_229' title='bbox 2443 2817 2562 2860; x_wconf 87' lang='lat' dir='ltr'><strong>vo-</strong></span> 
     </span>
     <span class='ocr_line' id='line_1_30' title="bbox 611 2882 2563 2970; baseline -0.005 -16"><span class='ocrx_word' id='word_1_230' title='bbox 611 2888 765 2964; x_wconf 89' lang='lat' dir='ltr'><strong>cari,</strong></span> <span class='ocrx_word' id='word_1_231' title='bbox 809 2909 936 2969; x_wconf 93' lang='lat' dir='ltr'><strong>quo</strong></span> <span class='ocrx_word' id='word_1_232' title='bbox 980 2886 1233 2970; x_wconf 84' lang='lat' dir='ltr'><strong>spirant</strong></span> <span class='ocrx_word' id='word_1_233' title='bbox 1274 2905 1351 2949; x_wconf 87' lang='lat' dir='ltr'><strong>ac</strong></span> <span class='ocrx_word' id='word_1_234' title='bbox 1392 2885 1717 2966; x_wconf 79' lang='lat' dir='ltr'><strong>respirant</strong></span> <span class='ocrx_word' id='word_1_235' title='bbox 1759 2883 2086 2950; x_wconf 88' lang='lat' dir='ltr'><strong>homines:</strong></span> <span class='ocrx_word' id='word_1_236' title='bbox 2128 2883 2196 2947; x_wconf 91' lang='lat' dir='ltr'><strong>in</strong></span> <span class='ocrx_word' id='word_1_237' title='bbox 2219 2901 2350 2964; x_wconf 92' lang='lat' dir='ltr'><strong>quo</strong></span> <span class='ocrx_word' id='word_1_238' title='bbox 2395 2882 2563 2946; x_wconf 85' lang='lat' dir='ltr'><strong>vita-</strong></span> 
     </span>
     <span class='ocr_line' id='line_1_31' title="bbox 612 2966 2563 3057; baseline -0.005 -18"><span class='ocrx_word' id='word_1_239' title='bbox 612 2972 694 3039; x_wconf 90' lang='lat' dir='ltr'><strong>lis</strong></span> <span class='ocrx_word' id='word_1_240' title='bbox 729 2972 1023 3057; x_wconf 90' lang='lat' dir='ltr'><strong>corporis</strong></span> <span class='ocrx_word' id='word_1_241' title='bbox 1066 2978 1289 3036; x_wconf 89' lang='lat' dir='ltr'><strong>motus</strong></span> <span class='ocrx_word' id='word_1_242' title='bbox 1333 2969 1596 3035; x_wconf 86' lang='lat' dir='ltr'><strong>residet.</strong></span> <span class='ocrx_word' id='word_1_243' title='bbox 1659 2967 1809 3049; x_wconf 80' lang='lat' dir='ltr'><strong>Quo</strong></span> <span class='ocrx_word' id='word_1_244' title='bbox 1846 2966 2037 3033; x_wconf 91' lang='lat' dir='ltr'><strong>modo</strong></span> <span class='ocrx_word' id='word_1_245' title='bbox 2082 2967 2203 3033; x_wconf 93' lang='lat' dir='ltr'><strong>hos</strong></span> <span class='ocrx_word' id='word_1_246' title='bbox 2246 2966 2419 3033; x_wconf 91' lang='lat' dir='ltr'><strong>locos</strong></span> <span class='ocrx_word' id='word_1_247' title='bbox 2456 2988 2563 3031; x_wconf 89' lang='lat' dir='ltr'><strong>ac-</strong></span> 
     </span>
    </p>
   </div>
   <div class='ocr_carea' id='block_1_3' title="bbox 513 3052 2565 3143">
    <p class='ocr_par' dir='ltr' id='par_1_3' title="bbox 513 3052 2565 3143">
     <span class='ocr_line' id='line_1_32' title="bbox 513 3052 2565 3143; baseline -0.004 -18"><span class='ocrx_word' id='word_1_248' title='bbox 513 3122 530 3139; x_wconf 31' lang='grc'><strong>,</strong></span> <span class='ocrx_word' id='word_1_249' title='bbox 612 3060 813 3143; x_wconf 91' lang='lat' dir='ltr'><strong>cipio:</strong></span> <span class='ocrx_word' id='word_1_250' title='bbox 861 3057 1186 3123; x_wconf 81' lang='lat' dir='ltr'><strong>Anxietas</strong></span> <span class='ocrx_word' id='word_1_251' title='bbox 1221 3054 1655 3139; x_wconf 89' lang='lat' dir='ltr'><strong>apprehendit</strong></span> <span class='ocrx_word' id='word_1_252' title='bbox 1688 3075 1813 3132; x_wconf 91' lang='lat' dir='ltr'><strong>me,</strong></span> <span class='ocrx_word' id='word_1_253' title='bbox 1861 3054 2120 3118; x_wconf 89' lang='lat' dir='ltr'><strong>etiamsi</strong></span> <span class='ocrx_word' id='word_1_254' title='bbox 2164 3060 2301 3117; x_wconf 90' lang='lat' dir='ltr'><strong>tota</strong></span> <span class='ocrx_word' id='word_1_255' title='bbox 2345 3052 2565 3117; x_wconf 88' lang='lat' dir='ltr'><strong>anima</strong></span> 
     </span>
    </p>
   </div>
   <div class='ocr_carea' id='block_1_4' title="bbox 608 3137 2567 4426">
    <p class='ocr_par' dir='ltr' id='par_1_4' title="bbox 608 3137 2567 4426">
     <span class='ocr_line' id='line_1_33' title="bbox 611 3137 2564 3223; baseline -0.003 -15"><span class='ocrx_word' id='word_1_256' title='bbox 611 3165 762 3208; x_wconf 90' lang='lat' dir='ltr'><strong>mea</strong></span> <span class='ocrx_word' id='word_1_257' title='bbox 813 3141 1025 3207; x_wconf 89' lang='lat' dir='ltr'><strong>adhuc</strong></span> <span class='ocrx_word' id='word_1_258' title='bbox 1077 3142 1148 3206; x_wconf 92' lang='lat' dir='ltr'><strong>in</strong></span> <span class='ocrx_word' id='word_1_259' title='bbox 1202 3163 1307 3206; x_wconf 89' lang='lat' dir='ltr'><strong>me</strong></span> <span class='ocrx_word' id='word_1_260' title='bbox 1362 3148 1463 3205; x_wconf 90' lang='lat' dir='ltr'><strong>est</strong></span> <span class='ocrx_word' id='word_1_261' title='bbox 1514 3142 1579 3221; x_wconf 88' lang='lat'><strong>(2</strong></span> <span class='ocrx_word' id='word_1_262' title='bbox 1633 3137 1811 3205; x_wconf 82' lang='lat' dir='ltr'><strong>Sam.</strong></span> <span class='ocrx_word' id='word_1_263' title='bbox 1864 3144 1929 3217; x_wconf 93' lang='grc'><strong>1,</strong></span> <span class='ocrx_word' id='word_1_264' title='bbox 1979 3138 2067 3223; x_wconf 90' lang='grc'><strong>9).</strong></span> <span class='ocrx_word' id='word_1_265' title='bbox 2155 3140 2273 3203; x_wconf 87' lang='lat' dir='ltr'><strong>Et:</strong></span> <span class='ocrx_word' id='word_1_266' title='bbox 2317 3139 2564 3203; x_wconf 84' lang='lat' dir='ltr'><strong>Anima</strong></span> 
     </span>
     <span class='ocr_line' id='line_1_34' title="bbox 612 3225 2565 3312; baseline -0.003 -18"><span class='ocrx_word' id='word_1_267' title='bbox 612 3229 753 3294; x_wconf 90' lang='lat' dir='ltr'><strong>eius</strong></span> <span class='ocrx_word' id='word_1_268' title='bbox 775 3229 845 3293; x_wconf 90' lang='lat' dir='ltr'><strong>in</strong></span> <span class='ocrx_word' id='word_1_269' title='bbox 886 3229 1028 3312; x_wconf 90' lang='lat' dir='ltr'><strong>ipso</strong></span> <span class='ocrx_word' id='word_1_270' title='bbox 1064 3235 1165 3293; x_wconf 90' lang='lat' dir='ltr'><strong>est</strong></span> <span class='ocrx_word' id='word_1_271' title='bbox 1203 3227 1377 3310; x_wconf 87' lang='lat' dir='ltr'><strong>(Act.</strong></span> <span class='ocrx_word' id='word_1_272' title='bbox 1418 3230 1517 3305; x_wconf 83' lang='lat'><strong>20,</strong></span> <span class='ocrx_word' id='word_1_273' title='bbox 1560 3226 1688 3311; x_wconf 87' lang='lat'>10).</span> <span class='ocrx_word' id='word_1_274' title='bbox 1745 3226 1863 3291; x_wconf 86' lang='lat' dir='ltr'><strong>Et:</strong></span> <span class='ocrx_word' id='word_1_275' title='bbox 1904 3226 2307 3291; x_wconf 82' lang='lat' dir='ltr'><strong>Revertatur</strong></span> <span class='ocrx_word' id='word_1_276' title='bbox 2342 3225 2565 3289; x_wconf 88' lang='lat' dir='ltr'><strong>anima</strong></span> 
     </span>
     <span class='ocr_line' id='line_1_35' title="bbox 611 3310 2565 3399; baseline -0.003 -19"><span class='ocrx_word' id='word_1_277' title='bbox 611 3315 803 3399; x_wconf 91' lang='lat' dir='ltr'><strong>pueri</strong></span> <span class='ocrx_word' id='word_1_278' title='bbox 843 3314 1023 3379; x_wconf 91' lang='lat' dir='ltr'><strong>intra</strong></span> <span class='ocrx_word' id='word_1_279' title='bbox 1065 3312 1322 3381; x_wconf 83' lang='lat' dir='ltr'><strong>viscera</strong></span> <span class='ocrx_word' id='word_1_280' title='bbox 1358 3313 1498 3377; x_wconf 88' lang='lat' dir='ltr'><strong>eius</strong></span> <span class='ocrx_word' id='word_1_281' title='bbox 1539 3311 1602 3397; x_wconf 90' lang='lat'><strong>(1</strong></span> <span class='ocrx_word' id='word_1_282' title='bbox 1655 3312 1820 3395; x_wconf 89' lang='lat' dir='ltr'><strong>Reg.</strong></span> <span class='ocrx_word' id='word_1_283' title='bbox 1879 3315 1981 3390; x_wconf 87' lang='lat'><strong>17,</strong></span> <span class='ocrx_word' id='word_1_284' title='bbox 2030 3310 2161 3394; x_wconf 89' lang='grc'><strong>21).</strong></span> <span class='ocrx_word' id='word_1_285' title='bbox 2252 3310 2437 3391; x_wconf 79' lang='lat' dir='ltr'><strong>Quin</strong></span> <span class='ocrx_word' id='word_1_286' title='bbox 2499 3318 2565 3375; x_wconf 89' lang='lat' dir='ltr'><strong>et</strong></span> 
     </span>
     <span class='ocr_line' id='line_1_36' title="bbox 610 3396 2561 3483; baseline -0.003 -17"><span class='ocrx_word' id='word_1_287' title='bbox 610 3400 842 3466; x_wconf 89' lang='lat' dir='ltr'><strong>eadem</strong></span> <span class='ocrx_word' id='word_1_288' title='bbox 882 3398 1189 3483; x_wconf 89' lang='lat' dir='ltr'><strong>loquendi</strong></span> <span class='ocrx_word' id='word_1_289' title='bbox 1229 3399 1465 3476; x_wconf 82' lang='lat' dir='ltr'><strong>forma,</strong></span> <span class='ocrx_word' id='word_1_290' title='bbox 1510 3420 1640 3481; x_wconf 92' lang='lat' dir='ltr'><strong>qua</strong></span> <span class='ocrx_word' id='word_1_291' title='bbox 1688 3397 1890 3482; x_wconf 88' lang='lat' dir='ltr'><strong>vulgo</strong></span> <span class='ocrx_word' id='word_1_292' title='bbox 1946 3396 2222 3463; x_wconf 85' lang='lat' dir='ltr'><strong>dicimus</strong></span> <span class='ocrx_word' id='word_1_293' title='bbox 2243 3402 2260 3412; x_wconf 83' lang='lat'>&#39;</span> <span class='ocrx_word' id='word_1_294' title='bbox 2276 3397 2561 3461; x_wconf 89' lang='lat' dir='ltr'><strong>animam</strong></span> 
     </span>
     <span class='ocr_line' id='line_1_37' title="bbox 611 3482 2559 3567; baseline -0.004 -15"><span class='ocrx_word' id='word_1_295' title='bbox 611 3487 822 3552; x_wconf 88' lang='lat' dir='ltr'><strong>efflari</strong></span> <span class='ocrx_word' id='word_1_296' title='bbox 867 3493 935 3551; x_wconf 88' lang='lat' dir='ltr'><strong>et</strong></span> <span class='ocrx_word' id='word_1_297' title='bbox 978 3484 1334 3567; x_wconf 84' lang='lat' dir='ltr'><strong>exspirari,</strong></span> <span class='ocrx_word' id='word_1_298' title='bbox 1381 3483 1709 3567; x_wconf 87' lang='lat' dir='ltr'><strong>scriptura</strong></span> <span class='ocrx_word' id='word_1_299' title='bbox 1759 3483 2049 3549; x_wconf 86' lang='lat' dir='ltr'><strong>animam</strong></span> <span class='ocrx_word' id='word_1_300' title='bbox 2117 3482 2344 3566; x_wconf 86' lang='lat' dir='ltr'><strong>egredi</strong></span> <span class='ocrx_word' id='word_1_301' title='bbox 2385 3482 2559 3549; x_wconf 89' lang='lat' dir='ltr'><strong>dicit.</strong></span> 
     </span>
     <span class='ocr_line' id='line_1_38' title="bbox 608 3568 2564 3656; baseline -0.003 -18"><span class='ocrx_word' id='word_1_302' title='bbox 608 3573 705 3639; x_wconf 89' lang='lat' dir='ltr'><strong>Ut</strong></span> <span class='ocrx_word' id='word_1_303' title='bbox 725 3570 805 3637; x_wconf 92' lang='lat' dir='ltr'><strong>de</strong></span> <span class='ocrx_word' id='word_1_304' title='bbox 826 3570 1081 3636; x_wconf 87' lang='lat' dir='ltr'><strong>Rachel</strong></span> <span class='ocrx_word' id='word_1_305' title='bbox 1119 3570 1317 3656; x_wconf 86' lang='lat' dir='ltr'><strong>(Gen.</strong></span> <span class='ocrx_word' id='word_1_306' title='bbox 1358 3575 1458 3649; x_wconf 82' lang='lat'><strong>35,</strong></span> <span class='ocrx_word' id='word_1_307' title='bbox 1489 3574 1628 3655; x_wconf 84' lang='lat'>18):</span> <span class='ocrx_word' id='word_1_308' title='bbox 1652 3569 2053 3654; x_wconf 83' lang='lat' dir='ltr'><strong>Egrediente</strong></span> <span class='ocrx_word' id='word_1_309' title='bbox 2090 3578 2307 3634; x_wconf 90' lang='lat' dir='ltr'><strong>autem</strong></span> <span class='ocrx_word' id='word_1_310' title='bbox 2345 3568 2564 3632; x_wconf 90' lang='lat' dir='ltr'><strong>anima</strong></span> 
     </span>
     <span class='ocr_line' id='line_1_39' title="bbox 609 3654 2562 3743; baseline -0.003 -19"><span class='ocrx_word' id='word_1_311' title='bbox 609 3659 794 3743; x_wconf 89' lang='lat' dir='ltr'><strong>(nam</strong></span> <span class='ocrx_word' id='word_1_312' title='bbox 851 3660 994 3741; x_wconf 89' lang='lat' dir='ltr'><strong>ipsa</strong></span> <span class='ocrx_word' id='word_1_313' title='bbox 1045 3654 1477 3740; x_wconf 87' lang='lat' dir='ltr'><strong>moriebatur)</strong></span> <span class='ocrx_word' id='word_1_314' title='bbox 1529 3655 1792 3721; x_wconf 87' lang='lat' dir='ltr'><strong>vocavit</strong></span> <span class='ocrx_word' id='word_1_315' title='bbox 1849 3676 2091 3720; x_wconf 92' lang='lat' dir='ltr'><strong>nomen</strong></span> <span class='ocrx_word' id='word_1_316' title='bbox 2143 3654 2363 3738; x_wconf 89' lang='lat' dir='ltr'><strong>pueri,</strong></span> <span class='ocrx_word' id='word_1_317' title='bbox 2427 3654 2562 3719; x_wconf 92' lang='lat' dir='ltr'><strong>Bin</strong></span> 
     </span>
     <span class='ocr_line' id='line_1_40' title="bbox 608 3740 2565 3826; baseline -0.003 -17"><span class='ocrx_word' id='word_1_318' title='bbox 608 3744 738 3810; x_wconf 91' lang='lat' dir='ltr'><strong>oni.</strong></span> <span class='ocrx_word' id='word_1_319' title='bbox 757 3743 815 3825; x_wconf 85' lang='lat'><strong>⁴)</strong></span> <span class='ocrx_word' id='word_1_320' title='bbox 903 3740 1182 3821; x_wconf 83' lang='lat' dir='ltr'><strong>Scimus,</strong></span> <span class='ocrx_word' id='word_1_321' title='bbox 1230 3741 1536 3826; x_wconf 87' lang='lat' dir='ltr'><strong>spiritum</strong></span> <span class='ocrx_word' id='word_1_322' title='bbox 1568 3761 1710 3806; x_wconf 85' lang='lat' dir='ltr'><strong>esse</strong></span> <span class='ocrx_word' id='word_1_323' title='bbox 1745 3742 1981 3805; x_wconf 90' lang='lat' dir='ltr'><strong>flatum</strong></span> <span class='ocrx_word' id='word_1_324' title='bbox 2023 3760 2100 3806; x_wconf 89' lang='lat' dir='ltr'><strong>ac</strong></span> <span class='ocrx_word' id='word_1_325' title='bbox 2143 3746 2418 3807; x_wconf 89' lang='lat' dir='ltr'><strong>ventum</strong></span> <span class='ocrx_word' id='word_1_326' title='bbox 2436 3791 2451 3816; x_wconf 92' lang='lat'><strong>,</strong></span> <span class='ocrx_word' id='word_1_327' title='bbox 2497 3747 2565 3805; x_wconf 88' lang='lat' dir='ltr'><strong>et</strong></span> 
     </span>
     <span class='ocr_line' id='line_1_41' title="bbox 608 3819 2562 3926; baseline -0.004 -30"><span class='ocrx_word' id='word_1_328' title='bbox 608 3829 734 3896; x_wconf 85' lang='lat' dir='ltr'><strong>hac</strong></span> <span class='ocrx_word' id='word_1_329' title='bbox 769 3829 1024 3893; x_wconf 86' lang='lat' dir='ltr'><strong>ratione</strong></span> <span class='ocrx_word' id='word_1_330' title='bbox 1058 3829 1280 3896; x_wconf 88' lang='lat' dir='ltr'><strong>vocari</strong></span> <span class='ocrx_word' id='word_1_331' title='bbox 1314 3849 1354 3892; x_wconf 90' lang='lat' dir='ltr'><strong>a</strong></span> <span class='ocrx_word' id='word_1_332' title='bbox 1393 3827 1667 3926; x_wconf 76' lang='lat' dir='ltr'><strong>Graccis</strong></span> <span class='ocrx_word' id='word_1_333' title='bbox 1702 3827 2105 3917; x_wconf 69' lang='lat' dir='ltr'><strong>frequentius</strong></span> <span class='ocrx_word' id='word_1_334' title='bbox 2138 3819 2337 3903; x_wconf 76' lang='grc' dir='ltr'>πνοήν.</span> <span class='ocrx_word' id='word_1_335' title='bbox 2415 3823 2562 3891; x_wconf 80' lang='lat' dir='ltr'><strong>Sei·</strong></span> 
     </span>
     <span class='ocr_line' id='line_1_42' title="bbox 610 3909 2566 4097; baseline -0.002 -32"><span class='ocrx_word' id='word_1_336' title='bbox 610 3934 1400 4097; x_wconf 53' lang='lat'><strong>33525100220333123</strong></span> <span class='ocrx_word' id='word_1_337' title='bbox 1401 3924 1518 4064; x_wconf 49' lang='grc' dir='ltr'><strong>ἓξ]</strong></span> <span class='ocrx_word' id='word_1_338' title='bbox 1521 3911 2028 4081; x_wconf 44' lang='grc' dir='ltr'><strong>ἲὼωιῑέἒὶξὲἔῖ</strong></span> <span class='ocrx_word' id='word_1_339' title='bbox 2079 3909 2566 4080; x_wconf 52' lang='grc' dir='ltr'><strong>ἑῖοξέὲθέἑέἶῖ</strong></span> 
     </span>
     <span class='ocr_line' id='line_1_43' title="bbox 613 4081 2566 4169; baseline -0.002 -19"><span class='ocrx_word' id='word_1_340' title='bbox 613 4086 918 4167; x_wconf 79' lang='lat' dir='ltr'><strong>spirltum</strong></span> <span class='ocrx_word' id='word_1_341' title='bbox 954 4084 1106 4159; x_wconf 89' lang='lat' dir='ltr'><strong>(Ies.</strong></span> <span class='ocrx_word' id='word_1_342' title='bbox 1145 4089 1249 4163; x_wconf 89' lang='lat'><strong>26,</strong></span> <span class='ocrx_word' id='word_1_343' title='bbox 1293 4084 1431 4166; x_wconf 84' lang='lat'>18):</span> <span class='ocrx_word' id='word_1_344' title='bbox 1472 4085 1851 4169; x_wconf 88' lang='lat' dir='ltr'><strong>saepissime</strong></span> <span class='ocrx_word' id='word_1_345' title='bbox 1885 4104 2067 4162; x_wconf 88' lang='lat' dir='ltr'><strong>vero,</strong></span> <span class='ocrx_word' id='word_1_346' title='bbox 2104 4081 2276 4165; x_wconf 89' lang='lat' dir='ltr'><strong>quod</strong></span> <span class='ocrx_word' id='word_1_347' title='bbox 2312 4104 2395 4148; x_wconf 82' lang='lat' dir='ltr'><strong>ex</strong></span> <span class='ocrx_word' id='word_1_348' title='bbox 2431 4083 2566 4166; x_wconf 90' lang='lat' dir='ltr'><strong>spi-</strong></span> 
     </span>
     <span class='ocr_line' id='line_1_44' title="bbox 612 4168 2566 4255; baseline -0.002 -20"><span class='ocrx_word' id='word_1_349' title='bbox 612 4170 749 4236; x_wconf 88' lang='lat' dir='ltr'><strong>ritu</strong></span> <span class='ocrx_word' id='word_1_350' title='bbox 801 4169 933 4234; x_wconf 89' lang='lat' dir='ltr'><strong>Dei</strong></span> <span class='ocrx_word' id='word_1_351' title='bbox 983 4177 1447 4255; x_wconf 87' lang='lat' dir='ltr'><strong>regeneratum</strong></span> <span class='ocrx_word' id='word_1_352' title='bbox 1509 4180 1610 4237; x_wconf 89' lang='lat' dir='ltr'><strong>est</strong></span> <span class='ocrx_word' id='word_1_353' title='bbox 1676 4170 1748 4234; x_wconf 88' lang='lat' dir='ltr'><strong>in</strong></span> <span class='ocrx_word' id='word_1_354' title='bbox 1802 4168 2008 4235; x_wconf 90' lang='lat' dir='ltr'><strong>nobis.</strong></span> <span class='ocrx_word' id='word_1_355' title='bbox 2122 4168 2299 4233; x_wconf 89' lang='lat' dir='ltr'><strong>Nam</strong></span> <span class='ocrx_word' id='word_1_356' title='bbox 2363 4189 2566 4250; x_wconf 92' lang='lat' dir='ltr'><strong>quum</strong></span> 
     </span>
     <span class='ocr_line' id='line_1_45' title="bbox 612 4253 2567 4340; baseline -0.002 -18"><span class='ocrx_word' id='word_1_357' title='bbox 612 4255 867 4322; x_wconf 83' lang='lat' dir='ltr'><strong>Paulus</strong></span> <span class='ocrx_word' id='word_1_358' title='bbox 909 4255 1165 4334; x_wconf 85' lang='lat' dir='ltr'><strong>scribit,</strong></span> <span class='ocrx_word' id='word_1_359' title='bbox 1211 4255 1517 4340; x_wconf 88' lang='lat' dir='ltr'><strong>spiritum</strong></span> <span class='ocrx_word' id='word_1_360' title='bbox 1560 4256 2016 4339; x_wconf 83' lang='lat' dir='ltr'><strong>concupiscere</strong></span> <span class='ocrx_word' id='word_1_361' title='bbox 2061 4253 2377 4320; x_wconf 90' lang='lat' dir='ltr'><strong>adversus</strong></span> <span class='ocrx_word' id='word_1_362' title='bbox 2422 4274 2567 4319; x_wconf 87' lang='lat' dir='ltr'><strong>car-</strong></span> 
     </span>
     <span class='ocr_line' id='line_1_46' title="bbox 612 4338 2566 4426; baseline -0.001 -20"><span class='ocrx_word' id='word_1_363' title='bbox 612 4363 768 4407; x_wconf 90' lang='lat' dir='ltr'><strong>nem</strong></span> <span class='ocrx_word' id='word_1_364' title='bbox 822 4338 1003 4426; x_wconf 85' lang='lat' dir='ltr'><strong>(Gal.</strong></span> <span class='ocrx_word' id='word_1_365' title='bbox 1053 4344 1126 4419; x_wconf 83' lang='lat'><strong>5,</strong></span> <span class='ocrx_word' id='word_1_366' title='bbox 1177 4343 1318 4425; x_wconf 88' lang='lat'>17):</span> <span class='ocrx_word' id='word_1_367' title='bbox 1363 4362 1497 4408; x_wconf 90' lang='lat' dir='ltr'><strong>non</strong></span> <span class='ocrx_word' id='word_1_368' title='bbox 1533 4341 1865 4426; x_wconf 87' lang='lat' dir='ltr'><strong>intelligit,</strong></span> <span class='ocrx_word' id='word_1_369' title='bbox 1923 4340 2216 4406; x_wconf 89' lang='lat' dir='ltr'><strong>animam</strong></span> <span class='ocrx_word' id='word_1_370' title='bbox 2271 4360 2566 4424; x_wconf 89' lang='lat' dir='ltr'><strong>pugnare</strong></span> 
     </span>
    </p>
   </div>
   <div class='ocr_carea' id='block_1_5' title="bbox 612 4593 2566 5287">
    <p class='ocr_par' dir='ltr' id='par_1_5' title="bbox 612 4593 2566 5287">
     <span class='ocr_line' id='line_1_47' title="bbox 754 4593 2565 4660; baseline 0.001 -12"><span class='ocrx_word' id='word_1_371' title='bbox 754 4594 812 4660; x_wconf 85' lang='lat'><strong>1)</strong></span> <span class='ocrx_word' id='word_1_372' title='bbox 853 4595 948 4651; x_wconf 70' lang='grc' dir='ltr'><strong>δίο</strong></span> <span class='ocrx_word' id='word_1_373' title='bbox 982 4594 1120 4650; x_wconf 83' lang='grc'><strong>1542</strong></span> <span class='ocrx_word' id='word_1_374' title='bbox 1152 4603 1205 4652; x_wconf 80' lang='lat' dir='ltr'><strong>et</strong></span> <span class='ocrx_word' id='word_1_375' title='bbox 1239 4595 1391 4651; x_wconf 73' lang='lat'>1545.</span> <span class='ocrx_word' id='word_1_376' title='bbox 1465 4598 1751 4653; x_wconf 81' lang='lat' dir='ltr'><strong>Caeterae:</strong></span> <span class='ocrx_word' id='word_1_377' title='bbox 1787 4606 1968 4653; x_wconf 88' lang='lat' dir='ltr'><strong>meton</strong></span> <span class='ocrx_word' id='word_1_378' title='bbox 2061 4597 2153 4652; x_wconf 85' lang='lat' dir='ltr'><strong>’ce.</strong></span> <span class='ocrx_word' id='word_1_379' title='bbox 2328 4593 2389 4660; x_wconf 84' lang='lat'><strong>2)</strong></span> <span class='ocrx_word' id='word_1_380' title='bbox 2427 4593 2565 4651; x_wconf 80' lang='grc'><strong>1542</strong></span> 
     </span>
     <span class='ocr_line' id='line_1_48' title="bbox 614 4614 2563 4731; baseline -0.001 -11"><span class='ocrx_word' id='word_1_381' title='bbox 614 4670 668 4720; x_wconf 77' lang='lat' dir='ltr'><strong>et</strong></span> <span class='ocrx_word' id='word_1_382' title='bbox 702 4663 839 4719; x_wconf 79' lang='grc'><strong>1545</strong></span> <span class='ocrx_word' id='word_1_383' title='bbox 871 4665 1071 4720; x_wconf 74' lang='lat' dir='ltr'><strong>habent</strong></span> <span class='ocrx_word' id='word_1_384' title='bbox 1105 4682 1228 4731; x_wconf 88' lang='grc'><strong>666,</strong></span> <span class='ocrx_word' id='word_1_385' title='bbox 1288 4665 1513 4720; x_wconf 75' lang='lat' dir='ltr'><strong>Gallus.-</strong></span> <span class='ocrx_word' id='word_1_386' title='bbox 1559 4674 1631 4722; x_wconf 83' lang='lat' dir='ltr'><strong>et.</strong></span> <span class='ocrx_word' id='word_1_387' title='bbox 1836 4663 1897 4725; x_wconf 87' lang='grc'>3)</span> <span class='ocrx_word' id='word_1_388' title='bbox 1938 4614 2418 4720; x_wconf 40' lang='lat' dir='ltr'><strong>&amp;emendum</strong></span> <span class='ocrx_word' id='word_1_389' title='bbox 2463 4672 2563 4719; x_wconf 74' lang='lat' dir='ltr'><strong>tec·</strong></span> 
     </span>
     <span class='ocr_line' id='line_1_49' title="bbox 614 4732 2562 4804; baseline -0.001 -15"><span class='ocrx_word' id='word_1_390' title='bbox 614 4735 762 4789; x_wconf 66' lang='lat' dir='ltr'><strong>tam</strong></span> <span class='ocrx_word' id='word_1_391' title='bbox 793 4734 949 4789; x_wconf 65' lang='lat' dir='ltr'><strong>libris</strong></span> <span class='ocrx_word' id='word_1_392' title='bbox 995 4735 1398 4804; x_wconf 71' lang='lat' dir='ltr'><strong>antiquioribus</strong></span> <span class='ocrx_word' id='word_1_393' title='bbox 1432 4733 1584 4789; x_wconf 78' lang='lat'>1542.</span> <span class='ocrx_word' id='word_1_394' title='bbox 1622 4733 1775 4789; x_wconf 76' lang='lat'>1545.</span> <span class='ocrx_word' id='word_1_395' title='bbox 1810 4732 1947 4788; x_wconf 81' lang='grc'><strong>1552</strong></span> <span class='ocrx_word' id='word_1_396' title='bbox 1982 4740 2035 4788; x_wconf 78' lang='lat' dir='ltr'><strong>et</strong></span> <span class='ocrx_word' id='word_1_397' title='bbox 2063 4735 2313 4788; x_wconf 73' lang='lat' dir='ltr'><strong>versione</strong></span> <span class='ocrx_word' id='word_1_398' title='bbox 2339 4733 2562 4804; x_wconf 64' lang='lat' dir='ltr'><strong>gallica.</strong></span> 
     </span>
     <span class='ocr_line' id='line_1_50' title="bbox 616 4800 2566 4873; baseline -0.001 -15"><span class='ocrx_word' id='word_1_399' title='bbox 616 4803 692 4858; x_wconf 80' lang='lat' dir='ltr'><strong>In</strong></span> <span class='ocrx_word' id='word_1_400' title='bbox 736 4819 963 4858; x_wconf 72' lang='lat' dir='ltr'><strong>nmero</strong></span> <span class='ocrx_word' id='word_1_401' title='bbox 1007 4809 1252 4859; x_wconf 76' lang='lat' dir='ltr'><strong>autorem</strong></span> <span class='ocrx_word' id='word_1_402' title='bbox 1296 4807 1554 4857; x_wconf 68' lang='lat' dir='ltr'><strong>memoria</strong></span> <span class='ocrx_word' id='word_1_403' title='bbox 1593 4805 1789 4871; x_wconf 77' lang='lat' dir='ltr'><strong>fefellit</strong></span> <span class='ocrx_word' id='word_1_404' title='bbox 1831 4806 1929 4873; x_wconf 72' lang='lat' dir='ltr'><strong>qui</strong></span> <span class='ocrx_word' id='word_1_405' title='bbox 1960 4804 2083 4858; x_wconf 78' lang='lat' dir='ltr'><strong>Act.</strong></span> <span class='ocrx_word' id='word_1_406' title='bbox 2118 4802 2167 4869; x_wconf 79' lang='lat'><strong>7,</strong></span> <span class='ocrx_word' id='word_1_407' title='bbox 2203 4800 2273 4857; x_wconf 80' lang='lat'><strong>14</strong></span> <span class='ocrx_word' id='word_1_408' title='bbox 2314 4809 2367 4858; x_wconf 79' lang='lat' dir='ltr'><strong>et</strong></span> <span class='ocrx_word' id='word_1_409' title='bbox 2408 4802 2566 4871; x_wconf 66' lang='lat' dir='ltr'><strong>apud</strong></span> 
     </span>
     <span class='ocr_line' id='line_1_51' title="bbox 616 4869 2565 4943; baseline -0.001 -16"><span class='ocrx_word' id='word_1_410' title='bbox 616 4871 795 4927; x_wconf 82' lang='lat' dir='ltr'><strong>Lxx</strong></span> <span class='ocrx_word' id='word_1_411' title='bbox 818 4871 950 4927; x_wconf 81' lang='lat' dir='ltr'><strong>G‘en.</strong></span> <span class='ocrx_word' id='word_1_412' title='bbox 985 4869 1072 4941; x_wconf 80' lang='lat'><strong>46,</strong></span> <span class='ocrx_word' id='word_1_413' title='bbox 1107 4870 1202 4941; x_wconf 77' lang='lat'><strong>273</strong></span> <span class='ocrx_word' id='word_1_414' title='bbox 1242 4871 1426 4927; x_wconf 78' lang='lat' dir='ltr'><strong>Eoeod.</strong></span> <span class='ocrx_word' id='word_1_415' title='bbox 1449 4872 1497 4940; x_wconf 93' lang='grc'><strong>1,</strong></span> <span class='ocrx_word' id='word_1_416' title='bbox 1531 4871 1566 4925; x_wconf 87' lang='grc'>5</span> <span class='ocrx_word' id='word_1_417' title='bbox 1599 4877 1946 4942; x_wconf 70' lang='lat' dir='ltr'><strong>sepmyn&#39;nta</strong></span> <span class='ocrx_word' id='word_1_418' title='bbox 1978 4873 2218 4943; x_wconf 71' lang='lat' dir='ltr'><strong>quinque</strong></span> <span class='ocrx_word' id='word_1_419' title='bbox 2248 4873 2565 4925; x_wconf 54' lang='lat' dir='ltr'><strong>aminarum</strong></span> 
     </span>
     <span class='ocr_line' id='line_1_52' title="bbox 614 4938 2562 5010; baseline -0.002 -15"><span class='ocrx_word' id='word_1_420' title='bbox 614 4939 832 4996; x_wconf 65' lang='lat' dir='ltr'><strong>dicitur.</strong></span> <span class='ocrx_word' id='word_1_421' title='bbox 904 4941 1196 5010; x_wconf 80' lang='lat' dir='ltr'><strong>Sexaginta</strong></span> <span class='ocrx_word' id='word_1_422' title='bbox 1231 4957 1328 4996; x_wconf 83' lang='lat' dir='ltr'><strong>sex</strong></span> <span class='ocrx_word' id='word_1_423' title='bbox 1362 4941 1562 4995; x_wconf 78' lang='lat' dir='ltr'><strong>habent</strong></span> <span class='ocrx_word' id='word_1_424' title='bbox 1592 4944 1914 4997; x_wconf 75' lang='lat' dir='ltr'><strong>recentiores</strong></span> <span class='ocrx_word' id='word_1_425' title='bbox 1945 4940 2075 4995; x_wconf 79' lang='lat' dir='ltr'><strong>inde</strong></span> <span class='ocrx_word' id='word_1_426' title='bbox 2108 4958 2145 4995; x_wconf 86' lang='lat' dir='ltr'><strong>a</strong></span> <span class='ocrx_word' id='word_1_427' title='bbox 2178 4938 2332 4994; x_wconf 82' lang='lat'><strong>1563.</strong></span> <span class='ocrx_word' id='word_1_428' title='bbox 2393 4939 2562 5008; x_wconf 75' lang='lat' dir='ltr'><strong>Quem</strong></span> 
     </span>
     <span class='ocr_line' id='line_1_53' title="bbox 614 5007 2561 5079; baseline 0.001 -16"><span class='ocrx_word' id='word_1_429' title='bbox 614 5025 900 5064; x_wconf 73' lang='lat' dir='ltr'><strong>numerum</strong></span> <span class='ocrx_word' id='word_1_430' title='bbox 945 5015 1217 5065; x_wconf 77' lang='lat' dir='ltr'><strong>corrector</strong></span> <span class='ocrx_word' id='word_1_431' title='bbox 1248 5025 1316 5064; x_wconf 67' lang='lat' dir='ltr'><strong>ee</strong></span> <span class='ocrx_word' id='word_1_432' title='bbox 1366 5008 1501 5062; x_wconf 80' lang='lat' dir='ltr'><strong>Gen.</strong></span> <span class='ocrx_word' id='word_1_433' title='bbox 1523 5007 1620 5076; x_wconf 63' lang='lat'><strong>46,</strong></span> <span class='ocrx_word' id='word_1_434' title='bbox 1656 5009 1724 5063; x_wconf 82' lang='lat'><strong>26</strong></span> <span class='ocrx_word' id='word_1_435' title='bbox 1769 5012 2094 5079; x_wconf 67' lang='lat' dir='ltr'><strong>desumpsit,</strong></span> <span class='ocrx_word' id='word_1_436' title='bbox 2135 5012 2258 5077; x_wconf 65' lang='lat' dir='ltr'><strong>ipso</strong></span> <span class='ocrx_word' id='word_1_437' title='bbox 2301 5009 2403 5069; x_wconf 70' lang='lat' dir='ltr'><strong>hoc</strong></span> <span class='ocrx_word' id='word_1_438' title='bbox 2445 5010 2561 5064; x_wconf 80' lang='lat' dir='ltr'><strong>loco</strong></span> 
     </span>
     <span class='ocr_line' id='line_1_54' title="bbox 615 5076 2561 5147; baseline -0.002 -14"><span class='ocrx_word' id='word_1_439' title='bbox 615 5079 677 5133; x_wconf 67' lang='grc' dir='ltr'><strong>ὄπ</strong></span> <span class='ocrx_word' id='word_1_440' title='bbox 710 5094 832 5133; x_wconf 83' lang='lat' dir='ltr'><strong>mar</strong></span> <span class='ocrx_word' id='word_1_441' title='bbox 881 5080 958 5132; x_wconf 83' lang='lat' dir='ltr'><strong>&#39;ne</strong></span> <span class='ocrx_word' id='word_1_442' title='bbox 989 5078 1232 5134; x_wconf 71' lang='lat' dir='ltr'><strong>laudam.</strong></span> <span class='ocrx_word' id='word_1_443' title='bbox 1297 5079 1484 5131; x_wconf 77' lang='lat' dir='ltr'><strong>Antea</strong></span> <span class='ocrx_word' id='word_1_444' title='bbox 1517 5094 1698 5132; x_wconf 76' lang='lat' dir='ltr'><strong>omnes</strong></span> <span class='ocrx_word' id='word_1_445' title='bbox 1731 5080 1921 5134; x_wconf 73' lang='lat' dir='ltr'><strong>adseri</strong></span> <span class='ocrx_word' id='word_1_446' title='bbox 1956 5085 2141 5133; x_wconf 71' lang='lat' dir='ltr'><strong>seram</strong></span> <span class='ocrx_word' id='word_1_447' title='bbox 2178 5078 2308 5133; x_wconf 85' lang='lat' dir='ltr'><strong>Gen.</strong></span> <span class='ocrx_word' id='word_1_448' title='bbox 2344 5076 2432 5147; x_wconf 76' lang='lat'><strong>49,</strong></span> <span class='ocrx_word' id='word_1_449' title='bbox 2460 5093 2561 5146; x_wconf 79' lang='lat' dir='ltr'><strong>po·</strong></span> 
     </span>
     <span class='ocr_line' id='line_1_55' title="bbox 614 5144 2563 5214; baseline -0.002 -13"><span class='ocrx_word' id='word_1_450' title='bbox 614 5152 730 5201; x_wconf 71' lang='lat' dir='ltr'><strong>etea</strong></span> <span class='ocrx_word' id='word_1_451' title='bbox 767 5146 834 5200; x_wconf 91' lang='grc'><strong>15</strong></span> <span class='ocrx_word' id='word_1_452' title='bbox 870 5147 903 5200; x_wconf 89' lang='grc'>6</span> <span class='ocrx_word' id='word_1_453' title='bbox 929 5162 1002 5201; x_wconf 79' lang='lat' dir='ltr'><strong>ss.</strong></span> <span class='ocrx_word' id='word_1_454' title='bbox 1029 5147 1212 5202; x_wconf 72' lang='lat' dir='ltr'><strong>Exod.</strong></span> <span class='ocrx_word' id='word_1_455' title='bbox 1249 5146 1295 5214; x_wconf 90' lang='lat'><strong>1,</strong></span> <span class='ocrx_word' id='word_1_456' title='bbox 1331 5144 1382 5199; x_wconf 93' lang='grc'><strong>5.</strong></span> <span class='ocrx_word' id='word_1_457' title='bbox 1518 5145 1578 5211; x_wconf 84' lang='grc'>4)</span> <span class='ocrx_word' id='word_1_458' title='bbox 1620 5147 1716 5201; x_wconf 88' lang='lat' dir='ltr'><strong>Bin</strong></span> <span class='ocrx_word' id='word_1_459' title='bbox 1751 5149 1840 5202; x_wconf 85' lang='lat' dir='ltr'><strong>oni</strong></span> <span class='ocrx_word' id='word_1_460' title='bbox 1876 5147 1906 5200; x_wconf 90' lang='lat'>1</span> <span class='ocrx_word' id='word_1_461' title='bbox 1980 5146 2029 5202; x_wconf 75' lang='lat'><strong>2.</strong></span> <span class='ocrx_word' id='word_1_462' title='bbox 2067 5145 2222 5202; x_wconf 72' lang='lat'>1545.</span> <span class='ocrx_word' id='word_1_463' title='bbox 2277 5145 2563 5201; x_wconf 62' lang='grc' dir='ltr'><strong>θαάσσει</strong></span> 
     </span>
     <span class='ocr_line' id='line_1_56' title="bbox 612 5214 1365 5287; baseline 0 -16"><span class='ocrx_word' id='word_1_464' title='bbox 612 5214 858 5272; x_wconf 75' lang='lat' dir='ltr'><strong>Bon-oni.</strong></span> <span class='ocrx_word' id='word_1_465' title='bbox 931 5215 1026 5271; x_wconf 71' lang='lat' dir='ltr'><strong>Sic</strong></span> <span class='ocrx_word' id='word_1_466' title='bbox 1056 5231 1266 5287; x_wconf 72' lang='lat' dir='ltr'><strong>quoque</strong></span> <span class='ocrx_word' id='word_1_467' title='bbox 1298 5215 1365 5271; x_wconf 78' lang='lat' dir='ltr'><strong>G.</strong></span> 
     </span>
    </p>
   </div>
   <div class='ocr_carea' id='block_1_6' title="bbox 2118 295 3072 366">
    <p class='ocr_par' dir='ltr' id='par_1_6' title="bbox 2118 295 3072 366">
     <span class='ocr_line' id='line_1_57' title="bbox 2118 295 3072 366; baseline -0.007 0"><span class='ocrx_word' id='word_1_468' title='bbox 2118 295 3072 366; x_wconf 79' lang='lat' dir='ltr'><strong>PSYOHOPANNYOHIA.</strong></span> 
     </span>
    </p>
   </div>
   <div class='ocr_carea' id='block_1_7' title="bbox 2602 486 2630 5251">
    <p class='ocr_par' dir='ltr' id='par_1_7' title="bbox 2602 486 2630 5251">
     <span class='ocr_line' id='line_1_58' title="bbox 2602 486 2630 5251; baseline 0 0"><span class='ocrx_word' id='word_1_469' title='bbox 2602 486 2630 5251; x_wconf 95' lang='lat' dir='ltr'><strong> </strong></span> 
     </span>
    </p>
   </div>
   <div class='ocr_carea' id='block_1_8' title="bbox 4484 291 4609 352">
    <p class='ocr_par' dir='ltr' id='par_1_8' title="bbox 4484 291 4609 352">
     <span class='ocr_line' id='line_1_59' title="bbox 4484 291 4609 352; baseline 0.008 -1"><span class='ocrx_word' id='word_1_470' title='bbox 4484 291 4609 352; x_wconf 84' lang='lat'><strong>180</strong></span> 
     </span>
    </p>
   </div>
   <div class='ocr_carea' id='block_1_9' title="bbox 2655 477 4663 2874">
    <p class='ocr_par' dir='ltr' id='par_1_9' title="bbox 2655 477 4663 2874">
     <span class='ocr_line' id='line_1_60' title="bbox 2657 477 4611 562; baseline -0.005 -13"><span class='ocrx_word' id='word_1_471' title='bbox 2657 506 2806 550; x_wconf 91' lang='lat' dir='ltr'><strong>cum</strong></span> <span class='ocrx_word' id='word_1_472' title='bbox 2851 504 3067 561; x_wconf 90' lang='lat' dir='ltr'><strong>carne,</strong></span> <span class='ocrx_word' id='word_1_473' title='bbox 3116 490 3233 548; x_wconf 87' lang='lat' dir='ltr'><strong>aut</strong></span> <span class='ocrx_word' id='word_1_474' title='bbox 3255 482 3579 546; x_wconf 88' lang='lat' dir='ltr'><strong>rationem</strong></span> <span class='ocrx_word' id='word_1_475' title='bbox 3608 500 3757 545; x_wconf 91' lang='lat' dir='ltr'><strong>cum</strong></span> <span class='ocrx_word' id='word_1_476' title='bbox 3784 478 4114 562; x_wconf 90' lang='lat' dir='ltr'><strong>cupidine:</strong></span> <span class='ocrx_word' id='word_1_477' title='bbox 4154 477 4267 543; x_wconf 91' lang='lat' dir='ltr'><strong>sed</strong></span> <span class='ocrx_word' id='word_1_478' title='bbox 4312 477 4611 542; x_wconf 90' lang='lat' dir='ltr'><strong>animam</strong></span> 
     </span>
     <span class='ocr_line' id='line_1_61' title="bbox 2657 563 4608 653; baseline -0.004 -18"><span class='ocrx_word' id='word_1_479' title='bbox 2657 571 2888 653; x_wconf 90' lang='lat' dir='ltr'><strong>ipsam,</strong></span> <span class='ocrx_word' id='word_1_480' title='bbox 2927 575 3249 651; x_wconf 91' lang='lat' dir='ltr'><strong>quatenus</strong></span> <span class='ocrx_word' id='word_1_481' title='bbox 3284 588 3323 631; x_wconf 94' lang='lat' dir='ltr'><strong>a</strong></span> <span class='ocrx_word' id='word_1_482' title='bbox 3358 567 3593 650; x_wconf 89' lang='lat' dir='ltr'><strong>spiritu</strong></span> <span class='ocrx_word' id='word_1_483' title='bbox 3627 565 3757 630; x_wconf 89' lang='lat' dir='ltr'><strong>Dei</strong></span> <span class='ocrx_word' id='word_1_484' title='bbox 3780 565 4052 647; x_wconf 87' lang='lat' dir='ltr'><strong>regitur,</strong></span> <span class='ocrx_word' id='word_1_485' title='bbox 4090 584 4313 629; x_wconf 89' lang='lat' dir='ltr'><strong>secum</strong></span> <span class='ocrx_word' id='word_1_486' title='bbox 4347 563 4608 641; x_wconf 83' lang='lat' dir='ltr'><strong>luctari,</strong></span> 
     </span>
     <span class='ocr_line' id='line_1_62' title="bbox 2657 649 4613 739; baseline -0.005 -19"><span class='ocrx_word' id='word_1_487' title='bbox 2657 664 2980 739; x_wconf 89' lang='lat' dir='ltr'><strong>quatenus</strong></span> <span class='ocrx_word' id='word_1_488' title='bbox 3021 652 3233 719; x_wconf 89' lang='lat' dir='ltr'><strong>adhuc</strong></span> <span class='ocrx_word' id='word_1_489' title='bbox 3276 653 3513 736; x_wconf 90' lang='lat' dir='ltr'><strong>spiritu</strong></span> <span class='ocrx_word' id='word_1_490' title='bbox 3564 652 3697 716; x_wconf 90' lang='lat' dir='ltr'><strong>Dei</strong></span> <span class='ocrx_word' id='word_1_491' title='bbox 3749 669 3956 716; x_wconf 89' lang='lat' dir='ltr'><strong>vacua</strong></span> <span class='ocrx_word' id='word_1_492' title='bbox 4000 659 4126 726; x_wconf 87' lang='lat' dir='ltr'><strong>est,</strong></span> <span class='ocrx_word' id='word_1_493' title='bbox 4172 649 4438 731; x_wconf 82' lang='lat' dir='ltr'><strong>suisque</strong></span> <span class='ocrx_word' id='word_1_494' title='bbox 4496 667 4613 712; x_wconf 92' lang='lat' dir='ltr'><strong>cu-</strong></span> 
     </span>
     <span class='ocr_line' id='line_1_63' title="bbox 2658 734 4613 824; baseline -0.004 -19"><span class='ocrx_word' id='word_1_495' title='bbox 2658 739 3043 824; x_wconf 85' lang='lat' dir='ltr'><strong>piditatibus</strong></span> <span class='ocrx_word' id='word_1_496' title='bbox 3087 738 3361 804; x_wconf 88' lang='lat' dir='ltr'><strong>addicta.</strong></span> <span class='ocrx_word' id='word_1_497' title='bbox 3441 737 3731 815; x_wconf 79' lang='lat' dir='ltr'><strong>Scimus,</strong></span> <span class='ocrx_word' id='word_1_498' title='bbox 3779 734 3937 800; x_wconf 90' lang='lat' dir='ltr'><strong>dum</strong></span> <span class='ocrx_word' id='word_1_499' title='bbox 3978 734 4177 799; x_wconf 89' lang='lat' dir='ltr'><strong>simul</strong></span> <span class='ocrx_word' id='word_1_500' title='bbox 4219 736 4613 817; x_wconf 89' lang='lat' dir='ltr'><strong>iunguntur,</strong></span> 
     </span>
     <span class='ocr_line' id='line_1_64' title="bbox 2657 821 4613 909; baseline -0.004 -18"><span class='ocrx_word' id='word_1_501' title='bbox 2657 848 2776 909; x_wconf 89' lang='lat' dir='ltr'><strong>per</strong></span> <span class='ocrx_word' id='word_1_502' title='bbox 2798 827 3102 904; x_wconf 91' lang='lat' dir='ltr'><strong>animam,</strong></span> <span class='ocrx_word' id='word_1_503' title='bbox 3136 826 3540 890; x_wconf 88' lang='lat' dir='ltr'><strong>voluntatem</strong></span> <span class='ocrx_word' id='word_1_504' title='bbox 3572 822 3934 905; x_wconf 88' lang='lat' dir='ltr'><strong>designari:</strong></span> <span class='ocrx_word' id='word_1_505' title='bbox 3958 842 4079 903; x_wconf 88' lang='lat' dir='ltr'><strong>per</strong></span> <span class='ocrx_word' id='word_1_506' title='bbox 4097 821 4406 905; x_wconf 89' lang='lat' dir='ltr'><strong>spiritum</strong></span> <span class='ocrx_word' id='word_1_507' title='bbox 4430 839 4613 898; x_wconf 89' lang='lat' dir='ltr'><strong>vero,</strong></span> 
     </span>
     <span class='ocr_line' id='line_1_65' title="bbox 2658 902 4620 992; baseline -0.004 -17"><span class='ocrx_word' id='word_1_508' title='bbox 2658 912 3079 977; x_wconf 88' lang='lat' dir='ltr'><strong>intellectum.</strong></span> <span class='ocrx_word' id='word_1_509' title='bbox 3171 908 3284 975; x_wconf 82' lang='lat' dir='ltr'><strong>Sic</strong></span> <span class='ocrx_word' id='word_1_510' title='bbox 3325 910 3618 992; x_wconf 88' lang='lat' dir='ltr'><strong>loquitur</strong></span> <span class='ocrx_word' id='word_1_511' title='bbox 3650 908 3916 984; x_wconf 87' lang='lat' dir='ltr'><strong>Iesaias,</strong></span> <span class='ocrx_word' id='word_1_512' title='bbox 3960 906 4208 971; x_wconf 87' lang='lat' dir='ltr'><strong>Anima</strong></span> <span class='ocrx_word' id='word_1_513' title='bbox 4249 926 4397 970; x_wconf 91' lang='lat' dir='ltr'><strong>mea</strong></span> <span class='ocrx_word' id='word_1_514' title='bbox 4442 902 4620 970; x_wconf 88' lang='lat' dir='ltr'><strong>desi-</strong></span> 
     </span>
     <span class='ocr_line' id='line_1_66' title="bbox 2662 992 4610 1075; baseline -0.002 -15"><span class='ocrx_word' id='word_1_515' title='bbox 2662 995 2919 1063; x_wconf 88' lang='lat' dir='ltr'><strong>deravit</strong></span> <span class='ocrx_word' id='word_1_516' title='bbox 2963 995 3047 1061; x_wconf 91' lang='lat' dir='ltr'><strong>ad</strong></span> <span class='ocrx_word' id='word_1_517' title='bbox 3090 1003 3155 1061; x_wconf 91' lang='lat' dir='ltr'><strong>te</strong></span> <span class='ocrx_word' id='word_1_518' title='bbox 3198 997 3269 1060; x_wconf 91' lang='lat' dir='ltr'><strong>in</strong></span> <span class='ocrx_word' id='word_1_519' title='bbox 3306 1003 3530 1060; x_wconf 88' lang='lat' dir='ltr'><strong>nocte:</strong></span> <span class='ocrx_word' id='word_1_520' title='bbox 3571 994 3685 1059; x_wconf 92' lang='lat' dir='ltr'><strong>sed</strong></span> <span class='ocrx_word' id='word_1_521' title='bbox 3731 1001 3797 1059; x_wconf 86' lang='lat' dir='ltr'><strong>et</strong></span> <span class='ocrx_word' id='word_1_522' title='bbox 3837 993 3909 1056; x_wconf 92' lang='lat' dir='ltr'><strong>in</strong></span> <span class='ocrx_word' id='word_1_523' title='bbox 3953 993 4190 1075; x_wconf 86' lang='lat' dir='ltr'><strong>spiritu</strong></span> <span class='ocrx_word' id='word_1_524' title='bbox 4230 1013 4377 1056; x_wconf 91' lang='lat' dir='ltr'><strong>meo</strong></span> <span class='ocrx_word' id='word_1_525' title='bbox 4420 992 4610 1056; x_wconf 88' lang='lat' dir='ltr'><strong>intra</strong></span> 
     </span>
     <span class='ocr_line' id='line_1_67' title="bbox 2659 1078 4617 1166; baseline -0.003 -19"><span class='ocrx_word' id='word_1_526' title='bbox 2659 1104 2765 1148; x_wconf 91' lang='lat' dir='ltr'><strong>me</strong></span> <span class='ocrx_word' id='word_1_527' title='bbox 2809 1080 3094 1166; x_wconf 84' lang='lat' dir='ltr'><strong>vigilabo</strong></span> <span class='ocrx_word' id='word_1_528' title='bbox 3150 1081 3232 1146; x_wconf 92' lang='lat' dir='ltr'><strong>ad</strong></span> <span class='ocrx_word' id='word_1_529' title='bbox 3277 1089 3341 1145; x_wconf 89' lang='lat' dir='ltr'><strong>te</strong></span> <span class='ocrx_word' id='word_1_530' title='bbox 3398 1080 3549 1164; x_wconf 90' lang='lat' dir='ltr'><strong>(Ies.</strong></span> <span class='ocrx_word' id='word_1_531' title='bbox 3610 1084 3723 1157; x_wconf 87' lang='grc'><strong>26,</strong></span> <span class='ocrx_word' id='word_1_532' title='bbox 3773 1079 3859 1163; x_wconf 89' lang='grc'><strong>9).</strong></span> <span class='ocrx_word' id='word_1_533' title='bbox 3947 1079 4040 1142; x_wconf 84' lang='lat' dir='ltr'><strong>&#39;Et</strong></span> <span class='ocrx_word' id='word_1_534' title='bbox 4081 1078 4361 1156; x_wconf 91' lang='lat' dir='ltr'><strong>Paulus,</strong></span> <span class='ocrx_word' id='word_1_535' title='bbox 4404 1098 4617 1159; x_wconf 92' lang='lat' dir='ltr'><strong>quum</strong></span> 
     </span>
     <span class='ocr_line' id='line_1_68' title="bbox 2655 1162 4620 1251; baseline -0.004 -18"><span class='ocrx_word' id='word_1_536' title='bbox 2655 1177 2961 1251; x_wconf 87' lang='lat' dir='ltr'><strong>precatur</strong></span> <span class='ocrx_word' id='word_1_537' title='bbox 3002 1175 3080 1232; x_wconf 88' lang='lat' dir='ltr'><strong>ut</strong></span> <span class='ocrx_word' id='word_1_538' title='bbox 3116 1166 3732 1232; x_wconf 72' lang='lat' dir='ltr'><strong>Thessalonicenses</strong></span> <span class='ocrx_word' id='word_1_539' title='bbox 3775 1164 4031 1248; x_wconf 86' lang='lat' dir='ltr'><strong>integro</strong></span> <span class='ocrx_word' id='word_1_540' title='bbox 4069 1163 4207 1228; x_wconf 92' lang='lat' dir='ltr'><strong>sint</strong></span> <span class='ocrx_word' id='word_1_541' title='bbox 4240 1162 4497 1246; x_wconf 87' lang='lat' dir='ltr'><strong>spiritu,</strong></span> <span class='ocrx_word' id='word_1_542' title='bbox 4548 1171 4620 1227; x_wconf 88' lang='lat' dir='ltr'><strong>et</strong></span> 
     </span>
     <span class='ocr_line' id='line_1_69' title="bbox 2661 1248 4619 1335; baseline -0.003 -16"><span class='ocrx_word' id='word_1_543' title='bbox 2661 1255 2881 1319; x_wconf 89' lang='lat' dir='ltr'><strong>anima</strong></span> <span class='ocrx_word' id='word_1_544' title='bbox 2924 1260 2992 1317; x_wconf 88' lang='lat' dir='ltr'><strong>et</strong></span> <span class='ocrx_word' id='word_1_545' title='bbox 3033 1272 3320 1335; x_wconf 88' lang='lat' dir='ltr'><strong>corpore,</strong></span> <span class='ocrx_word' id='word_1_546' title='bbox 3359 1252 3456 1316; x_wconf 89' lang='lat' dir='ltr'><strong>ita</strong></span> <span class='ocrx_word' id='word_1_547' title='bbox 3497 1258 3572 1317; x_wconf 89' lang='lat' dir='ltr'><strong>ut</strong></span> <span class='ocrx_word' id='word_1_548' title='bbox 3604 1253 3678 1316; x_wconf 91' lang='lat' dir='ltr'><strong>in</strong></span> <span class='ocrx_word' id='word_1_549' title='bbox 3720 1249 3905 1315; x_wconf 85' lang='lat' dir='ltr'><strong>nullo</strong></span> <span class='ocrx_word' id='word_1_550' title='bbox 3949 1249 4202 1332; x_wconf 88' lang='lat' dir='ltr'><strong>possint</strong></span> <span class='ocrx_word' id='word_1_551' title='bbox 4243 1248 4497 1330; x_wconf 88' lang='lat' dir='ltr'><strong>culpari</strong></span> <span class='ocrx_word' id='word_1_552' title='bbox 4544 1249 4619 1313; x_wconf 91' lang='lat' dir='ltr'><strong>in</strong></span> 
     </span>
     <span class='ocr_line' id='line_1_70' title="bbox 2660 1334 4619 1426; baseline -0.002 -23"><span class='ocrx_word' id='word_1_553' title='bbox 2660 1337 2947 1405; x_wconf 88' lang='lat' dir='ltr'><strong>adventu</strong></span> <span class='ocrx_word' id='word_1_554' title='bbox 2981 1338 3254 1426; x_wconf 72' lang='lat' dir='ltr'><strong>Domini</strong></span> <span class='ocrx_word' id='word_1_555' title='bbox 3285 1338 3493 1403; x_wconf 86' lang='lat' dir='ltr'><strong>nostri</strong></span> <span class='ocrx_word' id='word_1_556' title='bbox 3513 1337 3666 1402; x_wconf 91' lang='lat' dir='ltr'><strong>Iesu</strong></span> <span class='ocrx_word' id='word_1_557' title='bbox 3702 1335 3952 1401; x_wconf 84' lang='lat' dir='ltr'><strong>Christi</strong></span> <span class='ocrx_word' id='word_1_558' title='bbox 3997 1336 4060 1420; x_wconf 96' lang='lat' dir='ltr'><strong>(l</strong></span> <span class='ocrx_word' id='word_1_559' title='bbox 4104 1334 4330 1399; x_wconf 76' lang='lat' dir='ltr'><strong>Thess.</strong></span> <span class='ocrx_word' id='word_1_560' title='bbox 4372 1340 4430 1410; x_wconf 84' lang='lat'><strong>5,</strong></span> <span class='ocrx_word' id='word_1_561' title='bbox 4470 1335 4619 1414; x_wconf 84' lang='lat'><strong>23):</strong></span> 
     </span>
     <span class='ocr_line' id='line_1_71' title="bbox 2660 1419 4618 1504; baseline -0.002 -15"><span class='ocrx_word' id='word_1_562' title='bbox 2660 1423 2783 1489; x_wconf 91' lang='grc'><strong>1166</strong></span> <span class='ocrx_word' id='word_1_563' title='bbox 2817 1425 2993 1489; x_wconf 91' lang='lat' dir='ltr'><strong>enim</strong></span> <span class='ocrx_word' id='word_1_564' title='bbox 3027 1424 3188 1502; x_wconf 84' lang='lat' dir='ltr'><strong>vult,</strong></span> <span class='ocrx_word' id='word_1_565' title='bbox 3228 1431 3304 1487; x_wconf 90' lang='lat' dir='ltr'><strong>ut</strong></span> <span class='ocrx_word' id='word_1_566' title='bbox 3339 1429 3518 1487; x_wconf 84' lang='lat' dir='ltr'><strong>recta</strong></span> <span class='ocrx_word' id='word_1_567' title='bbox 3537 1423 3758 1487; x_wconf 91' lang='lat' dir='ltr'><strong>omnia</strong></span> <span class='ocrx_word' id='word_1_568' title='bbox 3792 1422 4079 1504; x_wconf 82' lang='lat' dir='ltr'><strong>cogitent</strong></span> <span class='ocrx_word' id='word_1_569' title='bbox 4114 1428 4182 1484; x_wconf 89' lang='lat' dir='ltr'><strong>et</strong></span> <span class='ocrx_word' id='word_1_570' title='bbox 4214 1419 4447 1500; x_wconf 88' lang='lat' dir='ltr'><strong>velint,</strong></span> <span class='ocrx_word' id='word_1_571' title='bbox 4486 1440 4618 1485; x_wconf 89' lang='grc'><strong>1166</strong></span> 
     </span>
     <span class='ocr_line' id='line_1_72' title="bbox 2660 1505 4619 1588; baseline -0.002 -14"><span class='ocrx_word' id='word_1_572' title='bbox 2660 1509 2955 1574; x_wconf 88' lang='lat' dir='ltr'><strong>membra</strong></span> <span class='ocrx_word' id='word_1_573' title='bbox 3019 1528 3139 1574; x_wconf 91' lang='lat' dir='ltr'><strong>sua</strong></span> <span class='ocrx_word' id='word_1_574' title='bbox 3204 1508 3558 1573; x_wconf 74' lang='lat' dir='ltr'><strong>exhibeant</strong></span> <span class='ocrx_word' id='word_1_575' title='bbox 3632 1527 3819 1572; x_wconf 86' lang='lat' dir='ltr'><strong>arma</strong></span> <span class='ocrx_word' id='word_1_576' title='bbox 3896 1505 4260 1588; x_wconf 85' lang='lat' dir='ltr'><strong>iniquitatis</strong></span> <span class='ocrx_word' id='word_1_577' title='bbox 4326 1513 4619 1587; x_wconf 87' lang='lat' dir='ltr'><strong>peccato.</strong></span> 
     </span>
     <span class='ocr_line' id='line_1_73' title="bbox 2661 1591 4625 1678; baseline -0.002 -18"><span class='ocrx_word' id='word_1_578' title='bbox 2661 1595 2914 1660; x_wconf 83' lang='lat' dir='ltr'><strong>Eodem</strong></span> <span class='ocrx_word' id='word_1_579' title='bbox 2955 1596 3256 1678; x_wconf 88' lang='lat' dir='ltr'><strong>pertinet,</strong></span> <span class='ocrx_word' id='word_1_580' title='bbox 3302 1594 3477 1676; x_wconf 91' lang='lat' dir='ltr'><strong>quod</strong></span> <span class='ocrx_word' id='word_1_581' title='bbox 3519 1592 3745 1658; x_wconf 87' lang='lat' dir='ltr'><strong>scribit</strong></span> <span class='ocrx_word' id='word_1_582' title='bbox 3787 1591 3939 1656; x_wconf 89' lang='lat' dir='ltr'><strong>alibi</strong></span> <span class='ocrx_word' id='word_1_583' title='bbox 3980 1591 4311 1674; x_wconf 88' lang='lat' dir='ltr'><strong>apostolus</strong></span> <span class='ocrx_word' id='word_1_584' title='bbox 4363 1592 4538 1674; x_wconf 86' lang='lat' dir='ltr'><strong>ipse:</strong></span> <span class='ocrx_word' id='word_1_585' title='bbox 4575 1595 4625 1676; x_wconf 88' lang='lat'><strong>¹)</strong></span> 
     </span>
     <span class='ocr_line' id='line_1_74' title="bbox 2664 1678 4627 1762; baseline -0.002 -16"><span class='ocrx_word' id='word_1_586' title='bbox 2664 1701 3030 1746; x_wconf 89' lang='lat' dir='ltr'><strong>sermonem</strong></span> <span class='ocrx_word' id='word_1_587' title='bbox 3072 1678 3204 1744; x_wconf 90' lang='lat' dir='ltr'><strong>Dei</strong></span> <span class='ocrx_word' id='word_1_588' title='bbox 3247 1680 3475 1746; x_wconf 84' lang='lat' dir='ltr'><strong>vivum</strong></span> <span class='ocrx_word' id='word_1_589' title='bbox 3519 1699 3678 1757; x_wconf 89' lang='lat' dir='ltr'><strong>esse,</strong></span> <span class='ocrx_word' id='word_1_590' title='bbox 3724 1689 3792 1742; x_wconf 90' lang='lat' dir='ltr'><strong>et</strong></span> <span class='ocrx_word' id='word_1_591' title='bbox 3831 1679 4391 1762; x_wconf 89' lang='lat' dir='ltr'><strong>penetrantiorem</strong></span> <span class='ocrx_word' id='word_1_592' title='bbox 4434 1680 4627 1743; x_wconf 90' lang='lat' dir='ltr'><strong>omni</strong></span> 
     </span>
     <span class='ocr_line' id='line_1_75' title="bbox 2665 1761 4628 1851; baseline -0.001 -21"><span class='ocrx_word' id='word_1_593' title='bbox 2665 1765 2880 1851; x_wconf 91' lang='lat' dir='ltr'><strong>gladio</strong></span> <span class='ocrx_word' id='word_1_594' title='bbox 2934 1766 3220 1849; x_wconf 86' lang='lat' dir='ltr'><strong>ancipiti,</strong></span> <span class='ocrx_word' id='word_1_595' title='bbox 3274 1766 3756 1850; x_wconf 87' lang='lat' dir='ltr'><strong>pertingentem</strong></span> <span class='ocrx_word' id='word_1_596' title='bbox 3826 1777 4029 1847; x_wconf 83' lang='lat' dir='ltr'><strong>usque</strong></span> <span class='ocrx_word' id='word_1_597' title='bbox 4086 1761 4169 1828; x_wconf 92' lang='lat' dir='ltr'><strong>ad</strong></span> <span class='ocrx_word' id='word_1_598' title='bbox 4225 1761 4628 1829; x_wconf 85' lang='lat' dir='ltr'><strong>divisionem</strong></span> 
     </span>
     <span class='ocr_line' id='line_1_76' title="bbox 2664 1848 4627 1934; baseline -0.002 -17"><span class='ocrx_word' id='word_1_599' title='bbox 2664 1853 2920 1918; x_wconf 90' lang='lat' dir='ltr'><strong>animae</strong></span> <span class='ocrx_word' id='word_1_600' title='bbox 2956 1859 3033 1916; x_wconf 82' lang='lat' dir='ltr'><strong>et·</strong></span> <span class='ocrx_word' id='word_1_601' title='bbox 3057 1851 3327 1933; x_wconf 91' lang='lat' dir='ltr'><strong>spiritus</strong></span> <span class='ocrx_word' id='word_1_602' title='bbox 3363 1869 3880 1934; x_wconf 88' lang='lat' dir='ltr'><strong>compagumque</strong></span> <span class='ocrx_word' id='word_1_603' title='bbox 3901 1858 3967 1915; x_wconf 91' lang='lat' dir='ltr'><strong>et</strong></span> <span class='ocrx_word' id='word_1_604' title='bbox 3999 1848 4460 1928; x_wconf 85' lang='lat' dir='ltr'><strong>medullarum,</strong></span> <span class='ocrx_word' id='word_1_605' title='bbox 4485 1848 4627 1915; x_wconf 89' lang='lat' dir='ltr'><strong>dis-</strong></span> 
     </span>
     <span class='ocr_line' id='line_1_77' title="bbox 2665 1932 4629 2021; baseline -0.001 -18"><span class='ocrx_word' id='word_1_606' title='bbox 2665 1947 2982 2003; x_wconf 89' lang='lat' dir='ltr'><strong>cretorem</strong></span> <span class='ocrx_word' id='word_1_607' title='bbox 3027 1937 3493 2021; x_wconf 86' lang='lat' dir='ltr'><strong>cogitationum</strong></span> <span class='ocrx_word' id='word_1_608' title='bbox 3534 1935 3748 2001; x_wconf 87' lang='lat' dir='ltr'><strong>cordis</strong></span> <span class='ocrx_word' id='word_1_609' title='bbox 3794 1935 4028 2019; x_wconf 88' lang='lat' dir='ltr'><strong>(Hebr.</strong></span> <span class='ocrx_word' id='word_1_610' title='bbox 4067 1941 4126 2014; x_wconf 86' lang='lat'><strong>4,</strong></span> <span class='ocrx_word' id='word_1_611' title='bbox 4182 1934 4306 2012; x_wconf 84' lang='lat'>12).</span> <span class='ocrx_word' id='word_1_612' title='bbox 4386 1932 4629 2015; x_wconf 81' lang='lat' dir='ltr'><strong>Quan-</strong></span> 
     </span>
     <span class='ocr_line' id='line_1_78' title="bbox 2664 2020 4663 2106; baseline -0.001 -18"><span class='ocrx_word' id='word_1_613' title='bbox 2664 2043 2861 2106; x_wconf 90' lang='lat' dir='ltr'><strong>quam</strong></span> <span class='ocrx_word' id='word_1_614' title='bbox 2902 2024 2973 2087; x_wconf 91' lang='lat' dir='ltr'><strong>in</strong></span> <span class='ocrx_word' id='word_1_615' title='bbox 3015 2021 3139 2087; x_wconf 88' lang='lat' dir='ltr'><strong>hoc</strong></span> <span class='ocrx_word' id='word_1_616' title='bbox 3181 2030 3511 2106; x_wconf 87' lang='lat' dir='ltr'><strong>postremo</strong></span> <span class='ocrx_word' id='word_1_617' title='bbox 3569 2022 3712 2087; x_wconf 94' lang='lat' dir='ltr'><strong>loco</strong></span> <span class='ocrx_word' id='word_1_618' title='bbox 3766 2020 4065 2086; x_wconf 89' lang='lat' dir='ltr'><strong>nonnulli</strong></span> <span class='ocrx_word' id='word_1_619' title='bbox 4131 2041 4249 2104; x_wconf 91' lang='lat' dir='ltr'><strong>per</strong></span> <span class='ocrx_word' id='word_1_620' title='bbox 4303 2021 4663 2102; x_wconf 67' lang='lat' dir='ltr'><strong>spiritum·</strong></span> 
     </span>
     <span class='ocr_line' id='line_1_79' title="bbox 2665 2107 4625 2192; baseline 0 -19"><span class='ocrx_word' id='word_1_621' title='bbox 2665 2109 2923 2174; x_wconf 87' lang='lat' dir='ltr'><strong>malunt</strong></span> <span class='ocrx_word' id='word_1_622' title='bbox 2987 2107 3356 2192; x_wconf 88' lang='lat' dir='ltr'><strong>intelligere</strong></span> <span class='ocrx_word' id='word_1_623' title='bbox 3414 2108 3768 2173; x_wconf 89' lang='lat' dir='ltr'><strong>essentiam</strong></span> <span class='ocrx_word' id='word_1_624' title='bbox 3818 2107 4000 2171; x_wconf 89' lang='lat' dir='ltr'><strong>illam</strong></span> <span class='ocrx_word' id='word_1_625' title='bbox 4056 2108 4161 2171; x_wconf 92' lang='lat' dir='ltr'><strong>cui</strong></span> <span class='ocrx_word' id='word_1_626' title='bbox 4215 2108 4393 2172; x_wconf 91' lang='lat' dir='ltr'><strong>inest</strong></span> <span class='ocrx_word' id='word_1_627' title='bbox 4447 2109 4625 2173; x_wconf 87' lang='lat' dir='ltr'><strong>ratio</strong></span> 
     </span>
     <span class='ocr_line' id='line_1_80' title="bbox 2667 2191 4631 2278; baseline -0.001 -17"><span class='ocrx_word' id='word_1_628' title='bbox 2667 2215 2741 2260; x_wconf 86' lang='lat' dir='ltr'><strong>ac</strong></span> <span class='ocrx_word' id='word_1_629' title='bbox 2784 2194 3109 2272; x_wconf 86' lang='lat' dir='ltr'><strong>voluntas,</strong></span> <span class='ocrx_word' id='word_1_630' title='bbox 3146 2192 3227 2257; x_wconf 93' lang='grc'><strong>(16</strong></span> <span class='ocrx_word' id='word_1_631' title='bbox 3272 2214 3401 2278; x_wconf 92' lang='lat' dir='ltr'><strong>qua</strong></span> <span class='ocrx_word' id='word_1_632' title='bbox 3444 2215 3622 2259; x_wconf 90' lang='lat' dir='ltr'><strong>nunc</strong></span> <span class='ocrx_word' id='word_1_633' title='bbox 3669 2191 4135 2277; x_wconf 86' lang='lat' dir='ltr'><strong>disceptamus:</strong></span> <span class='ocrx_word' id='word_1_634' title='bbox 4172 2213 4292 2274; x_wconf 92' lang='lat' dir='ltr'><strong>per</strong></span> <span class='ocrx_word' id='word_1_635' title='bbox 4326 2193 4631 2259; x_wconf 87' lang='lat' dir='ltr'><strong>animam</strong></span> 
     </span>
     <span class='ocr_line' id='line_1_81' title="bbox 2666 2277 4625 2362; baseline -0.001 -16"><span class='ocrx_word' id='word_1_636' title='bbox 2666 2288 2889 2346; x_wconf 90' lang='lat' dir='ltr'><strong>autem</strong></span> <span class='ocrx_word' id='word_1_637' title='bbox 2906 2331 2923 2359; x_wconf 96' lang='lat'><strong>,</strong></span> <span class='ocrx_word' id='word_1_638' title='bbox 2970 2279 3238 2345; x_wconf 85' lang='lat' dir='ltr'><strong>vitalem</strong></span> <span class='ocrx_word' id='word_1_639' title='bbox 3281 2287 3533 2345; x_wconf 91' lang='lat' dir='ltr'><strong>motum</strong></span> <span class='ocrx_word' id='word_1_640' title='bbox 3550 2331 3566 2357; x_wconf 94' lang='lat'><strong>,</strong></span> <span class='ocrx_word' id='word_1_641' title='bbox 3624 2289 3691 2344; x_wconf 89' lang='lat' dir='ltr'><strong>et</strong></span> <span class='ocrx_word' id='word_1_642' title='bbox 3746 2300 3977 2344; x_wconf 91' lang='lat' dir='ltr'><strong>sensus</strong></span> <span class='ocrx_word' id='word_1_643' title='bbox 4030 2299 4190 2360; x_wconf 90' lang='lat' dir='ltr'><strong>quos</strong></span> <span class='ocrx_word' id='word_1_644' title='bbox 4283 2277 4625 2362; x_wconf 86' lang='lat' dir='ltr'><strong>hilosophi</strong></span> 
     </span>
     <span class='ocr_line' id='line_1_82' title="bbox 2667 2362 4629 2450; baseline -0.001 -18"><span class='ocrx_word' id='word_1_645' title='bbox 2667 2366 3037 2450; x_wconf 89' lang='lat' dir='ltr'><strong>superiores</strong></span> <span class='ocrx_word' id='word_1_646' title='bbox 3073 2372 3141 2429; x_wconf 92' lang='lat' dir='ltr'><strong>et</strong></span> <span class='ocrx_word' id='word_1_647' title='bbox 3179 2365 3523 2431; x_wconf 84' lang='lat' dir='ltr'><strong>inferiores</strong></span> <span class='ocrx_word' id='word_1_648' title='bbox 3545 2373 3799 2442; x_wconf 89' lang='lat' dir='ltr'><strong>vocant,</strong></span> <span class='ocrx_word' id='word_1_649' title='bbox 3846 2362 3912 2429; x_wconf 93' lang='lat' dir='ltr'><strong>id</strong></span> <span class='ocrx_word' id='word_1_650' title='bbox 3947 2371 4063 2442; x_wconf 87' lang='lat' dir='ltr'><strong>est,</strong></span> <span class='ocrx_word' id='word_1_651' title='bbox 4101 2362 4293 2447; x_wconf 59' lang='grc' dir='ltr'><strong><em>ὁρμὰς</em></strong></span> <span class='ocrx_word' id='word_1_652' title='bbox 4336 2369 4440 2426; x_wconf 73' lang='grc' dir='ltr'><strong>καὶ</strong></span> <span class='ocrx_word' id='word_1_653' title='bbox 4486 2367 4629 2430; x_wconf 67' lang='lat' dir='ltr'><strong>alc·</strong></span> 
     </span>
     <span class='ocr_line' id='line_1_83' title="bbox 2665 2449 4633 2534; baseline 0.001 -19"><span class='ocrx_word' id='word_1_654' title='bbox 2665 2453 2900 2531; x_wconf 74' lang='grc' dir='ltr'><strong>θήσεις.</strong></span> <span class='ocrx_word' id='word_1_655' title='bbox 2957 2450 3213 2515; x_wconf 86' lang='lat' dir='ltr'><strong>Verum</strong></span> <span class='ocrx_word' id='word_1_656' title='bbox 3246 2472 3447 2533; x_wconf 91' lang='lat' dir='ltr'><strong>quum</strong></span> <span class='ocrx_word' id='word_1_657' title='bbox 3482 2461 3833 2534; x_wconf 89' lang='lat' dir='ltr'><strong>utrumque</strong></span> <span class='ocrx_word' id='word_1_658' title='bbox 3867 2449 4170 2533; x_wconf 87' lang='lat' dir='ltr'><strong>plurimis</strong></span> <span class='ocrx_word' id='word_1_659' title='bbox 4204 2449 4364 2515; x_wconf 86' lang='lat' dir='ltr'><strong>locis</strong></span> <span class='ocrx_word' id='word_1_660' title='bbox 4400 2472 4633 2516; x_wconf 85' lang='lat' dir='ltr'><strong>essen·</strong></span> 
     </span>
     <span class='ocr_line' id='line_1_84' title="bbox 2665 2536 4626 2618; baseline 0.001 -17"><span class='ocrx_word' id='word_1_661' title='bbox 2665 2538 2828 2603; x_wconf 91' lang='lat' dir='ltr'><strong>tiam</strong></span> <span class='ocrx_word' id='word_1_662' title='bbox 2869 2536 3338 2615; x_wconf 89' lang='lat' dir='ltr'><strong>immortalem,</strong></span> <span class='ocrx_word' id='word_1_663' title='bbox 3376 2557 3545 2618; x_wconf 89' lang='lat' dir='ltr'><strong>quae</strong></span> <span class='ocrx_word' id='word_1_664' title='bbox 3587 2537 3656 2600; x_wconf 93' lang='lat' dir='ltr'><strong>in</strong></span> <span class='ocrx_word' id='word_1_665' title='bbox 3701 2537 3967 2601; x_wconf 90' lang='lat' dir='ltr'><strong>homine</strong></span> <span class='ocrx_word' id='word_1_666' title='bbox 4026 2537 4200 2602; x_wconf 88' lang='lat' dir='ltr'><strong>vitae</strong></span> <span class='ocrx_word' id='word_1_667' title='bbox 4252 2557 4455 2602; x_wconf 88' lang='lat' dir='ltr'><strong>causa</strong></span> <span class='ocrx_word' id='word_1_668' title='bbox 4500 2545 4626 2617; x_wconf 83' lang='lat' dir='ltr'><strong>est,</strong></span> 
     </span>
     <span class='ocr_line' id='line_1_85' title="bbox 2667 2620 4629 2706; baseline 0 -18"><span class='ocrx_word' id='word_1_669' title='bbox 2667 2623 3009 2706; x_wconf 90' lang='lat' dir='ltr'><strong>significet,</strong></span> <span class='ocrx_word' id='word_1_670' title='bbox 3030 2643 3185 2686; x_wconf 21' lang='lat' dir='ltr'><strong>*non</strong></span> <span class='ocrx_word' id='word_1_671' title='bbox 3225 2620 3489 2687; x_wconf 84' lang='lat' dir='ltr'><strong>rixandi</strong></span> <span class='ocrx_word' id='word_1_672' title='bbox 3522 2641 3750 2688; x_wconf 85' lang='lat' dir='ltr'><strong>causas</strong></span> <span class='ocrx_word' id='word_1_673' title='bbox 3787 2629 4053 2706; x_wconf 88' lang='lat' dir='ltr'><strong>captent</strong></span> <span class='ocrx_word' id='word_1_674' title='bbox 4095 2642 4179 2686; x_wconf 82' lang='lat' dir='ltr'><strong>ex</strong></span> <span class='ocrx_word' id='word_1_675' title='bbox 4221 2621 4629 2702; x_wconf 90' lang='lat' dir='ltr'><strong>nominibus,</strong></span> 
     </span>
     <span class='ocr_line' id='line_1_86' title="bbox 2667 2706 4629 2791; baseline 0.001 -18"><span class='ocrx_word' id='word_1_676' title='bbox 2667 2708 2782 2773; x_wconf 90' lang='lat' dir='ltr'><strong>sed</strong></span> <span class='ocrx_word' id='word_1_677' title='bbox 2832 2729 2974 2772; x_wconf 91' lang='lat' dir='ltr'><strong>rem</strong></span> <span class='ocrx_word' id='word_1_678' title='bbox 3028 2706 3242 2789; x_wconf 92' lang='lat' dir='ltr'><strong>ipsam</strong></span> <span class='ocrx_word' id='word_1_679' title='bbox 3309 2707 3704 2790; x_wconf 87' lang='lat' dir='ltr'><strong>percipiant,</strong></span> <span class='ocrx_word' id='word_1_680' title='bbox 3762 2728 4150 2790; x_wconf 91' lang='lat' dir='ltr'><strong>quocunque</strong></span> <span class='ocrx_word' id='word_1_681' title='bbox 4207 2708 4629 2791; x_wconf 88' lang='lat' dir='ltr'><strong>significetur</strong></span> 
     </span>
     <span class='ocr_line' id='line_1_87' title="bbox 2667 2791 4629 2874; baseline 0.002 -16"><span class='ocrx_word' id='word_1_682' title='bbox 2667 2795 2946 2859; x_wconf 91' lang='lat' dir='ltr'><strong>nomine.</strong></span> <span class='ocrx_word' id='word_1_683' title='bbox 3036 2791 3118 2857; x_wconf 94' lang='lat' dir='ltr'><strong>Id</strong></span> <span class='ocrx_word' id='word_1_684' title='bbox 3162 2813 3318 2858; x_wconf 88' lang='lat' dir='ltr'><strong>vero</strong></span> <span class='ocrx_word' id='word_1_685' title='bbox 3365 2814 3560 2874; x_wconf 90' lang='lat' dir='ltr'><strong>quam</strong></span> <span class='ocrx_word' id='word_1_686' title='bbox 3605 2814 3838 2859; x_wconf 86' lang='lat' dir='ltr'><strong>verum</strong></span> <span class='ocrx_word' id='word_1_687' title='bbox 3881 2794 3984 2872; x_wconf 89' lang='lat' dir='ltr'><strong>sit,</strong></span> <span class='ocrx_word' id='word_1_688' title='bbox 4031 2814 4210 2859; x_wconf 92' lang='lat' dir='ltr'><strong>nunc</strong></span> <span class='ocrx_word' id='word_1_689' title='bbox 4247 2793 4629 2862; x_wconf 86' lang='lat' dir='ltr'><strong>doceamus.</strong></span> 
     </span>
    </p>
   </div>
   <div class='ocr_carea' id='block_1_10' title="bbox 2664 2963 4637 4853">
    <p class='ocr_par' dir='ltr' id='par_1_10' title="bbox 2665 2963 4637 4423">
     <span class='ocr_line' id='line_1_88' title="bbox 2836 2963 4633 3057; baseline 0.002 -27"><span class='ocrx_word' id='word_1_690' title='bbox 2836 2963 3238 3057; x_wconf 74' lang='lat' dir='ltr'><strong>Incipiemus</strong></span> <span class='ocrx_word' id='word_1_691' title='bbox 3273 2971 3492 3030; x_wconf 88' lang='lat' dir='ltr'><strong>autem</strong></span> <span class='ocrx_word' id='word_1_692' title='bbox 3536 2963 3617 3030; x_wconf 92' lang='lat' dir='ltr'><strong>ab</strong></span> <span class='ocrx_word' id='word_1_693' title='bbox 3658 2965 3800 3048; x_wconf 90' lang='lat' dir='ltr'><strong>ipsa</strong></span> <span class='ocrx_word' id='word_1_694' title='bbox 3826 2965 4112 3031; x_wconf 85' lang='lat' dir='ltr'><strong>hominis</strong></span> <span class='ocrx_word' id='word_1_695' title='bbox 4155 2966 4509 3044; x_wconf 85' lang='lat' dir='ltr'><strong>creatione,</strong></span> <span class='ocrx_word' id='word_1_696' title='bbox 4558 2969 4633 3034; x_wconf 90' lang='lat' dir='ltr'><strong>in</strong></span> 
     </span>
     <span class='ocr_line' id='line_1_89' title="bbox 2666 3050 4630 3134; baseline 0.003 -19"><span class='ocrx_word' id='word_1_697' title='bbox 2666 3072 2797 3133; x_wconf 93' lang='lat' dir='ltr'><strong>qua</strong></span> <span class='ocrx_word' id='word_1_698' title='bbox 2814 3050 3301 3134; x_wconf 89' lang='lat' dir='ltr'><strong>perspiciemus,</strong></span> <span class='ocrx_word' id='word_1_699' title='bbox 3326 3050 3536 3133; x_wconf 91' lang='lat' dir='ltr'><strong>qualis</strong></span> <span class='ocrx_word' id='word_1_700' title='bbox 3560 3051 3641 3117; x_wconf 90' lang='lat' dir='ltr'><strong>ab</strong></span> <span class='ocrx_word' id='word_1_701' title='bbox 3678 3051 3867 3117; x_wconf 88' lang='lat' dir='ltr'><strong>initio</strong></span> <span class='ocrx_word' id='word_1_702' title='bbox 3890 3052 4102 3117; x_wconf 83' lang='lat' dir='ltr'><strong>factus</strong></span> <span class='ocrx_word' id='word_1_703' title='bbox 4135 3053 4347 3117; x_wconf 86' lang='lat' dir='ltr'><strong>fuerit.</strong></span> <span class='ocrx_word' id='word_1_704' title='bbox 4406 3051 4630 3121; x_wconf 80' lang='lat' dir='ltr'><strong>Sacra</strong></span> 
     </span>
     <span class='ocr_line' id='line_1_90' title="bbox 2665 3136 4637 3217; baseline 0.003 -16"><span class='ocrx_word' id='word_1_705' title='bbox 2665 3136 2944 3201; x_wconf 87' lang='lat' dir='ltr'><strong>historia</strong></span> <span class='ocrx_word' id='word_1_706' title='bbox 2984 3136 3194 3215; x_wconf 92' lang='lat' dir='ltr'><strong>nobis,</strong></span> <span class='ocrx_word' id='word_1_707' title='bbox 3240 3146 3393 3201; x_wconf 87' lang='lat' dir='ltr'><strong>ante</strong></span> <span class='ocrx_word' id='word_1_708' title='bbox 3435 3147 3731 3203; x_wconf 88' lang='lat' dir='ltr'><strong>creatum</strong></span> <span class='ocrx_word' id='word_1_709' title='bbox 3773 3137 4126 3217; x_wconf 90' lang='lat' dir='ltr'><strong>hominem,</strong></span> <span class='ocrx_word' id='word_1_710' title='bbox 4153 3147 4637 3207; x_wconf 84' lang='lat' dir='ltr'><strong>commemorat</strong></span> 
     </span>
     <span class='ocr_line' id='line_1_91' title="bbox 2666 3221 4628 3307; baseline 0.002 -19"><span class='ocrx_word' id='word_1_711' title='bbox 2666 3223 2796 3288; x_wconf 91' lang='lat' dir='ltr'><strong>Dei</strong></span> <span class='ocrx_word' id='word_1_712' title='bbox 2839 3221 3183 3288; x_wconf 88' lang='lat' dir='ltr'><strong>consilium</strong></span> <span class='ocrx_word' id='word_1_713' title='bbox 3228 3221 3308 3289; x_wconf 88' lang='lat' dir='ltr'><strong>de</strong></span> <span class='ocrx_word' id='word_1_714' title='bbox 3351 3223 3644 3288; x_wconf 87' lang='lat' dir='ltr'><strong>faciendo</strong></span> <span class='ocrx_word' id='word_1_715' title='bbox 3688 3224 3829 3306; x_wconf 90' lang='lat' dir='ltr'><strong>ipso</strong></span> <span class='ocrx_word' id='word_1_716' title='bbox 3872 3223 3959 3288; x_wconf 90' lang='lat' dir='ltr'><strong>ad</strong></span> <span class='ocrx_word' id='word_1_717' title='bbox 4016 3225 4371 3307; x_wconf 88' lang='lat' dir='ltr'><strong>imaginem</strong></span> <span class='ocrx_word' id='word_1_718' title='bbox 4418 3233 4490 3290; x_wconf 88' lang='lat' dir='ltr'><strong>et</strong></span> <span class='ocrx_word' id='word_1_719' title='bbox 4538 3228 4628 3292; x_wconf 89' lang='lat' dir='ltr'><strong>si-</strong></span> 
     </span>
     <span class='ocr_line' id='line_1_92' title="bbox 2666 3308 4628 3393; baseline 0.003 -21"><span class='ocrx_word' id='word_1_720' title='bbox 2666 3308 3106 3377; x_wconf 87' lang='lat' dir='ltr'><strong>militudinem</strong></span> <span class='ocrx_word' id='word_1_721' title='bbox 3163 3328 3350 3374; x_wconf 88' lang='lat' dir='ltr'><strong>suam</strong></span> <span class='ocrx_word' id='word_1_722' title='bbox 3409 3309 3603 3392; x_wconf 84' lang='lat' dir='ltr'><strong>(Gen.</strong></span> <span class='ocrx_word' id='word_1_723' title='bbox 3672 3314 3735 3388; x_wconf 92' lang='lat' dir='ltr'><strong>l,</strong></span> <span class='ocrx_word' id='word_1_724' title='bbox 3794 3313 3925 3393; x_wconf 85' lang='lat'>26).</span> <span class='ocrx_word' id='word_1_725' title='bbox 4028 3309 4214 3390; x_wconf 74' lang='lat' dir='ltr'><strong>Quae</strong></span> <span class='ocrx_word' id='word_1_726' title='bbox 4271 3311 4481 3375; x_wconf 88' lang='lat' dir='ltr'><strong>verba</strong></span> <span class='ocrx_word' id='word_1_727' title='bbox 4544 3311 4628 3377; x_wconf 88' lang='lat' dir='ltr'><strong>de</strong></span> 
     </span>
     <span class='ocr_line' id='line_1_93' title="bbox 2667 3392 4629 3479; baseline 0.003 -21"><span class='ocrx_word' id='word_1_728' title='bbox 2667 3414 2933 3476; x_wconf 89' lang='lat' dir='ltr'><strong>corpore</strong></span> <span class='ocrx_word' id='word_1_729' title='bbox 2977 3392 3161 3459; x_wconf 91' lang='lat' dir='ltr'><strong>nullo</strong></span> <span class='ocrx_word' id='word_1_730' title='bbox 3204 3392 3395 3458; x_wconf 91' lang='lat' dir='ltr'><strong>modo</strong></span> <span class='ocrx_word' id='word_1_731' title='bbox 3442 3394 3648 3478; x_wconf 84' lang='lat' dir='ltr'><strong>accipi</strong></span> <span class='ocrx_word' id='word_1_732' title='bbox 3684 3402 3974 3479; x_wconf 87' lang='lat' dir='ltr'><strong>possunt.</strong></span> <span class='ocrx_word' id='word_1_733' title='bbox 4032 3396 4113 3459; x_wconf 88' lang='lat' dir='ltr'><strong>ln</strong></span> <span class='ocrx_word' id='word_1_734' title='bbox 4159 3417 4305 3479; x_wconf 88' lang='lat' dir='ltr'><strong>quc,</strong></span> <span class='ocrx_word' id='word_1_735' title='bbox 4352 3399 4629 3464; x_wconf 78' lang='lat' dir='ltr'><strong>tametsi</strong></span> 
     </span>
     <span class='ocr_line' id='line_1_94' title="bbox 2665 3478 4629 3564; baseline 0.002 -20"><span class='ocrx_word' id='word_1_736' title='bbox 2665 3479 2964 3546; x_wconf 89' lang='lat' dir='ltr'><strong>mirabile</strong></span> <span class='ocrx_word' id='word_1_737' title='bbox 3008 3486 3170 3563; x_wconf 81' lang='lat' dir='ltr'><strong>o&#39;pus</strong></span> <span class='ocrx_word' id='word_1_738' title='bbox 3209 3478 3356 3558; x_wconf 89' lang='lat' dir='ltr'><strong>Dei,</strong></span> <span class='ocrx_word' id='word_1_739' title='bbox 3401 3501 3558 3564; x_wconf 89' lang='lat' dir='ltr'><strong>prae</strong></span> <span class='ocrx_word' id='word_1_740' title='bbox 3601 3480 3876 3547; x_wconf 90' lang='lat' dir='ltr'><strong>caeteris</strong></span> <span class='ocrx_word' id='word_1_741' title='bbox 3927 3481 4304 3564; x_wconf 87' lang='lat' dir='ltr'><strong>corporibus</strong></span> <span class='ocrx_word' id='word_1_742' title='bbox 4357 3484 4629 3561; x_wconf 73' lang='lat' dir='ltr'><strong>creaffis,</strong></span> 
     </span>
     <span class='ocr_line' id='line_1_95' title="bbox 2667 3564 4632 3651; baseline 0.002 -20"><span class='ocrx_word' id='word_1_743' title='bbox 2667 3573 2967 3650; x_wconf 88' lang='lat' dir='ltr'><strong>apparet,</strong></span> <span class='ocrx_word' id='word_1_744' title='bbox 3022 3564 3208 3631; x_wconf 87' lang='lat' dir='ltr'><strong>nulla</strong></span> <span class='ocrx_word' id='word_1_745' title='bbox 3267 3574 3485 3630; x_wconf 86' lang='lat' dir='ltr'><strong>tamen</strong></span> <span class='ocrx_word' id='word_1_746' title='bbox 3542 3567 3682 3632; x_wconf 91' lang='lat' dir='ltr'><strong>eius</strong></span> <span class='ocrx_word' id='word_1_747' title='bbox 3736 3567 3952 3651; x_wconf 89' lang='lat' dir='ltr'><strong>imago</strong></span> <span class='ocrx_word' id='word_1_748' title='bbox 3994 3568 4279 3651; x_wconf 86' lang='lat' dir='ltr'><strong>effulget.</strong></span> <span class='ocrx_word' id='word_1_749' title='bbox 4300 3568 4358 3651; x_wconf 83' lang='lat'><strong>²)</strong></span> <span class='ocrx_word' id='word_1_750' title='bbox 4452 3566 4632 3650; x_wconf 77' lang='lat' dir='ltr'><strong>Quis</strong></span> 
     </span>
     <span class='ocr_line' id='line_1_96' title="bbox 2665 3650 4630 3735; baseline 0.003 -19"><span class='ocrx_word' id='word_1_751' title='bbox 2665 3653 2841 3716; x_wconf 89' lang='lat' dir='ltr'><strong>enim</strong></span> <span class='ocrx_word' id='word_1_752' title='bbox 2882 3651 3045 3717; x_wconf 89' lang='lat' dir='ltr'><strong>haec</strong></span> <span class='ocrx_word' id='word_1_753' title='bbox 3101 3650 3417 3735; x_wconf 90' lang='lat' dir='ltr'><strong>loquitur:</strong></span> <span class='ocrx_word' id='word_1_754' title='bbox 3506 3652 3858 3718; x_wconf 81' lang='lat' dir='ltr'><strong>Faciamus</strong></span> <span class='ocrx_word' id='word_1_755' title='bbox 3917 3653 4250 3719; x_wconf 89' lang='lat' dir='ltr'><strong>hominem</strong></span> <span class='ocrx_word' id='word_1_756' title='bbox 4307 3652 4391 3718; x_wconf 91' lang='lat' dir='ltr'><strong>ad</strong></span> <span class='ocrx_word' id='word_1_757' title='bbox 4450 3655 4630 3721; x_wconf 83' lang='lat' dir='ltr'><strong>ima-</strong></span> 
     </span>
     <span class='ocr_line' id='line_1_97' title="bbox 2667 3737 4635 3824; baseline 0.004 -24"><span class='ocrx_word' id='word_1_758' title='bbox 2667 3738 2888 3821; x_wconf 91' lang='lat' dir='ltr'><strong>ginem</strong></span> <span class='ocrx_word' id='word_1_759' title='bbox 2933 3744 3000 3801; x_wconf 91' lang='lat' dir='ltr'><strong>et</strong></span> <span class='ocrx_word' id='word_1_760' title='bbox 3035 3737 3532 3804; x_wconf 85' lang='lat' dir='ltr'><strong>similitudinem</strong></span> <span class='ocrx_word' id='word_1_761' title='bbox 3576 3738 3912 3804; x_wconf 76' lang='lat' dir='ltr'><strong>nostram?</strong></span> <span class='ocrx_word' id='word_1_762' title='bbox 3957 3756 4210 3823; x_wconf 83' lang='lat' dir='ltr'><strong>nempe,</strong></span> <span class='ocrx_word' id='word_1_763' title='bbox 4254 3739 4464 3817; x_wconf 89' lang='lat' dir='ltr'><strong>Deus,</strong></span> <span class='ocrx_word' id='word_1_764' title='bbox 4515 3740 4635 3824; x_wconf 86' lang='lat' dir='ltr'><strong>qui</strong></span> 
     </span>
     <span class='ocr_line' id='line_1_98' title="bbox 2668 3822 4633 3909; baseline 0.004 -24"><span class='ocrx_word' id='word_1_765' title='bbox 2668 3822 2938 3905; x_wconf 86' lang='lat' dir='ltr'><strong>spiritus</strong></span> <span class='ocrx_word' id='word_1_766' title='bbox 2993 3832 3120 3902; x_wconf 90' lang='lat' dir='ltr'><strong>est,</strong></span> <span class='ocrx_word' id='word_1_767' title='bbox 3166 3825 3278 3907; x_wconf 90' lang='lat' dir='ltr'><strong>qui</strong></span> <span class='ocrx_word' id='word_1_768' title='bbox 3322 3824 3504 3889; x_wconf 82' lang='lat' dir='ltr'><strong>nulla</strong></span> <span class='ocrx_word' id='word_1_769' title='bbox 3547 3826 3833 3907; x_wconf 88' lang='lat' dir='ltr'><strong>corporis</strong></span> <span class='ocrx_word' id='word_1_770' title='bbox 3876 3826 4092 3909; x_wconf 84' lang='lat' dir='ltr'><strong>effigie</strong></span> <span class='ocrx_word' id='word_1_771' title='bbox 4135 3826 4633 3909; x_wconf 86' lang='lat' dir='ltr'><strong>repraesentari</strong></span> 
     </span>
     <span class='ocr_line' id='line_1_99' title="bbox 2667 3910 4632 3994; baseline 0.003 -22"><span class='ocrx_word' id='word_1_772' title='bbox 2667 3918 2900 3992; x_wconf 88' lang='lat' dir='ltr'><strong>potest.</strong></span> <span class='ocrx_word' id='word_1_773' title='bbox 2991 3910 3212 3993; x_wconf 87' lang='lat' dir='ltr'><strong>Atqui,</strong></span> <span class='ocrx_word' id='word_1_774' title='bbox 3260 3918 3336 3973; x_wconf 90' lang='lat' dir='ltr'><strong>ut</strong></span> <span class='ocrx_word' id='word_1_775' title='bbox 3377 3910 3594 3993; x_wconf 88' lang='lat' dir='ltr'><strong>imago</strong></span> <span class='ocrx_word' id='word_1_776' title='bbox 3639 3931 3713 3976; x_wconf 94' lang='grc'><strong>66</strong></span> <span class='ocrx_word' id='word_1_777' title='bbox 3794 3930 3975 3989; x_wconf 91' lang='lat' dir='ltr'><strong>orea,</strong></span> <span class='ocrx_word' id='word_1_778' title='bbox 4020 3931 4185 3994; x_wconf 89' lang='lat' dir='ltr'><strong>quae</strong></span> <span class='ocrx_word' id='word_1_779' title='bbox 4228 3912 4465 3977; x_wconf 85' lang='lat' dir='ltr'><strong>faciem</strong></span> <span class='ocrx_word' id='word_1_780' title='bbox 4511 3934 4632 3978; x_wconf 86' lang='lat' dir='ltr'><strong>ex-</strong></span> 
     </span>
     <span class='ocr_line' id='line_1_100' title="bbox 2668 3994 4632 4080; baseline 0.002 -22"><span class='ocrx_word' id='word_1_781' title='bbox 2668 4004 2929 4059; x_wconf 86' lang='lat' dir='ltr'><strong>ternam</strong></span> <span class='ocrx_word' id='word_1_782' title='bbox 2971 3994 3158 4060; x_wconf 91' lang='lat' dir='ltr'><strong>nobis</strong></span> <span class='ocrx_word' id='word_1_783' title='bbox 3200 3995 3420 4074; x_wconf 82' lang='lat' dir='ltr'><strong>refert,</strong></span> <span class='ocrx_word' id='word_1_784' title='bbox 3457 3994 3649 4060; x_wconf 90' lang='lat' dir='ltr'><strong>debet</strong></span> <span class='ocrx_word' id='word_1_785' title='bbox 3683 4017 3722 4061; x_wconf 91' lang='lat' dir='ltr'><strong>a</strong></span> <span class='ocrx_word' id='word_1_786' title='bbox 3802 3997 4027 4062; x_wconf 87' lang='lat' dir='ltr'><strong>vivum</strong></span> <span class='ocrx_word' id='word_1_787' title='bbox 4071 3997 4442 4080; x_wconf 81' lang='lat' dir='ltr'><strong>exprimere</strong></span> <span class='ocrx_word' id='word_1_788' title='bbox 4482 4017 4632 4062; x_wconf 92' lang='lat' dir='ltr'><strong>om-</strong></span> 
     </span>
     <span class='ocr_line' id='line_1_101' title="bbox 2668 4079 4631 4166; baseline 0.002 -21"><span class='ocrx_word' id='word_1_789' title='bbox 2668 4080 2782 4145; x_wconf 89' lang='lat' dir='ltr'><strong>nia</strong></span> <span class='ocrx_word' id='word_1_790' title='bbox 2823 4079 3228 4146; x_wconf 84' lang='lat' dir='ltr'><strong>lineamenta</strong></span> <span class='ocrx_word' id='word_1_791' title='bbox 3280 4088 3346 4146; x_wconf 89' lang='lat' dir='ltr'><strong>et</strong></span> <span class='ocrx_word' id='word_1_792' title='bbox 3387 4102 3614 4147; x_wconf 88' lang='lat' dir='ltr'><strong>omnes</strong></span> <span class='ocrx_word' id='word_1_793' title='bbox 3668 4080 3935 4161; x_wconf 86' lang='lat' dir='ltr'><strong>ductus,</strong></span> <span class='ocrx_word' id='word_1_794' title='bbox 3973 4090 4050 4147; x_wconf 91' lang='lat' dir='ltr'><strong>ut</strong></span> <span class='ocrx_word' id='word_1_795' title='bbox 4084 4104 4168 4148; x_wconf 80' lang='lat' dir='ltr'><strong>ex</strong></span> <span class='ocrx_word' id='word_1_796' title='bbox 4209 4082 4472 4166; x_wconf 84' lang='lat' dir='ltr'><strong>pictura</strong></span> <span class='ocrx_word' id='word_1_797' title='bbox 4515 4083 4631 4150; x_wconf 84' lang='lat' dir='ltr'><strong>vel</strong></span> 
     </span>
     <span class='ocr_line' id='line_1_102' title="bbox 2670 4165 4630 4251; baseline 0.002 -20"><span class='ocrx_word' id='word_1_798' title='bbox 2670 4165 3007 4248; x_wconf 88' lang='lat' dir='ltr'><strong>sculptura</strong></span> <span class='ocrx_word' id='word_1_799' title='bbox 3027 4167 3482 4250; x_wconf 89' lang='lat' dir='ltr'><strong>concipiamus,</strong></span> <span class='ocrx_word' id='word_1_800' title='bbox 3520 4184 3942 4250; x_wconf 88' lang='lat' dir='ltr'><strong>quaecunque</strong></span> <span class='ocrx_word' id='word_1_801' title='bbox 3978 4169 4049 4232; x_wconf 92' lang='lat' dir='ltr'><strong>in</strong></span> <span class='ocrx_word' id='word_1_802' title='bbox 4078 4168 4441 4251; x_wconf 79' lang='lat' dir='ltr'><strong>exemplari</strong></span> <span class='ocrx_word' id='word_1_803' title='bbox 4466 4189 4630 4235; x_wconf 82' lang='lat' dir='ltr'><strong>eon-</strong></span> 
     </span>
     <span class='ocr_line' id='line_1_103' title="bbox 2670 4251 4633 4423; baseline 0.003 -22"><span class='ocrx_word' id='word_1_804' title='bbox 2670 4251 2832 4402; x_wconf 55' lang='lat'><strong>3333</strong></span> <span class='ocrx_word' id='word_1_805' title='bbox 2876 4260 3176 4422; x_wconf 55' lang='lat' dir='ltr'><strong>gffgffi</strong></span> <span class='ocrx_word' id='word_1_806' title='bbox 3216 4252 4633 4423; x_wconf 48' lang='grc' dir='ltr'><strong>ἶὲἷᾶῗξέἒὲξὲἒῗὲἛῗὲὶὲ“ἒοῗέἒ”ἷὲ’</strong></span> 
     </span>
    </p>

    <p class='ocr_par' dir='ltr' id='par_1_11' title="bbox 2664 4377 4631 4853">
     <span class='ocr_line' id='line_1_104' title="bbox 2823 4377 4631 4417; baseline 0.002 -30"><span class='ocrx_word' id='word_1_807' title='bbox 2823 4389 2841 4417; x_wconf 68' lang='lat'><em>‚</em></span> <span class='ocrx_word' id='word_1_808' title='bbox 4602 4377 4631 4391; x_wconf 91' lang='lat'>-</span> 
     </span>
     <span class='ocr_line' id='line_1_105' title="bbox 2668 4424 4627 4509; baseline 0.002 -21"><span class='ocrx_word' id='word_1_809' title='bbox 2668 4425 2970 4489; x_wconf 86' lang='lat' dir='ltr'><strong>formare.</strong></span> <span class='ocrx_word' id='word_1_810' title='bbox 3059 4424 3279 4491; x_wconf 86' lang='lat' dir='ltr'><strong>Audio</strong></span> <span class='ocrx_word' id='word_1_811' title='bbox 3324 4425 3640 4509; x_wconf 89' lang='lat' dir='ltr'><strong>quosdam</strong></span> <span class='ocrx_word' id='word_1_812' title='bbox 3684 4446 3912 4491; x_wconf 79' lang='lat' dir='ltr'><strong>eorum</strong></span> <span class='ocrx_word' id='word_1_813' title='bbox 3955 4425 4050 4491; x_wconf 91' lang='lat' dir='ltr'><strong>sic</strong></span> <span class='ocrx_word' id='word_1_814' title='bbox 4091 4424 4349 4509; x_wconf 87' lang='lat' dir='ltr'><strong>nugari,</strong></span> <span class='ocrx_word' id='word_1_815' title='bbox 4395 4432 4477 4490; x_wconf 87' lang='lat' dir='ltr'><strong>ut</strong></span> <span class='ocrx_word' id='word_1_816' title='bbox 4522 4425 4627 4492; x_wconf 89' lang='lat' dir='ltr'><strong>di-</strong></span> 
     </span>
     <span class='ocr_line' id='line_1_106' title="bbox 2669 4509 4630 4594; baseline 0.003 -21"><span class='ocrx_word' id='word_1_817' title='bbox 2669 4517 2824 4574; x_wconf 88' lang='lat' dir='ltr'><strong>cant</strong></span> <span class='ocrx_word' id='word_1_818' title='bbox 2865 4510 3219 4593; x_wconf 86' lang='lat' dir='ltr'><strong>imaginem</strong></span> <span class='ocrx_word' id='word_1_819' title='bbox 3263 4511 3393 4575; x_wconf 89' lang='lat' dir='ltr'><strong>Dei</strong></span> <span class='ocrx_word' id='word_1_820' title='bbox 3433 4512 3663 4576; x_wconf 83' lang='lat' dir='ltr'><strong>referri</strong></span> <span class='ocrx_word' id='word_1_821' title='bbox 3714 4509 3797 4574; x_wconf 89' lang='lat' dir='ltr'><strong>ad</strong></span> <span class='ocrx_word' id='word_1_822' title='bbox 3849 4512 4197 4594; x_wconf 89' lang='lat' dir='ltr'><strong>imperium</strong></span> <span class='ocrx_word' id='word_1_823' title='bbox 4247 4510 4423 4594; x_wconf 93' lang='lat' dir='ltr'><strong>quod</strong></span> <span class='ocrx_word' id='word_1_824' title='bbox 4479 4522 4630 4579; x_wconf 84' lang='lat' dir='ltr'><strong>tra-</strong></span> 
     </span>
     <span class='ocr_line' id='line_1_107' title="bbox 2668 4594 4629 4680; baseline 0.003 -22"><span class='ocrx_word' id='word_1_825' title='bbox 2668 4594 2881 4659; x_wconf 89' lang='lat' dir='ltr'><strong>ditum</strong></span> <span class='ocrx_word' id='word_1_826' title='bbox 2922 4599 3039 4674; x_wconf 83' lang='lat' dir='ltr'><strong>[fol.</strong></span> <span class='ocrx_word' id='word_1_827' title='bbox 3079 4601 3145 4676; x_wconf 82' lang='lat'><strong>4]</strong></span> <span class='ocrx_word' id='word_1_828' title='bbox 3204 4604 3305 4663; x_wconf 86' lang='lat' dir='ltr'><strong>est</strong></span> <span class='ocrx_word' id='word_1_829' title='bbox 3347 4596 3597 4661; x_wconf 89' lang='lat' dir='ltr'><strong>homini</strong></span> <span class='ocrx_word' id='word_1_830' title='bbox 3657 4597 3725 4661; x_wconf 89' lang='lat' dir='ltr'><strong>iu</strong></span> <span class='ocrx_word' id='word_1_831' title='bbox 3770 4596 4021 4662; x_wconf 88' lang='lat' dir='ltr'><strong>beluas:</strong></span> <span class='ocrx_word' id='word_1_832' title='bbox 4068 4597 4241 4680; x_wconf 91' lang='lat' dir='ltr'><strong>quod</strong></span> <span class='ocrx_word' id='word_1_833' title='bbox 4294 4596 4496 4662; x_wconf 90' lang='lat' dir='ltr'><strong>homo</strong></span> <span class='ocrx_word' id='word_1_834' title='bbox 4545 4619 4629 4664; x_wconf 86' lang='lat' dir='ltr'><strong>ea</strong></span> 
     </span>
     <span class='ocr_line' id='line_1_108' title="bbox 2665 4680 4629 4765; baseline 0.002 -19"><span class='ocrx_word' id='word_1_835' title='bbox 2665 4680 2735 4765; x_wconf 77' lang='lat' dir='ltr'><strong>in</strong></span> <span class='ocrx_word' id='word_1_836' title='bbox 2775 4689 2965 4764; x_wconf 86' lang='lat' dir='ltr'><strong>parte</strong></span> <span class='ocrx_word' id='word_1_837' title='bbox 3010 4682 3224 4748; x_wconf 88' lang='lat' dir='ltr'><strong>simile</strong></span> <span class='ocrx_word' id='word_1_838' title='bbox 3264 4682 3507 4765; x_wconf 90' lang='lat' dir='ltr'><strong>aliquid</strong></span> <span class='ocrx_word' id='word_1_839' title='bbox 3550 4704 3700 4748; x_wconf 90' lang='lat' dir='ltr'><strong>cum</strong></span> <span class='ocrx_word' id='word_1_840' title='bbox 3747 4682 3892 4749; x_wconf 85' lang='lat' dir='ltr'><strong>Deo</strong></span> <span class='ocrx_word' id='word_1_841' title='bbox 3935 4683 4200 4749; x_wconf 88' lang='lat' dir='ltr'><strong>habeat:</strong></span> <span class='ocrx_word' id='word_1_842' title='bbox 4256 4682 4447 4749; x_wconf 88' lang='lat' dir='ltr'><strong>euius</strong></span> <span class='ocrx_word' id='word_1_843' title='bbox 4492 4685 4629 4749; x_wconf 87' lang='lat' dir='ltr'><strong>im·</strong></span> 
     </span>
     <span class='ocr_line' id='line_1_109' title="bbox 2664 4764 4631 4853; baseline 0.003 -22"><span class='ocrx_word' id='word_1_844' title='bbox 2664 4767 2923 4848; x_wconf 88' lang='lat' dir='ltr'><strong>perium</strong></span> <span class='ocrx_word' id='word_1_845' title='bbox 2977 4776 3078 4833; x_wconf 89' lang='lat' dir='ltr'><strong>est</strong></span> <span class='ocrx_word' id='word_1_846' title='bbox 3117 4768 3187 4832; x_wconf 92' lang='lat' dir='ltr'><strong>in</strong></span> <span class='ocrx_word' id='word_1_847' title='bbox 3229 4764 3467 4834; x_wconf 88' lang='lat' dir='ltr'><strong>omnia.</strong></span> <span class='ocrx_word' id='word_1_848' title='bbox 3550 4768 3635 4832; x_wconf 90' lang='lat' dir='ltr'><strong>In</strong></span> <span class='ocrx_word' id='word_1_849' title='bbox 3668 4789 3861 4851; x_wconf 90' lang='lat' dir='ltr'><strong>quem</strong></span> <span class='ocrx_word' id='word_1_850' title='bbox 3915 4768 4175 4853; x_wconf 85' lang='lat' dir='ltr'><strong>lapsum</strong></span> <span class='ocrx_word' id='word_1_851' title='bbox 4219 4767 4631 4853; x_wconf 55' lang='grc'><strong>0111166666-</strong></span> 
     </span>
    </p>
   </div>
   <div class='ocr_carea' id='block_1_11' title="bbox 2664 4951 3066 4960">
    <p class='ocr_par' dir='ltr' id='par_1_12' title="bbox 2664 4951 3066 4960">
     <span class='ocr_line' id='line_1_110' title="bbox 2664 4951 3066 4960; baseline 0 1015"><span class='ocrx_word' id='word_1_852' title='bbox 2664 4951 3066 4960; x_wconf 95' lang='lat' dir='ltr'><strong> </strong></span> 
     </span>
    </p>
   </div>
   <div class='ocr_carea' id='block_1_12' title="bbox 2662 5070 4625 5282">
    <p class='ocr_par' dir='ltr' id='par_1_13' title="bbox 2662 5070 4625 5282">
     <span class='ocr_line' id='line_1_111' title="bbox 2801 5070 4625 5146; baseline 0.002 -18"><span class='ocrx_word' id='word_1_853' title='bbox 2801 5074 2862 5139; x_wconf 93' lang='grc'><strong>1)</strong></span> <span class='ocrx_word' id='word_1_854' title='bbox 2903 5070 2997 5129; x_wconf 68' lang='lat' dir='ltr'><strong>St&#39;e</strong></span> <span class='ocrx_word' id='word_1_855' title='bbox 3031 5073 3170 5129; x_wconf 81' lang='lat'>1542</span> <span class='ocrx_word' id='word_1_856' title='bbox 3205 5081 3255 5130; x_wconf 75' lang='lat' dir='ltr'><strong>ei</strong></span> <span class='ocrx_word' id='word_1_857' title='bbox 3291 5072 3445 5131; x_wconf 76' lang='lat'>1545.</span> <span class='ocrx_word' id='word_1_858' title='bbox 3496 5075 3623 5146; x_wconf 79' lang='lat' dir='ltr'><strong>Ipse</strong></span> <span class='ocrx_word' id='word_1_859' title='bbox 3659 5078 3914 5133; x_wconf 69' lang='lat' dir='ltr'><strong>omittunt</strong></span> <span class='ocrx_word' id='word_1_860' title='bbox 3947 5083 4189 5133; x_wconf 64' lang='lat' dir='ltr'><strong>caetera</strong></span> <span class='ocrx_word' id='word_1_861' title='bbox 4221 5092 4422 5132; x_wconf 69' lang='lat' dir='ltr'><strong>onnes.</strong></span> <span class='ocrx_word' id='word_1_862' title='bbox 4484 5078 4625 5132; x_wconf 77' lang='lat' dir='ltr'><strong>Gal-</strong></span> 
     </span>
     <span class='ocr_line' id='line_1_112' title="bbox 2662 5143 4620 5213; baseline 0.003 -18"><span class='ocrx_word' id='word_1_863' title='bbox 2662 5143 2751 5195; x_wconf 69' lang='lat' dir='ltr'><strong>lus</strong></span> <span class='ocrx_word' id='word_1_864' title='bbox 2784 5144 2971 5197; x_wconf 73' lang='lat' dir='ltr'><strong>habet.-</strong></span> <span class='ocrx_word' id='word_1_865' title='bbox 3009 5143 3285 5213; x_wconf 82' lang='lat' dir='ltr'><strong>l’Apostrc</strong></span> <span class='ocrx_word' id='word_1_866' title='bbox 3322 5161 3427 5199; x_wconf 83' lang='lat' dir='ltr'><strong>aux</strong></span> <span class='ocrx_word' id='word_1_867' title='bbox 3460 5144 3751 5201; x_wconf 87' lang='lat' dir='ltr'><strong>Hebrieux.</strong></span> <span class='ocrx_word' id='word_1_868' title='bbox 3906 5145 3966 5213; x_wconf 79' lang='grc'>2)</span> <span class='ocrx_word' id='word_1_869' title='bbox 4003 5147 4321 5202; x_wconf 79' lang='lat' dir='ltr'><strong>Ambrosius</strong></span> <span class='ocrx_word' id='word_1_870' title='bbox 4357 5145 4496 5201; x_wconf 76' lang='lat' dir='ltr'><strong>libro</strong></span> <span class='ocrx_word' id='word_1_871' title='bbox 4526 5147 4620 5201; x_wconf 78' lang='lat' dir='ltr'><strong>vl.</strong></span> 
     </span>
     <span class='ocr_line' id='line_1_113' title="bbox 2663 5211 4093 5282; baseline 0.003 -17"><span class='ocrx_word' id='word_1_872' title='bbox 2663 5212 2910 5266; x_wconf 86' lang='lat' dir='ltr'><strong>hexaem.</strong></span> <span class='ocrx_word' id='word_1_873' title='bbox 2951 5211 3281 5282; x_wconf 77' lang='lat' dir='ltr'><strong>Augustinus</strong></span> <span class='ocrx_word' id='word_1_874' title='bbox 3317 5231 3362 5269; x_wconf 88' lang='lat' dir='ltr'><strong>c.</strong></span> <span class='ocrx_word' id='word_1_875' title='bbox 3396 5211 3448 5269; x_wconf 82' lang='lat'><strong>4.</strong></span> <span class='ocrx_word' id='word_1_876' title='bbox 3482 5214 3549 5270; x_wconf 89' lang='lat' dir='ltr'><strong>de</strong></span> <span class='ocrx_word' id='word_1_877' title='bbox 3586 5216 3823 5270; x_wconf 85' lang='lat' dir='ltr'><strong>trinitate</strong></span> <span class='ocrx_word' id='word_1_878' title='bbox 3861 5224 3918 5270; x_wconf 84' lang='lat' dir='ltr'><strong>et</strong></span> <span class='ocrx_word' id='word_1_879' title='bbox 3952 5216 4093 5270; x_wconf 74' lang='lat' dir='ltr'><strong>abbi.</strong></span> 
     </span>
    </p>
   </div>
   <div class='ocr_carea' id='block_1_13' title="bbox 4898 5 4931 5909">
    <p class='ocr_par' dir='ltr' id='par_1_14' title="bbox 4898 5 4931 5909">
     <span class='ocr_line' id='line_1_114' title="bbox 4898 5 4931 5909; baseline 0 0"><span class='ocrx_word' id='word_1_880' title='bbox 4898 5 4931 5909; x_wconf 95' lang='lat' dir='ltr'><strong> </strong></span> 
     </span>
    </p>
   </div>
  </div>
 </body>
</html>
