4984 5975
614 345 736 406 271

609 527 849 615 Syriae
890 528 1296 606 universam,
1341 525 1676 612 religionis
1726 547 1883 592 suae
1918 528 2245 594 consciam
2293 528 2555 593 faceret.

611 616 726 681 An
777 635 933 681 vero
972 634 1179 696 quum
1224 613 1716 697 potentissimus
1770 611 2084 697 dynastes
2132 617 2357 697 (quem
2401 634 2560 698 quo-

607 699 872 765 tidianis
897 699 1230 764 sacrificiis
1264 698 1417 764 deos
1460 719 1615 764 suos
1649 698 1910 781 placare
1944 700 2304 782 oportebat,
2344 701 2400 765 si
2439 699 2560 764 ali-

652 807 738 851 ua
808 805 1032 850 eorum
1101 784 1419 869 religione
1466 790 1830 865 teneretur,
1896 792 1965 849 et
2029 785 2292 850 solitum
2368 794 2564 850 antea

605 809 814 946 {isse
831 870 1185 937 verisimile
1221 870 1350 954 est)
1386 891 1469 935 ne
1503 870 1743 954 exiguo
1778 870 2043 953 quidem
2077 870 2274 936 thure
2318 873 2387 936 in
2425 879 2563 935 tota

606 958 749 1021 vita
789 957 1028 1035 litaret,
1072 957 1424 1040 ignoraret,
1468 957 1602 1021 imo
1629 954 1961 1022 dubitaret
1999 957 2359 1040 quisquam,
2408 957 2563 1022 deos

606 1040 756 1108 illos
794 1044 1172 1126 abnegasse,
1219 1063 1381 1126 quos
1414 1042 1661 1107 honore
1684 1041 1865 1106 nullo
1892 1041 2319 1126 dignaretur?
2381 1041 2563 1124 Quid

607 1148 764 1212 ergo
805 1137 1030 1211 postea
1071 1127 1488 1210 deprecatur,
1542 1128 1665 1193 sibi
1705 1135 1780 1193 ut
1812 1129 1882 1192 in
1923 1126 2084 1210 idoli
2123 1129 2365 1211 templo
2406 1128 2563 1194 ado-

605 1236 755 1279 rare
789 1213 1026 1280 liceat?
1094 1212 1524 1279 Simulandae
1595 1214 2080 1297 superstitionis
2135 1235 2332 1280 causa
2384 1215 2439 1278 si
2492 1214 2564 1278 id

604 1300 975 1384 postulasse
1016 1298 1374 1385 probarent
1417 1310 1485 1365 et
1536 1321 1575 1364 a
1627 1298 1949 1382 propheta
1989 1300 2367 1377 obtinuisse,
2417 1322 2562 1366 ver-

604 1386 761 1452 bum
820 1407 955 1450 non
1011 1384 1350 1451 adderem:
1407 1386 1523 1451 sed
1568 1386 1621 1450 si
1662 1406 1805 1451 rem
1849 1384 2043 1469 longe
2092 1407 2276 1452 secus
2319 1385 2563 1454 habere

602 1473 749 1557 ipsa
793 1491 1015 1537 sacrae
1059 1471 1372 1536 historiae
1406 1472 1609 1537 verba
1643 1471 1946 1550 clamant,
1993 1470 2181 1537 facile
2223 1471 2387 1538 haec
2427 1472 2565 1536 iam

606 1557 889 1624 solvitur
931 1556 1307 1622 difficultas:
1354 1558 1742 1639 praesertim
1796 1561 1944 1634 [pag.
1978 1562 2083 1635 37]
2125 1555 2235 1621 ubi
2284 1566 2560 1635 constat,

606 1645 701 1710 sic
733 1643 1062 1728 publicata
1103 1644 1244 1708 eius
1267 1642 1621 1727 religione,
1668 1641 1952 1726 qualiter
1991 1642 2453 1725 evulgaturum
2496 1665 2566 1708 se

606 1728 1048 1813 promittebat,
1104 1727 1363 1794 nullum
1422 1727 1824 1812 superfuisse
1883 1726 2274 1793 dubitationi
2326 1728 2562 1808 locum,

608 1817 768 1899 quin
799 1815 971 1880 idola
1011 1815 1232 1880 omnia
1275 1814 1471 1895 plane
1525 1820 1591 1878 et
1645 1821 2092 1878 contemneret
2145 1822 2213 1878 et
2267 1834 2564 1880 exsecra-

606 1901 771 1965 tioni
824 1900 1115 1966 haberet.
1203 1899 1389 1965 Haec
1431 1908 1653 1965 autem
1697 1906 1798 1964 est
1838 1898 2148 1981 postulati
2202 1901 2437 1964 forma:
2486 1898 2564 1965 Si

606 1987 927 2069 templum
972 1987 1233 2051 Remon
1265 1985 1677 2070 ingrediatur
1698 1985 1864 2049 forte
1899 2005 2017 2048 rex
2054 2006 2258 2064 meus,
2297 1993 2363 2050 et
2398 1986 2563 2051 mihi

605 2073 880 2138 innixus
925 2071 1326 2150 adoraverit,
1382 2092 1503 2156 ego
1539 2092 1794 2155 quoque
1843 2071 1897 2136 si
1951 2070 2145 2136 simul
2187 2071 2257 2135 in
2317 2071 2561 2155 templo

606 2159 868 2223 Remon
910 2157 1336 2237 adoraverim,
1383 2158 1551 2222 hanc
1598 2179 1738 2222 rem
1782 2177 1867 2221 ne
1909 2155 2189 2238 imputet
2230 2155 2563 2223 Dominus

609 2265 801 2309 servo
853 2264 987 2310 suo.
1068 2242 1243 2308 Illud
1305 2243 1385 2309 de
1442 2263 1594 2328 rege
1656 2245 1729 2308 in
1793 2242 1981 2306 illum
2039 2241 2364 2309 innitente
2421 2251 2561 2308 tam

608 2336 850 2413 aperte,
898 2337 1161 2413 tamque
1209 2329 1589 2395 notabiliter
1633 2328 1880 2396 dictum
1918 2328 1973 2392 si
2008 2328 2115 2393 vel
2158 2349 2292 2392 non
2338 2330 2560 2396 obser-

606 2423 789 2494 vant,
833 2416 935 2482 vel
979 2414 1094 2481 abs
1128 2435 1204 2480 re
1236 2416 1526 2499 positum
1562 2423 1814 2497 putant,
1850 2413 2041 2480 valde
2081 2420 2239 2479 sunt
2274 2415 2559 2481 hebetes.

605 2501 779 2566 Nam
822 2500 979 2567 inde
1022 2502 1189 2567 citra
1232 2500 1746 2567 controversiain
1788 2499 2138 2584 colligitur,
2183 2522 2318 2565 non
2363 2501 2559 2565 aliam

606 2586 730 2653 sibi
795 2586 1062 2654 concedi
1126 2586 1572 2652 adorationem
1648 2588 1942 2670 petiisse,
2018 2606 2215 2668 quam
2283 2607 2413 2670 qua
2490 2607 2561 2652 se

607 2672 691 2739 ad
732 2674 907 2757 regis
958 2673 1484 2752 inclinationem,
1540 2694 1734 2756 quem
1777 2671 2087 2737 fulciebat
2126 2672 2266 2754 ipse
2306 2679 2374 2736 et
2416 2693 2560 2737 sus·-

608 2758 940 2837 tentabat,
1005 2758 1538 2830 accommodaret.
1612 2757 1696 2823 Id
1750 2765 1968 2823 autem
2005 2764 2148 2821 erat
2166 2807 2180 2833 ‚
2224 2777 2359 2821 non
2403 2757 2561 2822 idoli

610 2843 866 2909 cultum
926 2846 1209 2928 fingere,
1279 2843 1393 2909 sed
1460 2863 1580 2908 sua
1644 2844 1782 2927 regi
1848 2843 2063 2909 officia
2122 2841 2560 2926 obsequiaque

607 2927 899 2995 reddere.
967 2929 1162 2995 Nunc
1217 2930 1273 2995 si
1330 2929 1632 2994 Naaman
1680 2930 1926 2994 imitari
1972 2927 2234 3008 volunt,
2291 2948 2376 2993 ne
2427 2929 2562 2995 sint

607 3015 710 3079 illi
764 3015 837 3078 in
891 3035 967 3079 eo
1023 3014 1397 3091 dissimiles,
1454 3014 1525 3078 in
1582 3036 1707 3098 quo
1754 3015 1892 3079 solo
1951 3034 1992 3076 a
2045 3035 2152 3079 me
2204 3013 2559 3098 reprehen-

611 3100 876 3165 duntur.
962 3099 1045 3164 Id
1100 3099 1227 3165 sibi
1283 3100 1567 3165 habeant
1621 3120 1774 3166 cum
1826 3100 1941 3164 illo
1997 3119 2339 3165 commune
2353 3152 2369 3179 ,
2429 3122 2558 3183 quo

611 3185 749 3252 solo
800 3193 1237 3268 consequutus
1309 3194 1411 3251 est
1469 3185 1581 3250 ille
1595 3237 1609 3263 ,
1665 3184 2177 3270 reprehensione
2231 3194 2310 3250 ut
2364 3207 2559 3252 suum

611 3273 859 3337 factum
916 3278 1201 3336 careret:
1256 3292 1493 3355 nempe
1537 3273 1712 3337 omni
1768 3295 1839 3338 se
1894 3270 2304 3337 idololatriae
2344 3272 2557 3356 suspi-

609 3358 797 3424 cione
850 3358 1035 3439 prius
1093 3356 1399 3437 liberent,
1460 3379 1784 3442 quamque
1842 3366 1980 3423 toto
2036 3358 2254 3422 animo
2299 3358 2383 3423 ab
2426 3358 2559 3425 illis

610 3442 1181 3526 superstitionibus
1223 3442 1617 3508 abhorreant
1631 3496 1647 3523 ,
1691 3465 1969 3527 quarum
2011 3443 2299 3510 incidere
2339 3456 2560 3528 posset

609 3528 944 3607 dubitatio,
971 3535 1285 3594 testatum
1305 3529 1599 3595 omnium
1635 3529 1977 3596 hominum
2011 3531 2424 3597 conscientiis
2461 3532 2559 3596 fa-

607 3616 803 3680 ciant.
861 3612 943 3679 Id
978 3616 1089 3681 ubi
1122 3616 1586 3698 praestiterint,
1615 3624 1757 3680 tum
1782 3616 2046 3681 demum
2069 3614 2318 3696 videbo,
2348 3616 2559 3682 simne

604 3701 737 3766 illis
780 3720 1236 3780 concessurus,
1291 3707 1365 3766 ut
1399 3701 1610 3767 civilis
1652 3703 1849 3768 officii
1889 3723 2115 3781 causa,
2165 3705 2303 3769 sive
2339 3703 2409 3766 in
2452 3724 2559 3769 co-

699 3796 957 3852 atorum
973 3786 1397 3853 honestandis
1408 3788 1768 3867 funeribuS,
1794 3789 1935 3853 sive
1957 3788 2206 3872 nuptiis
2228 3789 2558 3854 celebran-

682 3895 733 3950 s,
782 3872 865 3936 ad
901 3873 1152 3952 missas,
1200 3872 1455 3957 aliaque
1492 3873 1807 3939 eiusmodi
1851 3875 2124 3958 profana
2149 3894 2334 3940 sacra
2356 3875 2561 3939 inter-

613 3957 769 4022 dum
825 3958 1153 4024 accedant.
1218 3959 1367 4024 Iam
1423 3967 1491 4023 et
1534 3980 1617 4024 ex
1672 3980 1748 4024 eo
1791 3959 1961 4043 quod
2005 3959 2078 4024 in
2132 3959 2405 4044 epistola
2447 3960 2562 4025 illa

609 4043 881 4126 legitur,
938 4064 1101 4126 quae
1158 4047 1278 4112 sub
1330 4045 1649 4110 Ieremias
1692 4045 1885 4110 titulo
1924 4046 2135 4111 fertur
2150 4097 2164 4123 ‚
2224 4045 2308 4111 ad
2351 4067 2561 4130 popu-

614 4127 757 4192 lum
799 4128 1139 4214 Babylone
1175 4132 1605 4209 exsulantem,
1648 4131 2038 4197 nonnullam
2073 4132 2196 4198 sibi
2243 4131 2560 4197 defensio-

612 4234 769 4279 nem
796 4226 1135 4296 quaerunt.
1193 4217 1367 4281 Nam
1403 4216 1951 4301 quemadmodum
1985 4217 2120 4282 illic
2154 4220 2411 4300 captivo
2446 4238 2562 4301 po-

608 4299 767 4384 pulo
826 4299 1144 4366 suadebat
1195 4303 1541 4386 propheta,
1589 4303 1696 4369 vel
1745 4304 2040 4387 quisquis
2083 4304 2207 4368 fuit
2250 4303 2563 4386 epistolae

613 4393 831 4464 autor,
891 4393 969 4448 ut
1012 4388 1266 4469 quotics
1308 4389 1382 4452 in
1425 4389 1719 4455 humeris
1735 4389 2184 4473 „circumferri
2230 4410 2460 4455 aureos
2498 4395 2564 4454 et

612 4478 958 4555 argenteos
1011 4472 1165 4537 deos
1209 4474 1493 4554 videret,
1539 4476 1930 4558 turbamque
1973 4474 2405 4559 undequaque
2447 4475 2564 4541 ob·

613 4565 1115 4639 stupescentem,
1153 4581 1236 4623 ne
1270 4559 1411 4643 ipse
1451 4560 1679 4626 eodem
1715 4563 2085 4626 afficeretur
2124 4571 2410 4646 stupore,
2449 4559 2564 4627 sed

613 4640 895 4708 adorans
917 4643 990 4706 in
1016 4642 1208 4709 corde
1237 4667 1354 4711 suo
1381 4645 1651 4713 diceret:
1694 4648 1787 4712 Te
1822 4654 2078 4730 oportet
2112 4646 2387 4726 adorari,
2426 4648 2563 4712 Do—

614 4729 794 4793 mine
849 4729 1034 4813 (Bar.
1084 4734 1150 4809 6,
1200 4735 1301 4813 3),
1366 4733 1460 4797 ita
1515 4755 1585 4799 se
1640 4736 1857 4812 aiunt,
1902 4732 2059 4797 dum
2103 4734 2281 4798 inter
2323 4732 2564 4799 saeculi

614 4813 814 4879 huius
871 4815 1213 4900 sacrilegia
1271 4828 1640 4899 versantur,
1686 4820 1990 4886 cordibus
2033 4828 2254 4884 tamen
2300 4819 2385 4884 ad
2424 4819 2563 4884 Do—

614 4900 873 4965 minum
914 4900 1191 4967 sublatis
1231 4904 1514 4987 cogitare
1567 4905 1756 4970 illum
1814 4928 1984 4984 esse,
2031 4927 2224 4989 quem
2269 4926 2305 4969 o
2354 4912 2566 4969 orteat

615 4985 892 5052 adorari.
964 4985 1176 5067 Quasi
1218 5009 1374 5055 vero
1420 4989 1504 5053 ad
1545 4990 1921 5057 interiorem
1969 4990 2184 5058 cordis
2242 5013 2281 5055 a
2327 4992 2564 5056 oratio-

613 5093 771 5137 nem
814 5072 972 5138 dum
1014 5074 1162 5139 illos
1199 5079 1461 5140 vocaret
1491 5076 1829 5158 propheta,
1867 5077 2067 5142 simul
2107 5076 2430 5142 adnueret
2463 5078 2565 5140 ni-

618 5156 713 5222 hil
759 5160 1034 5242 periculi
1077 5161 1235 5239 foro,
1283 5161 1338 5224 si
1395 5159 1585 5224 vultu
1627 5161 1710 5225 ad
1769 5163 2270 5228 simulacrorum
2312 5163 2566 5229 cultum

616 5246 990 5330 composito,
1013 5245 1401 5334 Babyloniis
1426 5246 1686 5311 interim
1710 5249 2253 5331 gratificarentur.
2290 5250 2384 5314 At
2404 5267 2564 5315 vero

2327 336 2797 442 nrlsroLA
2838 338 2892 404 1.

4497 339 4610 408 272

2663 548 2868 610 quum
2926 548 3119 592 nemo
3162 549 3294 592 non
3340 527 3589 608 videat,
3647 550 3723 593 eo
3769 528 4094 593 duntaxat
4147 534 4477 612 spectasse
4521 527 4613 611 ip-

2665 634 2815 678 sum
2830 663 2844 690 ,
2889 621 2965 677 ut
3014 612 3278 696 quando
3334 615 3605 679 minime
3649 613 3884 680 licebat
3926 613 4248 679 Israelitis
4288 613 4613 696 publicam

2665 698 2914 783 gentis,
2958 699 3079 764 sub
3138 699 3324 765 cuius
3366 700 3640 783 imperio
3675 720 3750 765 ac
3802 699 3960 783 iugo
4005 698 4345 783 degerent,
4392 720 4612 783 super-

2665 784 3001 850 stitionem
3058 785 3390 864 cohibere,
3428 807 3583 851 suae
3639 792 3857 850 tamen
3902 784 4236 868 religionis
4276 784 4613 869 integrita-

2665 876 2801 935 tem
2845 870 2969 936 sibi
3010 872 3325 953 privatim
3359 871 3433 935 in
3467 871 3703 936 animis
3748 873 3885 936 suis
3920 870 4310 936 retinerent:
4350 877 4615 945 nonest

2666 954 3283 1106 ifss‘flossdffi'ssssffiss?
3327 978 3506 1121 ⁸¹33.
3540 963 3909 1123 ξῖἷωᾶἓῖῗι
3935 955 4618 1126 Zinssdssiiaffipffi

2665 1126 3028 1211 prophetae
3080 1129 3402 1193 trutinam
3455 1135 3634 1193 recte
3690 1126 4061 1210 expendere
4130 1149 4251 1194 sua
4313 1128 4492 1193 facta
4552 1130 4618 1193 in

2668 1213 2960 1278 animum
3003 1213 3351 1293 inducant,
3408 1233 3525 1279 suo
3580 1220 3791 1279 semet
3831 1212 4050 1300 gladio
4104 1213 4392 1298 iugulari
4432 1214 4617 1279 facile

2665 1299 3081 1382 perspicient.
3136 1297 3368 1380 Qualis
3405 1300 3581 1364 enim
3618 1299 3725 1365 hic
3760 1319 3999 1382 quaeso
4042 1300 4256 1378 fuerit,
4301 1300 4433 1364 imo
4479 1300 4619 1383 quis

2667 1406 2809 1450 esse
2863 1386 3128 1450 omnino
3185 1388 3456 1467 poterit,
3502 1385 3611 1468 qui
3665 1385 4064 1451 conscientia
4105 1386 4286 1450 intus
4325 1386 4473 1450 Deo
4518 1405 4618 1451 ca-

2667 1478 2882 1550 nente,
2927 1471 3147 1553 ipsum
3189 1491 3333 1535 esse
3376 1491 3587 1535 unum
3629 1491 3824 1553 quem
3866 1470 4093 1536 deceat
4137 1469 4428 1547 adorari,
4477 1472 4617 1536 vul-

2671 1562 2816 1620 tum
2839 1564 3313 1638 externumque
3336 1557 3622 1639 corporis
3649 1565 3910 1640 gestum
3933 1577 4322 1639 componere
4347 1556 4433 1622 ad
4470 1556 4617 1622 idoli

2670 1640 3117 1707 adorationem
3138 1643 3459 1707 sustineat
3478 1641 3509 1704 ⁴?
3579 1642 3769 1726 Ipsos
3803 1642 4079 1725 proinde
4113 1644 4465 1727 interrog0,
4498 1663 4618 1727 qua

2670 1727 3068 1793 conscientia
3100 1725 3326 1792 eodem
3366 1729 3678 1810 temporis
3713 1735 4064 1806 momento,
4101 1749 4228 1812 quo
4264 1727 4486 1793 Deum
4524 1751 4617 1794 sc-

2668 1811 2806 1877 lum
2842 1814 2953 1896 qui
2988 1812 3294 1878 adoretur
3332 1813 3607 1897 dignum
3643 1835 3784 1879 esse
3821 1812 3994 1896 apud
4029 1835 4099 1879 se
4125 1823 4614 1898 recognoscunt,

2667 1898 2847 1963 idola
2899 1900 3202 1965 venerari
3261 1920 3330 1964 se
3383 1899 3604 1982 palam
3657 1898 3826 1982 apud
3892 1898 4190 1965 homines
4260 1900 4613 1966 simulant?

2671 1982 2849 2065 Quid
2900 1984 3075 2049 enim
3132 2005 3375 2049 arcana
3428 1984 3557 2050 ista
3600 1985 4003 2050 confessione
4057 1986 4444 2067 proficiunt,
4495 1986 4615 2051 nisi

2667 2069 2845 2153 quod
2897 2076 3239 2135 externam
3294 2071 3477 2135 illam
3518 2091 3704 2136 suam
3748 2070 4182 2136 idololatriam
4224 2093 4449 2137 coram
4491 2073 4614 2137 Dei

2665 2154 2980 2220 tribunali
3011 2158 3273 2238 proprio
3313 2157 3515 2221 animi
3549 2157 3920 2221 testimonio
3957 2157 4310 2222 accusant?
4373 2155 4610 2237 Quare,

2668 2241 2837 2325 quod
2887 2243 2958 2306 in
3009 2242 3327 2307 eiusmodi
3386 2241 3742 2308 simulandi
3796 2242 4211 2325 improbitate
4260 2243 4614 2327 prophetae

2666 2327 2934 2393 consilio
2990 2349 3060 2392 se
3113 2327 3562 2411 obtemperare
3618 2330 3893 2406 iactant,
3922 2328 3971 2412 ¹)
4027 2329 4270 2394 frustra
4322 2329 4391 2393 id
4436 2352 4613 2395 men·

2666 2414 2943 2478 tiuntur.
3023 2413 3251 2497 Neque
3309 2415 3485 2479 enim
3541 2413 3624 2479 ab
3676 2413 3809 2479 illis
3863 2413 4220 2498 quidquam
4276 2414 4428 2498 plus
4484 2417 4615 2499 ipse

2666 2499 2875 2582 exig0,
2913 2520 3111 2582 quam
3145 2499 3316 2582 quod
3349 2500 3462 2565 ille
3498 2499 3819 2585 (quisquis
3856 2507 3957 2564 est
3990 2501 4296 2585 scriptor)
4332 2503 4473 2567 suis
4507 2521 4619 2585 po—

2664 2583 3000 2667 pularibus
3025 2586 3417 2668 imperabat:
3436 2585 3495 2669 ⁴²)
3532 2605 3768 2669 nempe
3803 2594 3878 2650 ut
3911 2586 4169 2669 publice
4205 2607 4466 2652 sacrum
4495 2588 4617 2653 Dei

2664 2692 2906 2734 nomen
2956 2671 3290 2754 profanari
3343 2669 3498 2735 dum
3545 2671 3899 2754 aspiciunt,
3945 2672 4161 2737 tacitis
4205 2672 4410 2737 animi
4453 2674 4615 2741 votis

2664 2755 2883 2838 ipsum
2919 2754 3092 2838 apud
3127 2775 3199 2820 se
3233 2757 3669 2822 sanctificent:
3718 2764 3980 2823 tantum
4023 2779 4109 2822 ne
4152 2760 4446 2824 externis
4491 2758 4616 2844 sig-

2664 2841 3165 2921 nificationibus,
3196 2841 3338 2906 eius
3370 2863 3441 2907 se
3469 2843 3939 2925 profanationis
3960 2851 4299 2909 consortes
4325 2865 4472 2910 esse
4492 2853 4615 2911 tes-

2664 2932 2908 2992 tentur.
2965 2925 3075 2992 Ad
3099 2926 3278 3008 haec,
3307 2926 3534 3012 siquid
3557 2948 3634 2993 ea
3656 2929 4074 2995 simulatione
4084 2938 4376 3014 peccant,
4402 2950 4618 2997 exem-

2661 3013 2773 3096 plo
2812 3013 3011 3077 Pauli
3053 3034 3124 3078 se
3176 3034 3470 3097 peccare,
3541 3015 3885 3080 ostendere
3934 3023 4282 3096 conantur,
4333 3018 4448 3101 qui
4488 3039 4616 3082 non

2662 3097 2853 3164 valde
2875 3098 3173 3165 dissimili
3200 3101 3464 3166 fictione
3490 3122 3652 3166 usus
3676 3101 3887 3180 fuerit,
3912 3123 4113 3185 quum
4136 3101 4219 3166 ad
4238 3103 4616 3188 recolligen-

2661 3184 2814 3250 dam
2848 3185 3064 3268 gentis
3104 3206 3259 3251 suae
3415 3188 3571 3251 tiam
3587 3238 3604 3266 ,
3640 3195 3865 3252 votum
3880 3240 3896 3268 ,
3932 3188 4116 3254 cuius
4151 3190 4617 3255 caeremoniam

2663 3292 2811 3338 cum
2865 3272 3137 3336 caeteris
3191 3271 3355 3356 legis
3399 3271 3649 3338 umbris
3695 3271 4074 3357 abrogatam
4131 3295 4274 3340 esse
4329 3283 4615 3355 noverat,

2659 3358 3095 3440 nuncupavit,
3145 3366 3338 3441 atque
3384 3356 3469 3424 ad
3512 3358 3580 3422 id
3620 3358 4125 3441 persolvendum
4169 3360 4512 3441 detonsus,
4556 3368 4617 3426 et

2663 3465 2746 3508 ex
2790 3444 2954 3527 legis
3007 3445 3410 3528 praescripto
3460 3445 3840 3527 purificatus
3896 3446 3967 3509 in
4022 3446 4267 3531 templo
4326 3468 4398 3512 se
4441 3448 4615 3525 stitit,

2664 3529 3219 3614 spectandumque
3251 3531 3552 3596 omnibus
3587 3529 3885 3595 exhibuit
3920 3531 4099 3615 (Act.
4125 3537 4226 3612 21,
4252 3531 4391 3617 26).
4476 3533 4621 3598 Non

2660 3616 2769 3689 hic
2812 3614 3043 3695 dicam,
3080 3615 3255 3700 quod
3290 3615 3400 3681 vel
3435 3637 3662 3680 eorum
3701 3617 4039 3682 nonnullis
4077 3618 4442 3684 arrisurum
4480 3639 4614 3685 esse

2663 3710 2845 3767 certo
2885 3701 3020 3766 scio
3034 3754 3050 3781 ,
3097 3723 3219 3766 nos
3262 3722 3606 3786 perperam
3651 3723 3873 3787 agere,
3921 3703 3973 3767 si
4021 3723 4167 3769 eam
4209 3704 4407 3769 Pauli
4442 3712 4616 3770 astu-

2650 3784 2844 3867 tiam,
2881 3787 2964 3851 ad
2993 3787 3392 3853 imitandum
3428 3787 3613 3854 nobis
3657 3808 4114 3871 proponamus,
4152 3811 4351 3873 quam
4376 3789 4617 3856 infelici

2664 3893 2966 3940 successu
2989 3874 3375 3957 castigatam
3410 3874 3683 3939 minime
3706 3874 3828 3939 sibi
3864 3874 4121 3958 placere
4145 3875 4475 3942 Dominus
4510 3875 4617 3941 de-

2665 3959 2969 4026 claravit:
3016 3959 3539 4043 quandoquidem
3574 3961 3897 4025 rationem
3939 3981 4081 4026 esse
4116 3961 4376 4027 nullam-
4410 3960 4616 4041 video,

2666 4068 2785 4111 cur
2824 4044 2947 4110 hoc
2980 4045 3179 4110 Pauli
3210 4045 3464 4111 facinus
3497 4066 3740 4129 pravae
3777 4046 4106 4113 versutiae
4141 4047 4615 4114 insimulemus.

2667 4131 2799 4198 Sed
2858 4151 2969 4197 eos
3011 4138 3149 4195 toto
3204 4131 3381 4195 coelo
3434 4130 3542 4198 hic
3586 4153 3839 4216 quoque
3873 4152 4092 4197 errare
4138 4132 4308 4213 dico,
4365 4135 4477 4216 qui
4518 4136 4618 4197 in-

2666 4217 2961 4295 noxiam,
3031 4216 3342 4300 nullaque
3411 4218 3670 4300 impura
3740 4219 4205 4301 superstitione
4282 4239 4617 4304 aspersam

2666 4303 2865 4369 Pauli
2910 4300 3360 4368 detonsionem
3396 4325 3547 4368 cum
3582 4303 3913 4388 sacrilegis
3958 4303 4190 4370 ritibus
4233 4325 4616 4391 comparan-

2668 4388 2818 4454 dam
2841 4395 3087 4471 putent.
3142 4389 3317 4453 Nam
3339 4397 3414 4453 ut
3434 4389 3681 4467 demus,
3704 4389 4185 4455 Nazaraeorum
4220 4392 4615 4475 purificatio-

2669 4495 2824 4539 nem
2845 4484 2914 4540 et
2938 4475 3335 4540 oblationem
3358 4473 3427 4539 id
3458 4476 3662 4540 fuisse
3696 4476 4143 4541 caeremoniae
4177 4498 4407 4561 genus,
4451 4472 4615 4561 quod

2669 4559 3031 4644 prodeunte
3057 4559 3323 4625 Christo
3347 4582 3481 4625 una
3507 4581 3656 4626 cum
3691 4561 3960 4644 reliquis
3994 4561 4319 4628 mosaicae
4355 4563 4518 4648 legis
4534 4562 4613 4625 fi-

2669 4647 2851 4731 guris
2893 4667 3279 4713 evanescere
3315 4645 3635 4711 debuerit:
3674 4648 3827 4728 quia
3862 4654 4085 4713 tamen
4120 4648 4381 4714 nullum
4419 4649 4613 4713 alium

2669 4732 2744 4796 in
2785 4734 2984 4797 finem
3031 4733 3406 4798 institutum
3449 4740 3618 4811 erat,
3663 4754 3859 4815 quam
3904 4733 3982 4798 ad
4030 4734 4439 4800 referendam
4479 4732 4611 4796 Do-

2671 4820 2850 4884 mino
2893 4819 3255 4903 gratiarum
3303 4816 3657 4897 actionem,
3720 4839 3794 4884 ac
3837 4820 4229 4885 sacrificium
4273 4819 4485 4886 laudis
4520 4815 4609 4882 of-

2669 4903 3040 4984 ferendum,
3088 4926 3171 4968 ex
3216 4923 3446 4968 eorum
3481 4903 3708 4987 utique
3752 4925 4026 4970 numero
4068 4906 4225 4985 fuit,
4272 4908 4346 4970 in
4385 4905 4607 4989 quibus

2809 5194 2867 5259 1)
2909 5192 3056 5247 Edd.
3094 5208 3227 5247 rece.
3265 5191 3401 5247 1576
3435 5209 3576 5264 seqq.
3589 5214 3607 5250 .-
3641 5198 3859 5251 iactent.

2670 5265 2916 5332 imperat.

4012 5195 4072 5261 2)
4114 5193 4603 5251 anaenmt
