4984 5975
1218 1283 1221 1286 ¹
1306 1354 2006 1455 EPINJCION
2060 1352 2640 1452 OHRISTO
2700 1354 3440 1454 CANTATUM

2318 1523 2414 1578 AB

1859 1661 2297 1745 IOANNE
2357 1661 2857 1746 CALVINO

1708 1813 2071 1870 CALENDIS
2103 1813 2435 1870 IANUARn
2466 1812 2667 1870 Almo
2703 1813 2778 1869 Μ,
2794 1814 2861 1870 D.
2879 1814 3028 1870 xm.

1807 2053 1926 2120 IO.
1976 2052 2391 2120 OALVINU
2395 2053 2437 2118 S
2477 2052 2907 2122 LECTORI.

667 2225 891 2308 Quum
936 2246 1151 2309 nuper
1197 2246 1282 2290 ex
1324 2226 1642 2292 nundinis
1688 2224 2243 2308 Lugdunensibus
2299 2227 2551 2312 reversi
2604 2228 2812 2291 nostri
2864 2235 3260 2296 mercatores
3306 2226 3595 2312 edictum
3652 2228 4030 2294 attulissent
4070 2231 4380 2297 monachi

359 2338 701 2405 cuiusdam
743 2337 1170 2421 inquisitoris,
1217 2338 1576 2403 Tolosanae
1621 2338 1840 2403 curiae
1886 2337 2144 2403 decreto
2189 2339 2678 2402 confirmatum:
2719 2339 2789 2402 in
2835 2359 2962 2422 quo
3007 2338 3430 2422 phreneticus
3473 2339 3603 2419 ille,
3649 2359 3768 2422 pro
3812 2340 4068 2406 solenni
4112 2361 4384 2406 suorum

358 2471 537 2515 more
579 2450 724 2533 pios
768 2470 995 2514 omnes
1038 2449 1241 2514 libros
1285 2449 1669 2515 damnabat:
1718 2450 1998 2514 miratus
2042 2470 2190 2514 sum
2208 2500 2223 2526 ,
2273 2470 2476 2530 quum
2520 2471 2752 2515 versus
2797 2436 3052 2536 quoque
3093 2471 3277 2516 meos
3325 2450 3449 2530 (sic
3484 2451 3659 2516 enim
3702 2450 4112 2535 nominabat)
4155 2472 4383 2517 recen-

361 2562 485 2628 seri
529 2561 605 2626 in
649 2582 726 2626 eo
771 2561 1065 2645 catalogo
1109 2560 1262 2625 vidi.
1353 2562 1702 2638 Luseram,
1746 2560 1945 2641 animi
1993 2561 2221 2644 gratia,
2259 2569 2414 2624 ante
2458 2577 2663 2626 annos
2709 2569 3007 2644 quatuor,
3053 2583 3259 2644 quum
3302 2582 3515 2628 essem
3549 2561 3951 2643 Vormatiae,
3997 2563 4197 2639 breve
4240 2583 4385 2630 car-

357 2695 535 2740 men:
582 2671 757 2755 quod
789 2694 992 2756 quum
1025 2672 1255 2756 paucis
1294 2673 1520 2738 amieis
1554 2671 1909 2756 legendum
1952 2670 2366 2736 familiariter
2404 2670 2746 2752 dedissem,
2793 2674 2923 2737 tria
2956 2673 3239 2753 omnin0,
3278 2673 3451 2756 quod
3497 2674 3717 2753 sciam,
3769 2681 3885 2738 aut
3927 2672 4011 2738 ad
4055 2696 4388 2739 summum

361 2791 639 2868 quatuor
684 2783 1085 2868 exemplaria
1114 2785 1443 2866 exscripta
1478 2791 1637 2850 tunc
1673 2784 1960 2847 fuerant:
2008 2803 2176 2866 quae
2219 2793 2446 2866 postea
2481 2791 2802 2866 quantum
2842 2804 2926 2850 ex
2968 2784 3180 2849 edicto
3201 2786 3496 2864 conficio,
3533 2785 3734 2850 latius
3777 2791 4153 2850 manarunt.
4212 2787 4391 2851 Nam

362 2895 600 2979 alioqui
642 2895 975 2979 sepultum
1018 2900 1373 2977 putassem,
1423 2894 1598 2989 quod
1631 2896 1807 2960 inter
1861 2915 2044 2960 meas
2101 2894 2364 2960 chartas
2420 2895 2797 2978 neglectum
2847 2896 3128 2962 iacebat:
3177 2903 3254 2961 ut
3294 2897 3623 2962 affirmare
3670 2898 3900 2976 ausim,
3948 2918 4082 2963 non
4127 2918 4269 2963 esse
4312 2899 4386 2963 in

361 3008 487 3074 hac
529 3008 697 3073 urbe
742 3008 921 3087 duos,
966 3009 1080 3091 qui
1123 3007 1401 3074 antehac
1440 3004 1747 3092 legerint,
1783 3029 1889 3072 me
1934 3009 2207 3073 conscio.
2271 3008 2411 3073 Nec
2446 3014 2624 3072 certe
2661 3008 2839 3074 aliud
2873 3008 3197 3074 habebam
3244 3008 3520 3090 consilii,
3564 3009 3695 3074 nisi
3743 3016 3821 3073 ut
3861 3010 4388 3093 supprimeretur

360 3121 637 3202 penitus.
732 3117 871 3186 Sed
906 3120 1062 3203 quia
1104 3120 1386 3185 furiosus
1430 3119 1538 3186 hic
1582 3120 1959 3197 monachus,
2008 3128 2075 3185 et
2116 3120 2321 3185 nihilo
2368 3121 2586 3185 sanior
2629 3122 2812 3186 curia
2847 3120 3186 3200 Tolosana,
3227 3119 3385 3186 dum
3428 3121 3567 3186 eius
3600 3120 3951 3186 lectionem
3995 3120 4388 3187 interdicere

361 3230 627 3310 volunt,
673 3231 930 3297 faciunt
972 3239 1049 3295 ut
1086 3232 1287 3315 vulgo
1331 3233 1724 3311 innotescat,
1772 3253 1878 3297 me
1922 3231 2182 3315 aliquod
2217 3231 2557 3314 scripsisse
2601 3253 2886 3313 carmen,
2933 3230 3015 3296 de
3057 3253 3202 3315 quo,
3249 3231 3581 3315 quodnam
3626 3239 3692 3296 et
3734 3232 3925 3315 quale
3971 3234 4083 3314 sit,
4133 3232 4243 3298 alii
4288 3238 4390 3296 at-

364 3363 488 3426 que
532 3342 647 3408 alii
693 3342 970 3409 subinde
1009 3366 1048 3408 a
1082 3364 1189 3408 me
1233 3336 1579 3426 quaerant:
1628 3342 1822 3408 edere
1859 3344 2079 3408 statim
2114 3342 2333 3421 malui,
2375 3363 2505 3425 quo
2545 3349 2613 3406 et
2652 3344 2855 3409 bonos
2896 3345 3072 3410 viros
3107 3343 3465 3427 quaerendi
3510 3343 3841 3422 molestia,
3880 3350 3947 3408 et
3980 3364 4086 3410 me
4121 3364 4392 3426 respon·

364 3453 580 3534 dendi,
619 3454 1052 3521 sublevarem.
1143 3453 1361 3520 Simul
1406 3455 1718 3520 stolidum
1763 3455 1942 3521 hunc
1987 3454 2413 3531 monachum,
2460 3454 2729 3538 eiusque
2775 3454 3026 3521 similes
3071 3456 3627 3521 commonefacere
3672 3454 3871 3534 volui,
3918 3453 4094 3537 quid,
4140 3454 4234 3519 ita
4272 3452 4391 3518 ad-
4422 3482 4428 3489 ·

364 3587 632 3633 versum
691 3587 813 3631 nos
864 3565 1282 3645 insaniendo,
1323 3566 1716 3653 proficiant.⁴
1780 3567 2033 3657 Nempe
2082 3566 2208 3632 hoc
2251 3573 2755 3649 consequuntur*
2783 3587 2906 3632 sua
2947 3567 3473 3650 importunitate,
3528 3573 3606 3631 ut
3650 3566 3809 3649 ipsis
3853 3565 4084 3631 invitis
4128 3584 4204 3629 ac
4248 3585 4391 3630 cre-

362 3676 691 3759 pantibus,
736 3677 805 3741 in
850 3676 1068 3742 lucem
1112 3677 1388 3742 veniant
1427 3679 1641 3743 multa
1676 3697 1843 3761 quae
1887 3678 2129 3762 alioqui
2171 3678 2391 3742 forsan
2435 3677 2736 3741 laterent.

3877 5230 3978 5285 27*
