4984 5975
1553 1631 2290 1762 IOANNEs
2344 1619 3222 1731 oALVINUs

1640 1782 1992 1849 IAOOBO
2037 1782 2537 1852 SADOLETO
2582 1784 3125 1863 CARDINALI,

2201 1920 2566 1976 SALUTEM.

552 2083 667 2154 [fol.
707 2082 807 2152 17]
837 2072 1062 2155 Quum
1090 2074 1155 2137 in
1181 2095 1420 2157 magno
1448 2073 1785 2138 doctorum
1809 2071 2151 2138 hominum
2175 2095 2325 2155 pro-
2376 2087 2381 2164 ῑ
2430 2076 2786 2141 constituta
2818 2074 2951 2138 iam
2989 2074 3327 2158 religione,
3366 2096 3441 2140 ac
3477 2088 3770 2141 correcta
3806 2077 4119 2142 ecclesiae
4162 2079 4395 2160 forma,

363 2169 597 2240 ventu,
621 2181 780 2243 quos
811 2159 966 2224 tulit
986 2168 1209 2224 nostra
1232 2160 1392 2225 haec
1416 2168 1612 2236 aetas,
1646 2159 1713 2222 id
1743 2160 1851 2235 sis,
1876 2180 2079 2241 quum
2111 2159 2325 2224 excel·
2376 2201 2381 2258 3
2430 2160 2587 2226 illuc
2623 2169 2890 2226 vocatus
2934 2159 3055 2223 fui:
3103 2161 3257 2243 quia
3303 2170 3526 2225 tamen
3563 2182 3730 2244 quae
3773 2184 3812 2226 a
3849 2162 4115 2227 Farello
4162 2165 4238 2229 ac'
4273 2165 4396 2228 Vi·

308 2255 315 2262 '
359 2247 575 2312 lentis
602 2244 937 2310 doctrinae
958 2254 1128 2324 tuae,
1151 2252 1295 2308 tum
1320 2265 1479 2310 vero
1503 2244 1778 2327 insignis
1810 2243 2152 2309 facundiae
2188 2265 2324 2308 me-
2376 2261 2381 2344 ῑ
2430 2255 2571 2310 1610
2630 2253 2816 2330 gesta
2860 2252 3082 2322 erant,
3131 2267 3265 2309 non
3308 2245 3502 2310 modo
3547 2247 3867 2331 suffragio
3908 2269 4056 2312 meo
4100 2268 4396 2332 compro-

359 2334 504 2397 rito
526 2338 941 2413 assequutus,
975 2341 1050 2394 ut
1072 2339 1137 2393 te
1169 2331 1345 2397 inter
1367 2349 1605 2412 paucos
1628 2329 1846 2394 colant
1868 2352 1944 2395 ac
1966 2330 2325 2412 suspiciant
2376 2365 2382 2412 3
2431 2331 2619 2409 bavi,
2675 2329 2790 2396 sed
2846 2332 3074 2408 otiam,
3134 2338 3454 2414 quantum
3506 2332 3578 2394 in
3631 2354 3737 2397 mo
3793 2333 3947 2412 fuit,
4009 2355 4399 2401 conservare

360 2418 746 2501 quicunque
802 2416 1013 2481 videri
1065 2415 1300 2479 volunt
1350 2416 1675 2481 bonarum
1729 2415 1971 2484 artium
2029 2414 2322 2492 studiosi,

2375 2417 2381 2462 ἕ
2431 2414 2655 2482 studui
2701 2436 2777 2481 ac
2813 2417 3216 2494 confirmare,
3264 2423 3636 2500 separatam
3673 2419 3753 2483 ab
3789 2417 3922 2483 illis
3966 2440 4234 2484 causam
4277 2421 4396 2485 ha-

358 2504 626 2568 invitus
672 2500 973 2584 equidem
1006 2501 1173 2565 facio
1215 2510 1293 2565 ut
1333 2522 1574 2564 nomen
1618 2511 1807 2564 tuum
1852 2501 2110 2583 publice
2151 2501 2327 2565 inter
2375 2473 2381 2548 ³
2428 2502 2584 2567 bere
2639 2523 2906 2584 nequeo.
2976 2500 3174 2582 Quod
3230 2504 3282 2566 si
3343 2511 3566 2566 tamen
3622 2504 3935 2585 privatim
3991 2505 4106 2570 abs
4151 2516 4215 2569 te
4260 2505 4395 2571 lae-

360 2585 663 2654 eruditos
700 2589 845 2662 ista,
886 2608 1082 2670 quam
1118 2606 1158 2649 a
1190 2607 1297 2650 me
1331 2585 1572 2660 audieS,
1613 2585 2135 2667 expostulatione
2177 2608 2325 2670 per·
2376 2591 2381 2644 ἶ
2431 2609 2544 2653 6116
2604 2609 2843 2664 6666111,
2901 2587 3091 2653 facile
3145 2588 3433 2670 profecto
3490 2587 3558 2652 id
3611 2588 4055 2653 condonarem
4114 2594 4233 2669 [fol.
4287 2595 4393 2670 18]

362 2675 712 2756 stringam.
780 2673 1010 2754 Neque
1035 2692 1191 2736 vero
1226 2692 1407 2735 eram
1438 2670 1506 2734 id
1540 2672 1850 2751 facturus,
1893 2673 2021 2736 nisi
2056 2673 2326 2737 fuissem
2376 2661 2381 2734 Ι
2432 2681 2585 2738 tuae
2662 2673 2995 2738 doctrinae
3061 2691 3136 2737 ac
3206 2672 3550 2737 literarum
3627 2673 3883 2739 honori.
3987 2673 4122 2740 Sed
4189 2698 4394 2759 quum

361 2761 445 2824 in
489 2758 661 2823 hanc
699 2778 971 2823 arenam
1015 2765 1379 2841 pertractus
1421 2776 1665 2839 magna
1708 2758 2115 2822 necessitate.
2174 2758 2326 2822 Non

363 2846 550 2910 enim
586 2846 832 2928 ignoro,
869 2842 979 2908 vel
1023 2851 1304 2925 quantae
1346 2842 1781 2924 improbitatis
1821 2843 1991 2907 foret
2032 2842 2169 2907 ulla
2211 2864 2325 2907 cu-

362 2930 649 3016 piditate
689 2929 952 2995 incitari
994 2928 1077 2994 ad
1122 2949 1272 2993 eum
1314 2929 1535 2994 virum
1578 2927 2048 3008 lacessendum,
2095 2928 2205 3011 qui
2246 2927 2328 2994 de

362 3017 564 3082 bonis
621 3015 986 3099 disciplinis
1034 3016 1123 3080 sit
1178 3016 1421 3097 optime
1475 3015 1774 3079 meritus:
1842 3015 1947 3079 vel
2008 3035 2203 3098 quam
2258 3015 2325 3080 id

364 3124 626 3186 quoque
671 3104 758 3167 sit
799 3102 1096 3165 futurum
1150 3100 1445 3165 odiosum
1500 3099 1678 3182 apud
1721 3121 1949 3165 omnes
2006 3100 2323 3180 literatos,

366 3190 427 3253 si
489 3188 626 3253 sola
682 3188 1175 3269 importunitate
1234 3188 1555 3268 percitum
1572 3236 1586 3262 ,
1642 3186 1827 3250 nulla
1881 3194 2103 3250 autem
2153 3188 2327 3271 iusta

367 3294 572 3340 causa
624 3274 981 3355 impulsum
1037 3273 1239 3336 fuisse
1291 3272 1763 3354 intelligerent,
1823 3280 1899 3334 ut
1951 3271 2201 3356 stylum
2255 3274 2326 3336 in

368 3380 529 3425 eum
586 3360 1011 3442 stringerem,
1066 3377 1261 3439 quem
1324 3377 1549 3421 amore
1618 3356 1890 3439 dignum
1957 3367 2025 3420 et
2079 3358 2327 3422 honore

365 3452 642 3529 propter
680 3444 955 3529 eximias
996 3442 1177 3507 dotes
1221 3464 1355 3507 non
1400 3444 1540 3507 sine
1585 3463 1781 3507 causa
1816 3441 2123 3506 iudicant
2190 3442 2327 3506 Ve-

367 3551 525 3595 rum
562 3531 675 3595 ubi
718 3528 976 3595 consilii
1011 3528 1144 3592 mei
1179 3529 1501 3593 rationem
1536 3547 1914 3610 exposuero,
1962 3549 2096 3592 non
2140 3526 2328 3593 modo

368 3638 483 3681 me
538 3636 763 3680 omnes
819 3637 858 3678 a
913 3614 1105 3696 culpa
1152 3613 1551 3689 liberabunt,
1621 3612 1737 3677 sed
1794 3634 1987 3678 nemo
2043 3615 2195 3691 erit,
2254 3621 2330 3678 ut

371 3722 603 3786 spem,
647 3702 758 3783 qui
802 3722 933 3764 non
976 3699 1146 3763 mihi
1203 3698 1542 3775 concedat,
1603 3718 1869 3763 causam
1915 3700 2113 3777 hanc,
2162 3721 2328 3781 quae

370 3810 413 3852 a
449 3808 565 3852 me
588 3787 957 3868 suscipitur,
1000 3785 1182 3849 nullo
1217 3784 1409 3849 modo
1444 3786 1645 3850 fuisse
1680 3784 1845 3848 mihi
1879 3784 2324 3864 deserendam,

371 3874 511 3938 nisi
556 3873 768 3937 officio
806 3892 951 3936 meo
987 3871 1270 3954 turpiter
1306 3871 1529 3935 deesse
1572 3870 1828 3935 vellem.
1897 3871 2160 3937 Literas
2195 3892 2327 3936 non

368 3959 471 4023 ita
514 3958 768 4041 pridem
805 3955 1122 4053 scripsisti
1164 3955 1247 4019 ad
1293 3964 1596 4020 senatum
1640 3956 2084 4039 populumque
2128 3978 2327 4040 gene-

367 4064 665 4119 vensem,
707 4043 938 4125 quibus
974 4043 1241 4107 tentasti
1287 4061 1513 4105 eorum
1559 4042 1829 4118 animoa,
1876 4064 1959 4105 an
2006 4043 2128 4106 sub
2165 4063 2327 4124 pon-

366 4131 570 4195 tificis
603 4129 859 4192 romani
891 4130 1139 4212 iugum,
1180 4127 1351 4210 quod
1384 4126 1584 4191 semel
1618 4136 2065 4205 excusserunt,
2103 4128 2324 4194 reduci

368 4236 448 4281 se
493 4214 912 4281 sustinerent.
978 4214 1065 4281 In
1105 4214 1185 4278 iis
1221 4213 1447 4290 literis,
1494 4214 1797 4294 quoniam
1840 4234 1974 4277 non
2018 4215 2326 4297 expedie-

367 4302 491 4366 bat
533 4320 645 4366 eos
689 4301 955 4383 gravius
1000 4298 1370 4375 vulnerare,
1416 4319 1692 4380 quorum
1735 4299 1957 4363 favore
2003 4298 2118 4363 tibi
2163 4321 2325 4382 opus

365 4394 521 4452 erat
565 4385 649 4451 ad
705 4402 968 4452 causam
1025 4383 1474 4460 obtinendam,
1517 4384 1725 4448 fecisti
1770 4384 1943 4466 quod
1988 4393 2130 4448 erat
2172 4385 2324 4450 boni

367 4472 682 4537 rhetoris.
750 4471 985 4537 Multis
1042 4472 1216 4535 enim
1273 4469 1607 4535 blanditiis
1645 4489 1756 4533 eos
1802 4469 2170 4535 demulcere
2214 4491 2322 4536 co-

366 4567 576 4624 natus
618 4579 706 4635 es,
750 4578 879 4640 quo
913 4558 986 4621 in
1027 4565 1213 4621 tuam
1257 4555 1647 4621 sententiam
1691 4554 2047 4637 pelliceres.
2112 4555 2324 4635 Quid-

366 4643 533 4727 quid
588 4650 733 4708 erat
786 4642 1075 4707 invidiae
1131 4650 1198 4707 et
1251 4640 1651 4717 acerbitatis,
1707 4640 1780 4703 in
1836 4662 1946 4705 eos
1992 4639 2320 4719 derivasti,

418 4750 656 4794 uorum
711 4748 909 4811 opera
949 4727 1016 4790 id
1060 4728 1306 4793 factum
1351 4734 1521 4805 erat,
1565 4735 1642 4790 ut
1686 4726 1766 4792 ab
1810 4726 1928 4790 illa
1969 4727 2322 4811 tyrannide

366 4750 783 4881 defecissent.
850 4814 1075 4895 Atque·
1112 4814 1245 4890 bic,
1299 4814 1353 4878 si
1412 4814 1557 4878 Deo
1610 4811 1855 4895 placet,
1899 4811 2112 4895 plenis
2153 4813 2322 4880 velis

364 4901 713 4965 inveheris
736 4901 808 4963 in
833 4920 960 4976 eos,
982 4900 1091 4980 qui
1133 4899 1361 4963 urbem
1394 4898 1578 4962 illam
1615 4896 1736 4963 sub
1770 4898 2096 4982 evangelii
2132 4920 2322 4981 prae-
2349 4976 2355 4982 ,

364 4994 596 5063 textu,
643 4985 725 5050 ad
770 4987 991 5060 istam,
1029 5004 1221 5067 quam
1269 4983 1585 5067 deploras,
1630 4984 1966 5067 religionis
2008 4991 2076 5048 et
2119 4984 2322 5050 eccle-

364 5072 514 5137 siae
550 5070 1115 5137 conturbationem
1151 5068 1340 5133 malis
1377 5070 1625 5134 artibus
1659 5070 2108 5153 perpulerunt.
2178 5071 2322 5156 Ego

364 5168 619 5233 autem,
657 5155 985 5229 Sadolete,
1031 5176 1115 5220 ex
1150 5154 1271 5229 1116,
1310 5175 1469 5236 quos
1515 5164 1650 5218 tam
1686 5155 2013 5223 hostiliter
2053 5156 2322 5223 incessis

364 5264 457 5309 ac
499 5243 777 5319 laceras,
822 5263 1031 5307 unum
1086 5261 1192 5305 me
1236 5260 1376 5306 esse
1418 5241 1741 5322 profiteor.
1808 5242 2102 5308 Tametsi
2145 5243 2320 5307 enim

590 5344 810 5399 Calvini
835 5360 1018 5413 opera.
1098 5342 1211 5397 Vol.
1262 5342 1320 5395 V.

2430 2759 2873 2825 ministerium
2926 2779 3179 2837 meum,
3237 2757 3409 2842 quod
3469 2759 3597 2823 Dei
3659 2761 3997 2826 vocatione
4044 2760 4394 2826 fundatum

2432 2863 2508 2908 ac
2541 2845 2867 2910 sancitum
2901 2844 3100 2909 fuisse
3135 2865 3270 2909 non
3311 2844 3557 2922 dubit0,
3601 2865 3721 2927 per
3756 2845 3932 2910 latus
3977 2867 4198 2911 meum
4246 2866 4397 2912 sau-

2431 2930 2592 2995 ciari
2635 2930 2925 3009 videam,
2971 2929 3246 3012 perfidia
3291 2930 3434 3008 erit,
3480 2950 3613 2995 non
3658 2931 3995 3014 patientia,
4039 2932 4095 2996 si
4141 2939 4395 2999 taceam

2432 3016 2540 3080 hic
2578 3024 2774 3099 atque
2824 3016 3249 3082 dissimulem.
3320 3017 3626 3082 Doctoris
3662 3017 3967 3098 primum,
4006 3016 4239 3084 deinde
4273 3040 4393 3102 pa-

2433 3103 2630 3167 storis
2689 3123 2963 3167 munere
3018 3103 3089 3165 in
3145 3102 3418 3168 ecclesia
3466 3102 3582 3167 illa
3637 3102 3904 3167 functus
3960 3125 4125 3168 sum.
4197 3102 4395 3185 Quod

2433 3209 2580 3254 eam
2624 3188 3033 3271 provinciam
3077 3190 3366 3270 suscepi,
3412 3188 3747 3272 legitimae
3788 3189 3989 3255 fuisse
4032 3191 4395 3256 vocationis

2432 3274 2577 3339 iure
2619 3294 2767 3338 meo
2814 3272 3154 3339 contendo,
3221 3274 3491 3354 Quanta
3526 3280 3747 3338 autem
3791 3273 3920 3340 fide
3957 3297 4032 3339 ac
4075 3274 4394 3360 religione

2434 3358 3063 3436 administraverim,
3125 3381 3256 3423 non
3312 3366 3414 3425 est
3467 3379 3584 3422 cur
3631 3358 3856 3423 multis
3925 3381 4104 3425 nunc
4169 3362 4392 3427 verbis

2378 3466 2383 3505 z
2434 3444 2792 3508 ostendam.
2851 3445 3349 3526 Perspicaciam,
3389 3444 3840 3523 eruditionem,
3876 3445 4293 3527 prudentiam
4315 3465 4394 3510 ac

2433 3527 2893 3594 dexteritatem
2947 3529 3112 3593 mihi
3167 3530 3424 3594 nullam
3460 3531 3807 3613 arrogabO,
3864 3550 3939 3594 ac
3983 3552 4066 3594 ne
4112 3529 4394 3613 diligen-

2432 3616 2595 3678 tiam
2640 3615 2920 3698 quidem.
2991 3616 3085 3678 At
3121 3623 3297 3681 certe
3342 3637 3420 3682 ea
3463 3615 3867 3693 sinceritate,
3916 3636 4045 3696 qua
4087 3616 4157 3678 in
4194 3635 4390 3697 opere

2433 3701 2703 3765 Domini
2748 3700 2980 3779 decuit,
3026 3721 3133 3764 me
3167 3701 3302 3767 11116
3346 3707 3683 3766 versatum
3727 3720 3886 3777 esse,
3925 3699 4128 3781 probe
4168 3718 4388 3764 coram

2434 3785 2702 3851 Christo
2735 3783 2947 3851 iudice
2991 3806 3156 3864 meo,
3204 3795 3269 3851 et
3311 3786 3612 3851 omnibus
3656 3787 3861 3867 ipsius
3906 3784 4178 3868 angelis,
4220 3785 4386 3850 mihi

2420 3872 2732 3936 ‘conscius
2766 3893 2930 3951 sum,
2966 3880 3032 3935 et
3053 3872 3209 3936 boni
3245 3894 3473 3937 omnes
3505 3871 3645 3936 eius
3677 3871 3772 3936 rei
3796 3869 4201 3936 luculentum
4222 3870 4388 3935 1111111

2429 3957 2881 4021 testimonium
2937 3956 3240 4022 reddunt.
3272 3951 3454 4023 'Hoc
3500 3978 3654 4039 ergo
3707 3956 4149 4022 ministerium
4191 3955 4304 4020 ubi
4348 3980 4391 4022 a

2429 4041 2718 4108 Domino
2786 4064 2928 4108 esse
2985 4038 3353 4108 constiterit
3418 4041 3998 4128 (quemadmodum
4065 4050 4239 4107 certe
4307 4042 4390 4106 li-

2429 4128 2625 4212 quido
2682 4129 3032 4206 constabit,
3078 4128 3192 4194 ubi
3247 4129 3470 4194 audita
3522 4128 3721 4193 suerit
3773 4126 3998 4211 causa)
4046 4127 4103 4192 si
4159 4127 4274 4192 abs
4322 4134 4386 4191 te

2427 4215 2759 4297 proscindi
2804 4235 2878 4279 ac
2922 4214 3226 4280 infamari
3273 4216 3510 4280 tacitus
3562 4213 3786 4291 feram,
3833 4214 3981 4296 quis
4037 4234 4168 4277 non
4211 4214 4386 4278 eius·

2426 4299 2604 4365 modi
2638 4301 2972 4365 silentium
3007 4300 3584 4383 praevaricationis
3620 4298 3933 4363 damnet?
3995 4299 4203 4363 Nemo
4227 4319 4383 4381 ergo

2426 4387 2559 4451 iam
2616 4406 2749 4451 non
2807 4385 3018 4464 videt,
3084 4406 3191 4449 me
3246 4406 3502 4450 summa
3565 4385 3758 4449 officii
3814 4385 3943 4448 mei
4000 4385 4384 4449 necessitate

2426 4471 2819 4555 constringi,
2877 4491 3088 4555 neque
3145 4492 3334 4554 posse
3377 4469 3684 4549 evadere,
3727 4471 3884 4553 quin
3925 4492 4030 4534 1116
4075 4471 4383 4535 crimina·

2425 4556 2713 4622 tionibus
2768 4558 2899 4623 tuis
2969 4577 3321 4639 opponam,
3390 4556 3516 4620 nisi
3574 4575 3768 4638 quam
3832 4556 3994 4620 mihi
4062 4555 4382 4619 actionem

2424 4641 2754 4707 Dominus
2809 4642 3260 4719 demandavit,
3330 4642 3677 4706 manifesta
3742 4639 4016 4724 perfidia
4083 4640 4382 4706 deserere

2425 4749 2501 4793 ac
2544 4728 2821 4810 prodere
2856 4728 3073 4793 velim.
3143 4727 3339 4807 Quod
3375 4735 3594 4791 autem
3638 4727 4025 4812 genevensis
4070 4726 4378 4791 ecclesiae

2424 4816 2880 4897 procuratione
2936 4835 3083 4879 sum
3137 4814 3210 4877 in
3264 4814 3637 4896 praesentia
3680 4813 4069 4897 explicatus,
4140 4833 4216 4876 ea
4272 4832 4379 4876 res

2427 4900 2685 4965 efficere
2728 4921 2861 4964 non
2907 4899 3114 4975 debet,
3152 4899 3314 4980 quin
3347 4905 3622 4981 paterna
3657 4900 3929 4963 caritate
3971 4898 4157 4962 illam
4203 4918 4379 4962 com-

2425 4985 2706 5068 plectar:
2737 4985 2850 5049 cui
2887 4984 3046 5048 dum
3080 4983 3284 5049 semel
3327 5006 3432 5049 me
3466 4985 3780 5067 praefecit
3813 4985 4018 5062 Deus,
4065 4991 4377 5065 perpetuo

2425 5070 2622 5135 fidem
2677 5069 2773 5135 illi
2827 5090 3042 5134 meam
3101 5069 3431 5153 obligavit.
3501 5070 3676 5154 Age,
3733 5068 3847 5134 ubi
3899 5068 3996 5131 illi
4050 5067 4378 5145 ecclesiae,

2425 5158 2613 5222 cuius
2663 5156 2945 5221 salutem
2987 5154 3154 5219 mihi
3197 5155 3495 5221 summae
3538 5176 3732 5222 curae
3776 5174 3917 5218 esse
3960 5153 4108 5217 vult
4143 5152 4375 5217 Domi·

2424 5264 2581 5321 nus,
2628 5252 2954 5307 extremas
2998 5240 3267 5306 insidias
3310 5242 3624 5306 intentari
3670 5260 3862 5305 cerno
3908 5246 3976 5299 et
4019 5257 4218 5321 grave
4261 5256 4378 5318 pe-
