4984 5975
508 367 642 430 498
1858 339 1867 345 ’
2005 354 2528 426 cossam
2568 355 2860 423 PAULI
2900 355 3032 423 111.
4099 357 4106 366 ’
4405 355 4542 417 500

513 554 713 619 minit
755 573 794 617 a
835 551 1098 615 fortuna
1131 546 1442 614 adiutam.
1532 545 1773 610 'Pentet
1812 545 2020 631 igitur
2060 567 2239 613 nunc
2281 566 2472 629 opor-

516 646 615 706 tet
655 636 826 721 quod
869 634 1056 701 decet
1096 638 1613 717 contemptorem
1655 629 1788 697 Dei
1830 642 1899 697 et
1938 630 2300 697 hominnm.
2381 633 2475 696 At

515 728 952 808 protestantes
992 719 1118 787 hac
1158 719 1403 785 fiducia
1441 718 1799 784 consistere
1841 724 2113 801 oportet,
2137 716 2309 802 quod
2354 716 2474 782 du-

517 828 662 875 cam
685 808 929 874 habent
952 807 1264 873 universo
1297 801 1529 869 mundi
1569 804 1801 869 robore
1833 802 2235 869 validiorem.
2308 803 2473 869 Eius

516 902 675 961 sunt
715 912 938 960 voces:
1005 890 1283 957 Oonfide
1326 887 1570 973 pusille
1613 910 1807 974 grex,
1877 890 2034 973 quia
2083 889 2478 972 complacuit

514 980 691 1063 patri
724 986 839 1043 tuo
875 976 993 1043 tibi
1029 975 1185 1042 dare
1222 996 1520 1060 regnum.
1588 975 1787 1040 Item:
1832 975 2052 1041 Nolite
2096 975 2330 1040 timere
2364 996 2475 1040 eos

517 1065 632 1149 qui
685 1071 1033 1148 postquam
1091 1060 1446 1129 occiderint
1500 1081 1764 1143 corpus,
1824 1082 1977 1126 non.
2010 1060 2259 1127 habent
2299 1061 2476 1126 ultra

516 1150 692 1234 quod
735 1149 1009 1227 faciant,
1055 1147 1171 1213 sed
1209 1168 1362 1212 eum
1405 1147 1632 1212 timete
1676 1148 1790 1229 qui
1834 1155 1903 1212 et
1945 1168 2181 1231 corpus
2222 1149 2474 1211 interfi-

516 1257 667 1303 cere
688 1245 757 1302 et
790 1236 1081 1301 animam
1098 1236 1171 1298 in
1207 1232 1580 1319 gehennam
1613 1232 1933 1299 coniicere
1966 1240 2198 1317 potest.
2269 1232 2472 1297 Item:

518 1321 657 1404 Qui
685 1323 974 1387 animam
1010 1341 1194 1384 suam
1243 1325 1511 1403 propter
1554 1339 1660 1382 me
1697 1328 1765 1382 et
1798 1318 2219 1404 evangelium
2253 1339 2474 1383 meum

518 1406 899 1491 perdiderit,
947 1407 1241 1471 inveniet
1282 1424 1426 1470 eam
1471 1406 1540 1468 in
1584 1403 1791 1470 vitam
1837 1413 2190 1470 aeternam.

697 1552 873 1618 Nam
914 1573 982 1618 eo
1023 1559 1202 1617 aucto
1242 1555 1299 1615 et
1340 1550 1729 1615 corroborato
1770 1550 1865 1615 vel
1895 1554 2309 1631 protestantes
2352 1571 2478 1631 pa-

521 1639 752 1704 tientur
792 1659 858 1703 se
901 1638 1133 1703 adduci
1186 1638 1273 1702 ad
1328 1636 1658 1702 concilium
1699 1641 1758 1699 et
1798 1637 1937 1701 eius
1977 1636 2477 1702 determinationi

523 1744 608 1803 se,
651 1729 722 1787 ut
761 1724 989 1801 debent,
1031 1722 1375 1800 subiit-ient,
1402 1721 1495 1786 vel
1517 1722 1579 1788 si
1620 1726 1803 1786 erunt
1845 1721 2137 1786 obstinati
2160 1721 2270 1787 iao
2315 1723 2479 1801 ipso-

524 1815 647 1875 met
683 1808 925 1890 foedere
966 1810 1323 1874 maiestates
1360 1828 1519 1873 suae
1555 1811 1805 1871 utentur
1824 1807 1912 1872 ad
1943 1827 2045 1872 eos
2085 1807 2479 1891 corrigendos

526 1900 589 1959 et
619 1895 707 1960 ad
737 1895 1055 1960 saniorem
1088 1899 1349 1959 mentem
1392 1892 1764 1959 redueendos
1798 1896 1943 1974 post
1983 1893 2233 1957 concilii
2275 1892 2479 1959 decre-

522 1986 674 2046 tum.
746 1985 865 2059 [fol.
913 1985 1019 2059 40]
1065 1979 1271 2060 Atque
1313 1977 1462 2045 haec
1495 1979 1745 2061 quidem
1778 1978 1945 2043 dicta
1982 1983 2144 2057 sunit,
2178 1983 2480 2060 quantum

521 2067 610 2132 ad
649 2065 1011 2149 reliqionem
1050 2065 1284 2129 attinet.

697 2177 799 2242 Ne
843 2177 989 2260 quis
1033 2177 1217 2241 vafre
1270 2196 1465 2260 agere
1509 2175 1884 2258 pontificem
1925 2176 2279 2251 insimulet,
2326 2195 2478 2240 con·

525 2264 657 2328 sihi
718 2263 820 2328 sui
882 2263 1208 2327 rationem
1271 2260 1657 2344 simpliciter
1725 2261 1833 2327 hic
1887 2261 2172 2345 exponit.
2263 2259 2483 2343 Siqui-

523 2348 673 2414 dem
710 2354 900 2414 aucto
935 2347 1193 2413 foedere
1228 2347 1624 2413 alterutrum
1660 2368 1697 2412 e
1740 2346 1990 2413 duobus
2025 2346 2297 2413 confidit
2329 2368 2483 2413 eve-

524 2435 672 2500 nire
715 2440 1044 2516 oportere,
1091 2432 1199 2498 vel
1244 2441 1319 2498 ut
1361 2454 1431 2499 se
1474 2440 1917 2517 protestantes
1959 2432 2219 2500 concilii
2262 2432 2481 2498 deter-

522 2519 868 2585 minationi
936 2518 1314 2598 subiiciant,
1381 2519 1489 2583 vel
1556 2519 1614 2583 si
1676 2527 1981 2584 recusent
2035 2519 2100 2583 vi
2158 2527 2225 2584 et
2277 2539 2480 2583 manu

522 2613 962 2672 coerceantur.
1063 2605 1210 2671 Hoc
1263 2613 1481 2671 autem
1522 2605 1593 2669 in
1633 2625 1892 2670 summa
1934 2614 2036 2669 est
2052 2655 2067 2682 ,
2124 2605 2255 2670 nisi
2298 2603 2480 2669 dedi-

526 2693 703 2757 tione
745 2691 919 2758 facta
935 2742 951 2770 ,
1011 2713 1083 2757 88
1123 2712 1369 2775 suaque
1412 2692 1483 2756 in
1525 2691 1850 2773 pontificis
1893 2690 2149 2756 romani
2191 2698 2480 2773 potesta-

526 2785 661 2843 tem
705 2775 1120 2853 tradiderint,
1164 2778 1365 2843 armis
1409 2776 1831 2861 subigantur,
1876 2798 1998 2842 nec
2040 2777 2192 2841 finis
2237 2777 2325 2842 sit
2366 2783 2483 2841 aut

522 2861 759 2928 modus
800 2861 1120 2927 fundendi
1172 2864 1511 2946 sanguinis
1564 2862 1769 2928 donec
1812 2870 2028 2928 exstet
2069 2863 2182 2946 qui
2225 2862 2481 2928 hiscere

525 2950 704 3016 ausit
743 2956 973 3015 contra
1016 2946 1450 3014 abominabile
1492 2947 1658 3013 illud
1704 2968 2015 3015 romanae
2058 2948 2233 3014 sedis
2272 2950 2482 3033 impe-

526 3036 720 3100 rium.
811 3032 982 3113 Quis
1017 3053 1192 3098 nunc
1233 3035 1512 3098 miretur
1551 3054 1659 3099 eos
1693 3035 1790 3099 ita
1822 3033 2131 3114 iudicare,
2178 3056 2306 3119 quo
2338 3057 2481 3101 mae

527 3121 631 3205 gis
673 3118 969 3185 validum
1012 3117 1100 3184 sit
1141 3140 1216 3184 ac
1257 3128 1492 3203 potens
1526 3119 1651 3185 hoc
1682 3118 1927 3199 foedus,
1965 3128 2151 3186 tanto
2185 3120 2308 3187 sibi
2343 3122 2482 3186 fore

526 3204 804 3270 utilius?
905 3202 1133 3287 Quare
1191 3204 1353 3271 11888
1418 3207 1675 3271 romani
1738 3207 2025 3290 pastoris
2080 3208 2269 3292 virga
2286 3259 2304 3289 ,
2356 3207 2518 3272 hoc‘

659 3310 774 3355 um
818 3298 935 3368 est,
979 3311 1109 3374 quo
1151 3291 1385 3357 statuit
1426 3291 1718 3359 oviculas
1762 3291 1847 3357 ad
1891 3292 2114 3358 caulas
2154 3291 2483 3359 reducere.

584 3375 668 3442 ed
722 3398 805 3442 ex
856 3376 1133 3442 adverso
1185 3376 1510 3460 propheta
1563 3377 1830 3444 clamat:
1902 3379 2079 3444 Inite
2137 3380 2479 3446 consilium

525 3471 596 3529 et
635 3464 901 3528 irritum
940 3464 1087 3542 fiet,
1137 3464 1463 3546 percutite
1514 3463 1742 3531 foedus
1784 3470 1853 3529 et
1889 3463 2328 3548 dissipabitur.
2391 3467 2485 3531 Et

526 3570 687 3631 sane
727 3551 861 3613 iam
904 3549 1186 3614 antehac
1228 3571 1361 3614 non
1404 3550 1607 3616 semel
1651 3549 1943 3616 ostendit
1976 3550 2182 3629 Deus,
2226 3551 2483 3617 nullum

528 3641 755 3701 contra
788 3656 860 3701 se
894 3655 1088 3719 posse
1122 3638 1297 3701 stare
1336 3634 1678 3701 hominum
1702 3636 2067 3702 consilium.
2117 3636 2253 3703 Sed
2287 3658 2483 3721 quor-

528 3742 679 3788 sum
742 3720 852 3788 hic
917 3721 1221 3786 meminit
1271 3720 1351 3786 de
1427 3721 1685 3788 concilii
1737 3721 2313 3805 determinatione,
2369 3724 2482 3808 qui

530 3805 699 3871 nihil
740 3806 921 3872 aliud
965 3807 1207 3892 cogitat
1246 3828 1446 3890 quam
1495 3807 1781 3874 habendi
1829 3808 2087 3874 concilii
2127 3810 2483 3876 necessita-

530 3902 669 3957 tem
712 3911 969 3976 quoque
1009 3892 1205 3959 modo
1247 3893 1578 3977 effugere?
1664 3894 1813 3962 Hoc
1856 3896 2124 3960 omuino
2167 3903 2271 3962 est
2309 3894 2481 3979 quod

535 3977 767 4043 dicam.
864 3979 1258 4044 Accessione
1314 3976 1395 4043 de
1447 4000 1579 4062 qua
1629 3980 1882 4047 laborat
1935 3982 2107 4046 facta
2120 4033 2137 4060 ,
2196 3983 2483 4047 rationes

532 4061 657 4129 sibi
704 4061 788 4126 ad
828 4083 1100 4128 manum
1141 4086 1284 4131 esse
1328 4084 1464 4130 non
1505 4066 1796 4150 ambigit,
1842 4067 2075 4149 quibus
2116 4068 2358 4133 efficiat
2398 4089 2482 4133 ne

532 4146 846 4215 foederati
901 4149 981 4213 de
1038 4149 1123 4214 ha
1131 4149 1337 4216 bondo
1393 4151 1667 4218 concilio
1722 4151 1845 4217 sibi
1900 4153 2183 4235 amplius
2226 4152 2484 4217 molesti

532 4235 684 4300 sint.
788 4234 973 4300 Haec
1030 4238 1205 4301 enim
1250 4240 1425 4302 iusta
1467 4245 1568 4302 est
1585 4289 1599 4313 ,
1645 4238 1878 4303 saltem
1923 4240 2168 4304 usitata
2209 4259 2485 4322 praepa-

534 4321 703 4385 ratio
746 4329 813 4384 et
856 4320 1115 4386 concilii
1160 4319 1443 4388 habendi
1498 4331 1565 4388 et
1607 4342 1840 4389 causae
1884 4322 2363 4408 disceptandas,
2410 4331 2487 4388 ut

535 4411 690 4470 ante
734 4406 959 4470 omnia
999 4406 1071 4470 in
1113 4408 1447 4492 integrum
1491 4409 1764 4474 ecclesia
1806 4408 2208 4475 restituatur.
2276 4411 2487 4476 Porro

533 4491 698 4557 haec
738 4490 1064 4557 restitutio
1099 4492 1354 4560 duobus
1387 4495 1802 4577 potissimum
1841 4495 2157 4561 membris
2200 4501 2487 4561 constat:

533 4584 612 4641 ut
666 4596 706 4641 a
757 4578 1224 4662 repurgatione
1277 4578 1610 4646 doctrinae
1665 4588 1732 4646 et
1794 4580 2102 4648 ecclesiae
2174 4582 2488 4647 reforma-

537 4662 713 4728 tione
770 4683 971 4746 quam
1019 4672 1267 4729 temere
1323 4672 1735 4732 attentarunt
1777 4675 2213 4751 protestantes
2258 4688 2485 4750 super-

534 4747 822 4826 sedeant,
859 4749 993 4814 imo
1025 4751 1243 4832 potins
1278 4750 1401 4817 hoc
1434 4759 1665 4831 totum,
1702 4752 1878 4836 qnod
1897 4773 2245 4836 perperam
2270 4753 2486 4818 nullo·

534 4855 663 4918 que
715 4836 861 4900 iure
918 4835 1043 4901 sibi
1101 4845 1538 4920 sumpserunt,
1587 4837 1920 4904 abiiciant:
1976 4838 2213 4903 deinde
2300 4860 2485 4904 uam-

533 4939 812 5005 cnmque
862 4921 987 4987 sibi
1043 4921 1241 4987 fidem
1295 4945 1371 4989 ac
1422 4924 1755 5009 religionis
1812 4925 2092 4991 formam
2297 4923 2489 4990 ‘derit

534 5025 808 5073 romana
849 5006 1138 5089 ecclesia,
1185 5030 1332 5073 eam
1384 5031 1455 5074 se
1495 5011 1885 5094 promittant
1922 5009 2300 5077 obedienter
2342 5032 2486 5076 sus·

534 5100 852 5173 cepturos.
965 5090 1305 5175 Quidlibet
1368 5102 1589 5160 autem
1651 5097 1937 5163 facturos
2012 5117 2146 5162 non
2210 5093 2485 5176 dubitat,

534 5177 650 5244 ubi
670 5178 919 5244 viribus
961 5180 1259 5263 superior
1299 5179 1593 5264 gladium
1636 5189 1972 5248 exsertum
2017 5203 2217 5266 super
2258 5202 2487 5247 eorum

535 5264 824 5331 cervices
858 5267 1162 5346 tenuerit,
1200 5267 1254 5332 si
1278 5287 1483 5330 unum
1506 5265 1628 5331 hoc
1648 5267 2024 5349 obtinuerit,
2044 5273 2278 5353 pacata
2297 5288 2485 5352 pror-

2577 566 2690 610 sus
2752 543 3053 622 ecclesia,
3120 544 3265 627 quis
3329 544 3458 607 erit
3519 541 3774 609 concilii
3825 541 4034 606 usus?
4134 541 4281 606 11118
4342 540 4537 607 facile

2576 630 2998 715 persuadebit
3061 649 3204 694 esse
3268 628 3466 694 nimis
3538 628 3978 711 periculosum
4047 625 4402 711 tranquillo
4465 635 4541 693 et

2578 717 2935 802 composito
2986 715 3143 780 orbe
3184 713 3534 781 concilium
3578 734 3652 780 co
3737 735 3837 795 re,
3902 713 4093 780 cuius
4133 714 4286 779 finis
4326 714 4542 797 possit

2579 823 2722 870 esse
2766 801 3218 878 turbulentus;
3271 801 3432 865 item
3488 820 3631 866 esse
3655 735 3872 885 zinga
3913 800 4319 883 experientia
4359 819 4542 866 com·

2578 899 2836 972 pertum
2851 940 2866 967 ,
2927 887 3137 952 solere
3202 886 3477 952 concilia
3531 887 3744 970 magis
3817 893 4162 952 concutere
4226 885 4540 952 ecclesias

2578 996 2776 1059 quam
2832 974 3201 1057 pacificare:
3269 981 3338 1036 et
3391 992 3558 1056 quae
3615 973 3685 1037 in
3740 993 3887 1037 eam
3953 973 4350 1037 sententiam
4408 971 4540 1038 dici

2576 1066 2903 1144 poterunt.
3012 1056 3208 1141 Quod
3282 1057 3339 1124 81
3420 1059 3804 1123 crassiorem
3878 1058 4136 1122 fumum
4195 1056 4543 1124 offundere

2577 1146 2966 1229 oportuerit,
3023 1165 3158 1209 non
3220 1151 3321 1209 est
3375 1153 3513 1209 tam
3567 1142 3829 1210 difficile
3883 1143 4135 1210 bullam
4189 1143 4389 1209 unam
4431 1144 4543 1208 in·

2579 1231 2923 1297 dictoriam
2978 1229 3403 1296 conscribere.
3506 1228 3874 1295 Indictione
3936 1230 4108 1295 facta
4158 1229 4283 1295 1188
4346 1250 4543 1313 prae-

2580 1318 2770 1400 cipue
2814 1324 3048 1400 agetur
3091 1324 3170 1380 ut
3212 1337 3282 1382 se
3321 1313 3658 1381 adfuturos
3693 1314 4057 1398 spondeant
4097 1323 4544 1398 protestantes

2472 1474 2479 1479 ,
2580 1412 2649 1469 et
2699 1411 2962 1486 patrum
3019 1402 3381 1467 sententiae
3438 1406 3557 1480 [fol.
3596 1407 3705 1481 41]
3763 1408 4068 1467 staturos.
4171 1401 4324 1485 Ipse
4379 1422 4542 1467 vero

2578 1510 2716 1554 non
2753 1499 2889 1553 tam
2916 1485 3212 1572 stupidos
3247 1508 3389 1553 esse
3424 1487 3649 1566 credit,
3686 1494 3764 1552 ut
3794 1487 4040 1552 indicta
4074 1507 4274 1553 cansa
4307 1497 4544 1573 sponte

2578 1574 2825 1641 cessuri
2876 1574 3041 1652 sint,
3098 1580 3174 1637 ut
3213 1593 3600 1657 suspensam
3659 1595 3802 1639 esse
3842 1572 4049 1637 velint
4086 1571 4341 1639 Christi
4383 1594 4541 1639 cau·

2582 1683 2724 1727 sam
2777 1661 2858 1726 ab
2913 1680 3142 1724 eorum
3186 1667 3383 1738 nutu,
3438 1680 3601 1742 quos
3653 1667 3900 1725 norunt
3954 1657 4273 1725 diabolico
4315 1660 4540 1726 furore

2582 1749 2653 1812 in
2697 1745 3112 1831 evangelium
3159 1744 3419 1822 ardere,
3472 1765 3671 1828 seque
3725 1746 4076 1828 permissos
4120 1766 4346 1810 eorum
4389 1745 4540 1810 libi-

2584 1834 2757 1909 dini,
2820 1853 2982 1916 quos
3047 1840 3146 1895 tot
3202 1832 3395 1896 annis
3450 1830 3934 1896 crudelissimos
3994 1831 4216 1896 hostes
4280 1831 4540 1916 experti

2584 1925 2753 1984 sunt.
2842 1918 3017 1983 Nam
3062 1916 3184 1982 hoo
3226 1916 3427 1982 etiam
3471 1916 3713 1982 diserte
3756 1914 4093 1995 admonet,
4147 1918 4350 1981 armis
4389 1938 4541 1983 esse

2584 2002 2906 2089 cogendos
2960 2013 3036 2068 ut
3077 2024 3149 2067 se
3191 2001 3431 2067 iudicio
3475 2003 3712 2068 sistant
3726 2054 3742 2080 ,
3843 2004 3953 2067 818
3996 2002 4184 2067 aliter
4226 2024 4358 2068 non
4400 2005 4542 2068 sint

2581 2091 2837 2157 facturi.
2923 2089 3017 2154 Et
3055 2097 3280 2172 sperat
3322 2087 3446 2153 hac
3482 2097 3671 2171 parte
3711 2088 3784 2152 iu
3834 2089 4025 2153 'cium
4071 2109 4368 2154 camerae
4411 2090 4540 2155 sibi

2583 2178 2854 2242 minime
2929 2174 3305 2241 defuturum
3321 2226 3337 2252 ,
3415 2175 3604 2240 cuius
3682 2174 3896 2240 sancti
3969 2175 4408 2258 Areopagitae
4469 2185 4540 2241 et

2584 2283 2827 2347 magna
2881 2282 2965 2325 ex
3015 2267 3204 2343 parte
3246 2268 3405 2325 sunt
3457 2260 3553 2324 illi
3597 2261 3886 2325 autorati
3930 2268 3997 2324 et
4050 2258 4329 2325 fideliter
4384 2282 4539 2345 ope-

2583 2370 2730 2414 ram
2782 2369 2970 2413 suam
3026 2346 3121 2411 illi
3167 2343 3648 2429 impenderunt.
3748 2346 3922 2410 Nam
3977 2346 4035 2410 si
4077 2345 4271 2411 rebus
4313 2348 4539 2412 minus

2587 2432 2672 2498 ad
2726 2433 3084 2499 tumultum
3138 2431 3564 2515 comparatis,
3619 2431 4153 2515 clarigationibus
4196 2443 4418 2498 tamen
4471 2441 4540 2498 et

2585 2516 3169 2602 proscriptionibus
3223 2527 3362 2584 tam
3417 2517 3650 2601 cupide
3693 2517 4147 2601 fulgurat-unt,
4191 2539 4361 2601 quae
4403 2541 4542 2584 non

2547 2676 2555 2686 ,
2582 2606 2864 2671 fulmina
2905 2615 3063 2670 tunc
3106 2603 3571 2682 iacularentur,
3616 2624 3819 2686 quum
3854 2611 4143 2669 armatas
4182 2626 4418 2670 manus
4451 2604 4542 2670 ad

2586 2711 2741 2757 exse
2785 2691 3068 2757 nondam
3112 2710 3300 2756 suam
3343 2689 3795 2756 crudelitatem
3839 2689 4224 2755 cernerent?
4311 2691 4543 2757 Armis

2585 2797 2763 2844 seme
2830 2777 3129 2859 sumptis,
3176 2781 3291 2841 aut
3331 2774 3627 2841 funditus
3662 2774 4129 2841 exscindentur
4169 2785 4541 2859 protestan-

2585 2871 2738 2941 tes,⁴
2777 2868 2892 2928 aut
2919 2927 2922 2930 ,
2950 2861 3174 2945 aliqua
3214 2861 3461 2946 insigni
3505 2860 3689 2927 clade
3731 2861 4152 2945 frangentur,
4198 2869 4314 2926 aut
4352 2871 4546 2928 metu

2587 2949 2817 3016 domiti
2867 2949 2939 3014 iu
2981 2947 3425 3015 voluntariam
3467 2947 3853 3014 servitutem
3906 2967 3976 3013 se
4019 2946 4294 3035 dabunt:
4349 2947 4544 3033 quid·

2587 3036 2741 3121 quid
2796 3034 3127 3113 acciderit,
3183 3055 3301 3100 cur
3350 3034 3596 3099 frustm
3646 3042 3746 3098 tot
3789 3030 4198 3100 venerabiles
4261 3035 4543 3118 praelati

2585 3123 3023 3206 fatigarentur
3037 3171 3054 3199 ,
3109 3127 3186 3185 ut
3235 3117 3526 3203 undique
3543 3178 3566 3192 „
3581 3119 3655 3184 in
3711 3141 3920 3184 unum
3974 3119 4191 3186 locum
4228 3122 4544 3188 conveni-

2584 3208 2783 3274 rent?
2872 3206 3011 3273 Gur
3053 3213 3151 3271 tot
3191 3207 3559 3290 sumptibus
3593 3205 4015 3288 supervacuis
4056 3206 4544 3289 gravarentur?

2588 3297 2748 3361 satis
2804 3294 2980 3359 enim
3033 3293 3239 3359 scitur
3293 3299 3542 3376 quanto
3596 3291 3836 3357 viatico
3899 3292 4254 3358 instructos
4313 3294 4546 3358 venire

2585 3387 2909 3466 oporteat,
2983 3378 3098 3461 qui
3167 3385 3429 3444 tantum
3504 3377 3882 3444 satellitium
3958 3398 4181 3444 secum
4243 3378 4548 3459 trahunt,

2586 3475 2774 3534 tanto
2817 3465 3190 3549 splendore,
3248 3465 3453 3530 tantis
3490 3463 3770 3529 lautitiis
3813 3463 4290 3545 triumphantis
4333 3464 4546 3531 eccle-

2587 3556 2723 3619 siae
2780 3552 3167 3637 dignitatem
3229 3551 3578 3617 sustinent.
3683 3549 3776 3613 Et
3838 3549 4111 3614 fortasse
4175 3550 4392 3634 aliqua
4454 3573 4549 3616 ex

2586 3646 2776 3723 parte
2839 3637 3146 3704 exhausti
3214 3634 3623 3702 conferendis
3687 3633 3843 3699 belli
3904 3634 4258 3718 impendiis
4324 3646 4544 3702 erunt.

2586 3725 2737 3791 Hac
2768 3724 2974 3810 igitur
3006 3721 3550 3807 determinatione
3580 3720 3848 3786 finietur
3880 3719 4248 3799 concilium,
4283 3721 4550 3805 quando

2588 3832 2709 3877 nec
2750 3810 2972 3875 minus
3011 3805 3330 3891 impedire
3372 3828 3459 3871 ne
3492 3805 3843 3873 conveniat
3872 3806 3945 3870 in
3978 3807 4304 3889 pontificis
4337 3826 4548 3873 manu

2589 3905 2707 3976 est,
2745 3917 2943 3978 quam
2973 3914 3111 3958 non
3146 3914 3399 3971 vocare,
3437 3901 3506 3957 et
3530 3893 3584 3957 si
3619 3892 3999 3958 convenerit
4030 3899 4168 3956 tam
4199 3892 4387 3959 facile
4423 3914 4547 3977 po—

2587 3982 2746 4048 terit
2790 3980 3180 4062 abrumpere
3193 4031 3209 4058 ,
3250 3999 3452 4063 quam
3485 3977 3647 4044 alias
3682 3979 3925 4043 factum
3968 3998 4112 4043 esse
4156 3985 4384 4045 notum
4419 3988 4545 4045 est.

2767 4154 3078 4234 Quantmn
3127 4171 3266 4216 vero
3322 4150 3408 4215 ad
3459 4150 3793 4214 imminens
3835 4150 4190 4232 periculum
4236 4151 4548 4217 turcicum

2588 4243 2817 4321 spectat
2865 4237 3420 4303 reverendissimus
3472 4235 3768 4301 dominus
3810 4236 4048 4318 leyatus
4098 4236 4399 4317 inprimis
4443 4239 4550 4322 (ut

2589 4326 2847 4408 saepius
2896 4344 2974 4389 ex
3024 4324 3315 4388 mmlato
3367 4321 3721 4388 sanctitatis
3761 4341 3917 4386 suae
3955 4320 4129 4403 fecit)
4173 4342 4307 4386 non
4347 4330 4550 4390 cessat

2590 4411 2699 4477 hoc
2740 4429 3066 4510 caesareae
3105 4408 3422 4475 maiestati
3463 4427 3605 4508 cum
3648 4408 3819 4507 omni
3857 4408 4076 4507 affeetu
4117 4413 4413 4489 repetere,
4469 4416 4547 4476 ut

2579 4516 2884 4648 ms
2846 4516 3039 4661 '¹²:²22
3061 4514 3220 4646 ..⁰²⁴5
3231 4492 4304 4662 ὦᾝᾭῖΐᾛαᾶἵιῖῧωο
4342 4580 4410 4645 01.
4401 4515 4546 4646 ‘'ffi-

2591 4670 2815 4733 tianae.
2914 4665 3087 4733 Nam
3138 4667 3198 4731 si
3267 4665 3387 4730 illa
3439 4686 3563 4731 non
3613 4665 4072 4731 concluderetur
4126 4666 4317 4751 (quod
4353 4664 4546 4732 Deus

2591 4751 4547 4837 avertatetquodtamennonsperatur)dubiumoetan

2590 4839 2912 4907 concordes
2971 4840 3140 4904 vires
3199 4838 3390 4901 totius
3452 4835 3937 4902 christianitatis
3985 4843 4246 4919 possent
4294 4837 4550 4904 viribus

2589 4926 2775 4992 illius
2812 4923 3232 5010 potentissimi
3282 4921 3479 4988 hostis
3516 4923 3835 5002 resistere,
3894 4943 4088 5005 qiam
4131 4922 4376 4988 donnini
4417 4945 4547 4990 non

2578 5012 2778 5094 plena
2834 5017 2954 5091 [fol.
2991 5015 3101 5089 42]
3155 5007 3309 5073 adeo
3371 5014 3526 5074 esset
3570 5009 3898 5087 securitas,
3953 5008 4064 5075 sed
4115 5009 4311 5075 huius
4350 5010 4549 5093 pacis

2589 5097 2919 5163 utilitatem
2961 5093 3382 5176 multifariam
3423 5095 3560 5161 ideo
3593 5113 3759 5159 nune
3800 5093 4115 5175 explicare
4153 5095 4413 5161 minime
4453 5100 4550 5162 est

2591 5183 3034 5259 necessarium,
3094 5181 4550 5263 qaumsaepiusdeeaactmsitcmcae-

2587 5289 2776 5335 sarea
2815 5267 3147 5334 maiestate.
