4984 5975
327 363 400 427 45
1730 362 2021 431 LIBER
2063 366 2116 431 Ι.
2207 364 2513 437 CAPUT
2554 371 2681 436 III.
2745 367 2865 434 rV.
4221 380 4305 443 46

473 544 705 614 Impiger
739 552 1014 602 extremos
1049 548 1215 601 currit
1247 556 1519 605 mercator
1553 550 1624 604 ad
1657 551 1840 620 Indos,

475 613 577 667 Per
608 630 756 669 mare
792 616 1104 683 pauperiem
1141 615 1368 685 fugiens,
1402 634 1502 686 per
1537 635 1687 687 saxa,
1724 635 1824 688 per
1856 621 2023 689 ignes.

327 700 477 765 Nam
517 720 748 765 verum
783 707 884 766 est
924 701 1096 785 quod
1142 702 1236 766 ait
1271 701 1622 769 Horatius:

708 802 1120 858 Desiderantem
1154 804 1298 872 quod
1334 806 1467 860 satis
1502 813 1603 873 est,
1639 822 1812 875 neque

709 872 1122 927 Tumultuosum
1159 872 1416 928 sollicitat
1449 890 1613 929 mare.

323 955 636 1024 Iuvenalis
675 956 899 1042 satyr.
945 958 1167 1023 XIV.:

709 1059 792 1115 Tu
865 1068 1054 1129 ropter
1085 1059 1231 1113 mille
1266 1061 1473 1116 talenta

409 1127 478 1181 Et
511 1134 724 1183 centum
757 1128 827 1181 vil
853 1144 914 1181 as
952 1129 1268 1184 temerarius
1304 1130 1486 1198 aspice

408 1194 478 1249 Et
508 1195 734 1264 plenum·
761 1197 980 1265 magicis
1014 1198 1257 1251 trabibus
1291 1213 1454 1267 mare,
1491 1215 1527 1266 p
1550 1215 1614 1253 us
1648 1200 1918 1256 hominum
1956 1210 2040 1258 est
2075 1205 2178 1259 iam

407 1263 465 1318 In
497 1264 710 1333 pelago,
746 1267 927 1319 veniet
959 1265 1149 1320 classis
1183 1281 1394 1334 quocun
1434 1282 1500 1320 ue
1535 1270 1746 1322 vocarit

409 1332 535 1401 Spes
572 1333 725 1402 lucri,
761 1349 861 1387 nec
897 1334 1242 1403 Carpathium
1279 1333 1356 1389 Ge
1441 1350 1580 1403 aque
1617 1343 1823 1392 tantum

408 1401 654 1470 Aequora
689 1402 957 1457 transiliet
991 1410 1108 1457 etc.’

321 1487 685 1570 Propertius
728 1486 893 1553 libro
934 1488 1129 1553 tertio
1144 1507 1168 1550 :·
1265 1534 1276 1549 .
1453 1572 1462 1581 .

533 1589 686 1659 Ergo
723 1590 983 1644 sollicitae
1021 1597 1081 1644 tu
1118 1607 1282 1645 causa
1313 1593 1542 1659 pecunia
1579 1594 1718 1648 vitae
1755 1610 1843 1650 es:

641 1658 748 1713 Per
780 1666 834 1712 te
869 1659 1206 1713 immaturum
1240 1662 1429 1715 mortis
1465 1660 1670 1716 adimus
1704 1663 1823 1717 iter.

1562 1138 1730 1200 ortus,

321 1742 496 1808 Item·
534 1829 620 1883 Ite
655 1835 804 1883 rates
839 1845 1052 1893 curvae,
1091 1837 1147 1883 et
1182 1829 1276 1884 leti
1313 1833 1582 1886 contexite
1620 1850 1839 1890 causas:

635 1896 752 1951 Ista
785 1913 885 1966 per
917 1899 1177 1952 humanas
1213 1915 1364 1983 mors⁸
1395 1903 1543 1954 venit
1577 1909 1701 1956 acta
1734 1918 1940 1960 manus.

320 1981 495 2047 Item:

556 2068 769 2123 Natura
803 2068 1020 2123 insidias
1054 2076 1280 2136 pontum
1317 2070 1610 2125 substravit
1645 2075 1840 2129 avaris.

471 2153 620 2219 Sive
683 2153 1047 2219 ambitiosus
1110 2154 1402 2219 dominus
1467 2154 1585 2243 est]
1631 2157 1945 2247 'Ingenuo
2009 2162 2250 2228 fatetur

322 2235 548 2305 Seneca
593 2239 819 2323 quales
860 2240 1107 2305 fuerint
1150 2260 1186 2303 e
1304 2240 1450 2324 giae
1485 2241 1640 2308 illae
1677 2246 2089 2313 ethnicorum
2112 2249 2248 2314 vir-

319 2332 497 2404 tutes,
555 2346 726 2409 quae
775 2324 969 2408 pleno
1026 2345 1138 2389 ore
1225 2332 1631 2393 ecantantur.
1723 2330 1904 2397 'rone
1945 2330 2249 2399 *ambitio-

319 2429 466 2488 nem,
510 2423 579 2477 et
622 2412 946 2476 fastuosos
987 2411 1255 2493 spiritus
1298 2411 1514 2478 nullos
1569 2414 1867 2497 habebis,
1927 2438 2050 2482 nec
2090 2419 2247 2484 Pla-

318 2502 504 2575 tones,
562 2518 687 2563 nec
742 2495 1056 2575 Catones,
1115 2517 1234 2562 nec
1280 2494 1631 2565 Scaevolae
1647 2553 1662 2580 ‚
1718 2523 1840 2568 nec
1884 2501 2246 2588 Scipiones,

318 2601 420 2646 nec
454 2582 805 2650 Fabricios.
904 2582 1089 2646 Haec
1145 2581 1371 2647 eadem
1426 2588 1751 2652 sententia
1803 2589 1977 2671 apud
2017 2587 2245 2656 Salus-

317 2667 460 2732 tium
518 2669 799 2752 legitur:
862 2666 1025 2732 Dux
1090 2674 1286 2751 atque
1351 2670 1705 2753 imperator
1761 2674 1935 2740 vitae
1999 2684 2247 2741 morta-

316 2749 456 2817 lium
496 2754 786 2819 animus:
835 2755 946 2835 qui
987 2754 1101 2817 ubi
1146 2753 1228 2818 ad
1273 2754 1550 2838 gloriam
1595 2759 1861 2825 virtutis
1903 2762 2016 2826 via

316 2848 490 2919 satur,
533 2838 796 2917 abunde
839 2848 1068 2922 potens
1103 2838 1482 2922 pollensque
1516 2852 1582 2907 et
1615 2844 1832 2910 clarus
1868 2854 1992 2936 est„

316 2932 369 2987 et
405 2925 617 2992 innuit
660 2924 1000 3010 Vergilius
1043 2925 1373 2991 Aeneidos
1417 2927 1567 2993 VL:

461 3027 655 3083 Vincet
689 3045 842 3083 amor
876 3029 1101 3097 patriae,
1139 3029 1459 3096 laudumque
1494 3032 1754 3088 immensa
1791 3035 2002 3102 cupido.

462 3114 810 3179 Dexteram
856 3115 1134 3193 flammis
1198 3113 1529 3181 obiecimus
1631 3117 1777 3184 Hoc
1829 3121 2245 3187 referendum

2118 2847 2246 2913 uod

314 3197 384 3262 ad
434 3197 848 3279 Scaevolam,
906 3199 987 3264 de
1042 3220 1168 3282 quo
1223 3200 1460 3266 Livius
1538 3204 1680 3269 1bro
1734 3205 2045 3271 secundo:
2110 3205 2264 3288 Qui‘

312 3303 490 3364 quum
543 3299 765 3351 castra
816 3286 1147 3354 Porsenae
1198 3285 1534 3368 ingressus
1588 3290 1865 3356 scribam
1920 3312 2040 3374 pro
2084 3313 2241 3376 rege

308 3388 412 3450 per
454 3391 746 3436 errorem
820 3370 1296 3449 obtruncasset,
1375 3393 1646 3439 accenso
1714 3375 1794 3439 ad
1852 3378 2248 3443 sacrificium·

308 3454 495 3520 foculo
536 3456 842 3522 dextram
885 3457 1134 3522 iniecit:
1182 3478 1223 3521 a
1263 3476 1393 3539 qua
1435 3457 1617 3524 clade
1659 3481 1898 3526 nomen
1942 3464 1998 3527 ei
2041 3462 2242 3529 Scae-

313 3540 474 3606 volae
522 3541 842 3621 inditum3
898 3562 1196 3608 scaevam
1242 3543 1420 3606 enim
1473 3545 1727 3628 antiqui
1771 3546 2084 3612 dixerunt
2126 3547 2240 3631 qui

309 3626 554 3693 sinistra
620 3637 794 3693 esset
863 3627 1132 3712 agiliore
1198 3648 1390 3711 quam
1459 3627 1709 3695 dextra.
1820 3633 2238 3717 Augustinus

309 3707 455 3778 libro
496 3723 733 3796 quarto
774 3711 881 3778 De
924 3713 1186 3779 civitate
1219 3713 1377 3778 Dei:
1425 3713 1566 3779 Cur
1603 3716 1915 3782 fortitudo
1952 3718 2072 3784 dea
2104 3741 2240 3785 non

309 3805 421 3875 est,
472 3819 638 3882 quae
693 3800 884 3864 affuit
935 3799 1152 3863 Mutio
1210 3819 1410 3881 quum
1467 3799 1768 3868 dextram
1825 3805 2118 3886 porrexit
2167 3806 2238 3870 in

309 3880 631 3949 flammas?
721 3885 1030 3949 Meminit
1072 3892 1140 3949 et
1179 3884 1525 3949 Martialis.

477 3969 841 4036 Voluntaria
893 3967 1332 4055 sub-siluimus]
1402 3971 1541 4035 Aut
1605 3974 1902 4057 tangitur
1967 3974 2238 4041 historia

305 4051 546 4120 Horatii
589 4053 893 4134 Coclitis,
953 4056 1140 4122 cuius
1184 4056 1261 4120 fit
1308 4056 1555 4122 mentio
1599 4057 1774 4141 apud
1814 4060 2084 4126 Livium
2128 4083 2234 4127 eo-

305 4135 442 4204 dem
482 4140 665 4207 libro.
739 4140 965 4222 Quum
1009 4141 1186 4207 enim
1220 4142 1539 4224 impetum
1573 4142 2052 4211 Hetruscorum
2090 4153 2234 4212 tan-

305 4223 492 4307 tisper
532 4226 979 4305 sustinuisset,
1035 4224 1193 4290 dum
1236 4236 1501 4310 pontem
1543 4226 1906 4295 Sublicium
1950 4232 2234 4298 Romani

303 4307 636 4391 diruerent,
680 4313 755 4377 in
798 4311 1073 4397 Tybrim
1115 4332 1186 4376 se
1229 4313 1524 4391 coniecit,
1569 4325 1637 4380 et
1672 4315 1897 4381 multis
1936 4319 2233 4400 superin-

302 4394 652 4465 cidentibus
695 4404 842 4478 [pag.
884 4402 990 4476 34]
1013 4397 1180 4462 telis
1222 4399 1564 4465 incolumis
1603 4400 1687 4465 ad
1731 4421 1886 4467 suos
1924 4406 2230 4482 tranavit,

301 4479 376 4545 ob
424 4483 594 4566 quod
650 4483 908 4550 facinus
960 4490 1179 4549 statua
1231 4484 1330 4548 illi
1387 4484 1674 4565 decreta,
1731 4496 1799 4552 et
1856 4486 2070 4554 victus
2115 4509 2231 4553 an-

300 4585 474 4634 nuus.
562 4569 795 4635 Refert
834 4569 1174 4657 historiam
1217 4576 1286 4634 et
1328 4569 1722 4637 Plutarchus
1762 4572 1835 4636 in
1875 4572 2230 4639 Publicola.

301 4651 457 4730 Aut,
517 4655 692 4737 quod
737 4654 997 4721 videtur
1035 4654 1202 4720 mibi
1246 4676 1399 4722 vero
1443 4678 1584 4723 esse
1638 4657 1935 4741 propius,
1989 4658 2231 4725 intelli-

298 4738 573 4819 gendum
618 4740 700 4806 de
743 4739 1000 4815 Curtio,
1046 4741 1157 4823 qui
1175 4792 1189 4818 ,
1236 4747 1312 4805 ut
1354 4742 1589 4808 Livius
1632 4743 1836 4809 refert
1875 4741 2042 4809 libro
2084 4764 2231 4828 sep-

299 4820 467 4904 timo,
511 4834 580 4891 et
619 4825 928 4891 Valerius
969 4824 1137 4891 libro
1179 4827 1424 4909 quinto,
1469 4829 1538 4892 in
1579 4827 1974 4912 profundam
2016 4837 2232 4895 terrae

299 4911 851 5063 mhi?
865 4910 1313 5063 οῗζίἳὶρίῗᾉω
1321 4910 1564 5064 ried&
1598 4935 1798 5063 Ψ
1687 4914 2231 5066 ωὲἒρὲἕοᾋῗ

297 5079 697 5147 excellerent.
776 5081 950 5147 Vide
992 5019 1649 5182 Augustinumqlibro
1687 5085 1916 5169 quinto
1957 5093 2025 5152 et
2063 5086 2232 5152 libro

299 5173 517 5233 octavo
559 5166 664 5233 De
707 5168 971 5234 civitate
1008 5166 1154 5233 Dei.
1242 5168 1655 5252 Propertius:

566 5269 782 5325 Curtius
818 5269 1049 5339 expletis
1084 5271 1275 5325 statuit
1307 5279 1650 5327 monumenta
1683 5272 1906 5329 lacunis.

2533 557 2857 624 Pressura
2910 578 2977 623 se
3029 578 3104 623 ac
3154 558 3470 647 fractura]
3549 560 3688 625 Alii
3752 560 4002 629 codices
4059 562 4310 631 habent

2357 650 2667 722 stratura,
2713 642 2939 709 eodem
2984 653 3324 709 constante
3367 666 3593 725 sensu,
3639 666 3760 729 pro
3804 667 3881 712 eo
3924 648 4096 730 quod
4140 647 4311 715 dixit

2354 726 2702 794 Horatius:

2734 848 2828 902 Vis
2865 849 3055 903 consili
3090 864 3288 918 expers
3322 851 3464 904 mole
3498 853 3607 905 ruit
3641 868 3768 919 sua3

2733 916 2855 971 Vim
2890 924 3243 985 temperatam
3279 918 3333 972 di
3368 935 3580 988 quoque
3616 920 3922 988 provehunt

2731 985 2793 1038 In
2830 986 3019 1054 maius,
3056 986 3197 1041 idem
3234 986 3397 1041 odere
3434 989 3575 1042 vires

2732 1051 2900 1108 Omne
2936 1053 3090 1109 nefas
3128 1055 3288 1109 animi
3321 1062 3617 1110 movente&

3095 1328 3396 1394 CAPUT
3440 1329 3560 1394 IV.

2532 1459 2731 1526 Suam
2766 1463 2978 1544 itaque
3012 1464 3490 1529 incolumitatem
3524 1470 3752 1544 amant,
3797 1473 3987 1546 quum
4019 1487 4143 1549 pro
4179 1486 4305 1533 uno
4332 1494 4335 1497 “

2352 1545 2597 1611 homine
2654 1548 2847 1612 denas
2898 1548 3163 1631 leyiones
3194 1551 3294 1613 tin
3349 1553 3546 1616 aciem
3601 1551 3928 1631 deducunt,
3989 1573 4180 1633 quum
4234 1556 4304 1619 in

2346 1633 2566 1714 prima
2597 1632 2798 1714 fronte
2822 1640 3223 1716 procurrunt,
3262 1641 3319 1699 et
3353 1638 3622 1702 adversa
3661 1637 4021 1703 vulneribus
4049 1644 4305 1721 pectora

2347 1717 2578 1799 ferunt,
2637 1739 2714 1782 ne
2767 1719 3166 1800 imperatoris
3206 1723 3323 1785 sui
3377 1723 3562 1805 siqua
3620 1727 3957 1788 vertantur.
4048 1720 4172 1789 Ille
4214 1731 4305 1789 est

2351 1804 2518 1867 enim
2559 1804 2874 1869 vinculum
2906 1826 3030 1886 per
3071 1806 3233 1885 quod
3273 1806 3622 1889 respublica
3679 1807 3953 1873 cohaeret
3968 1859 3984 1888 ,
4028 1809 4134 1874 ille
4174 1812 4303 1890 spi-

2351 1889 2515 1952 ritus
2552 1889 2797 1969 vitalis,
2842 1911 3021 1971 quem
3062 1890 3211 1956 haec
3253 1896 3335 1955 tot
3376 1893 3583 1957 millia
3626 1892 3908 1973 trahunt,
3955 1894 4116 1959 nihil
4158 1897 4302 1976 ipsa

2344 1995 2464 2055 per
2505 1994 2571 2038 se
2608 1975 2845 2055 futura,
2881 1977 3015 2043 uisi
3058 1997 3216 2045 onus
3258 1983 3316 2041 et
3336 1980 3608 2058 praeda,
3654 1980 3716 2043 si
3748 1999 3923 2044 mens
3964 1979 4081 2045 illa
4114 1982 4301 2061 impe-

2349 2059 2442 2122 rii
2485 2059 2907 2125 subtrahatur.
2975 2061 3162 2144 Rege
3204 2064 3523 2129 incolumi
3565 2085 3754 2129 mens
3798 2065 4100 2130 omnibus
4136 2087 4296 2130 una:

2353 2145 2616 2209 Amisso
2662 2167 2740 2210 ru
2787 2167 2897 2210 ere
2930 2146 3145 2213 fidem.
3240 2147 3365 2213 Hic
3406 2169 3590 2214 rasus
3633 2170 3924 2214 romanae
3947 2151 4132 2232 pacis
4174 2152 4303 2217 ecci-

2351 2230 2508 2292 tium
2551 2231 2686 2307 erit,
2770 2232 2829 2295 ic
2885 2233 3043 2295 tanti
3095 2234 3415 2312 sedunam
3458 2235 3683 2316 populi
3736 2237 3806 2298 in
3859 2237 4091 2299 ruinas
4145 2241 4297 2320 aqet.

2359 2314 2636 2380 Tamdiu
2679 2316 2756 2379 ab
2798 2317 2917 2380 isto
2952 2318 3229 2397 periculo
3273 2318 3470 2383 aberit
3510 2319 3610 2383 hic
3657 2321 3951 2401 populna,
3996 2321 4300 2401 quamdiu

2351 2401 2500 2464 sciet
2528 2401 2696 2482 ferre
2724 2401 2975 2482 frenos;
3009 2422 3162 2483 quos
3195 2406 3255 2468 si
3293 2405 3542 2484 quando
3578 2406 3918 2486 abruperit,
3952 2407 4047 2470 vel
4087 2408 4298 2488 aliquo

2351 2505 2505 2549 casu
2538 2486 2852 2551 discussos
2882 2489 3099 2568 reponi
3138 2489 3260 2553 sibi
3287 2509 3525 2570 passus
3558 2511 3679 2555 non
3720 2491 3851 2567 erit,
3895 2490 4042 2555 haec
4080 2493 4297 2556 unitas

2351 2575 2408 2635 et
2438 2571 2540 2635 hic
2572 2571 2842 2635 maximi
2883 2572 3139 2652 imperii
3180 2578 3492 2640 contextus
3532 2576 3605 2640 in
3634 2580 3857 2655 partes
3896 2575 4124 2639 multas
4166 2577 4295 2642 dis-

2350 2656 2547 2720 siliet.-
2592 2657 2869 2738 idemque
2903 2657 3048 2721 huic
3090 2658 3232 2722 urbi
3265 2661 3633 2725 dominandi
3663 2659 3817 2741 sinis
3858 2662 3991 2740 erit,
4035 2663 4145 2742 qui
4175 2682 4297 2743 pae-

2215 2798 2245 2811 -
2349 2741 2533 2806 rendi
2582 2742 2792 2823 fuerit.
2896 2741 3047 2808 Ideo
3090 2746 3414 2827 principes
3468 2766 3772 2828 reyes-que,
3830 2751 3887 2809 et
3940 2767 4296 2829 quocunque

2350 2826 2477 2891 alio
2516 2828 2762 2893 nomine
2793 2833 2940 2892 sunt
2971 2833 3199 2894 tutores
3233 2835 3433 2895 status
3463 2831 3725 2911 publici,
3768 2851 3888 2895 non
3934 2836 4023 2896 est
4061 2833 4296 2897 mirum

2348 2914 2559 2977 amari
2612 2914 2785 2978 ultra
2826 2915 3128 2995 privatas
3182 2918 3369 2980 etiam
3424 2916 3915 2981 necessitudines.
4008 2916 4181 2981 Nam
4233 2919 4298 2983 si

2348 3000 2529 3064 sanis
2563 3000 2917 3066 hominibus
2938 3000 3199 3082 publica
3223 3004 3502 3083 privatis
3526 3004 3779 3083 potiora
3813 3009 3975 3080 sunt,
4012 3005 4295 3084 sequitur

2346 3090 2417 3148 ut
2456 3087 2518 3149 is
2559 3106 2794 3168 quoque
2836 3087 3045 3150 carior
3078 3089 3179 3165 sit,
3225 3090 3295 3152 in
3336 3108 3512 3169 quem
3553 3109 3618 3153 se
3659 3089 4014 3168 respublica
4055 3109 4295 3154 conver-

2347 3171 2435 3234 tit.
2532 3170 2700 3235 Olim
2752 3173 2917 3237 enim
2960 3172 3050 3238 ita
3118 3192 3183 3238 se
3235 3174 3444 3239 induit
3495 3173 3868 3255 reipublicae
3914 3172 4151 3239 Caesar
4165 3225 4181 3254 ‚
4226 3180 4295 3238 ut

2345 3256 2565 3320 diduci
2626 3257 2891 3321 alterum
2952 3277 3073 3320 non
3128 3264 3339 3339 posset
3400 3261 3536 3324 siue
3601 3261 3929 3339 utriusque
3995 3262 4289 3340 pernicie.

2349 3341 2522 3405 Nam
2563 3347 2633 3405 ut
2675 3342 2777 3406 sai
2815 3342 3060 3407 viribus
3104 3365 3261 3426 opus
3302 3348 3407 3423 est,
3453 3346 3544 3408 ita
3585 3349 3641 3408 et
3681 3344 3826 3408 huic
3868 3346 4082 3424 capite.

2516 3467 2662 3541 [pag.
2704 3466 2811 3540 35]
2865 3460 2942 3527 Si
2987 3469 3163 3528 stare
3215 3484 3353 3548 ηομ
3395 3471 3609 3546 potest
3652 3464 3792 3528 sine
3834 3464 4104 3544 imperio
4148 3484 4282 3528 res-

2343 3547 2632 3629 publica,
2692 3547 2748 3611 si
2803 3568 3036 3630 corpus
3094 3570 3176 3613 cx
3233 3549 3460 3615 multis
3501 3548 3877 3613 hominibus
3919 3548 4283 3626 collectum,

2342 3640 2647 3697 truncum
2690 3639 2793 3697 est
2835 3642 2902 3697 et
2942 3633 3392 3716 imperfectum
3439 3635 3580 3699 sine
3624 3635 3853 3715 capite,
3906 3654 4063 3697 suae
4104 3632 4283 3697 salu-

2340 3719 2429 3782 tis
2483 3725 2644 3783 sunt
2697 3729 3241 3803 propugnatores,
3307 3740 3509 3802 quum
3569 3719 3931 3802 periculum
3985 3736 4024 3780 a
4073 3717 4284 3799 capite

2340 3824 2457 3869 suo
2501 3803 2887 3886 propulsant
2900 3856 2916 3883 ,
2973 3804 3147 3887 quod
3189 3826 3408 3871 secum
3451 3804 3742 3869 traheret
3792 3803 4105 3867 maiorem
4146 3803 4282 3867 rui-

2339 3910 2515 3955 nam.
2603 3889 2830 3955 Unum
2875 3890 3134 3973 quidem
3180 3890 3514 3955 hominem
3559 3897 3634 3955 ut
3675 3886 4055 3965 defendant,
4098 3907 4284 3953 arma

2339 3974 2643 4053 induunt,
2686 3974 2801 4040 sed
2843 3976 3028 4041 cuius
3082 3975 3494 4041 incolumitas
3539 3974 3831 4038 omnium
3872 3972 4282 4038 incolumita-

2337 4067 2471 4125 tem
2529 4060 3006 4142 complectitur:
3067 4082 3264 4144 quem
3316 4062 3373 4126 si
3439 4060 3778 4135 deserunt,
3845 4057 4158 4140 praedam
4212 4080 4282 4125 se

2334 4146 2585 4211 faciunt
2625 4144 2939 4211 hostibus.
3028 4146 3112 4211 In
3156 4146 3278 4213 hoc
3322 4165 3550 4229 pacem
3589 4144 3914 4229 publicam
3953 4150 4021 4207 et
4063 4145 4282 4226 priva-

2336 4240 2469 4296 tam
2485 4284 2503 4309 ,
2564 4232 2820 4314 imperii
2872 4233 3275 4298 maiestatem
3298 4284 3312 4311 ,
3366 4232 3662 4296 fortunas
3707 4227 4092 4295 domesticas
4135 4251 4281 4312 pos-

2337 4316 2568 4382 sident.
2659 4315 2830 4381 Oum
2881 4316 3007 4384 hoc
3060 4318 3278 4382 omnia
3323 4325 3616 4408 pereunt.
3707 4313 3874 4396 Quis
3918 4315 4049 4379 iam
4094 4314 4280 4380 dubi-

2335 4410 2434 4467 tet
2490 4403 2616 4468 hac
2671 4401 2969 4467 mercede
3021 4403 3356 4487 proposita
3407 4400 3586 4465 mille
3639 4401 3955 4466 mortibus
4006 4421 4078 4465 se
4119 4400 4278 4466 obii-

2335 4487 2525 4554 cere?
2586 4501 2859 4570 pareant
2907 4489 3084 4553 enim
3142 4508 3405 4553 neeesse
3460 4493 3561 4551 est
3613 4488 3670 4552 si
3723 4507 3794 4552 se
3848 4506 3924 4550 ac
3979 4504 4098 4550 sua
4140 4506 4275 4551 ser-

2335 4594 2491 4639 vare
2536 4573 2759 4638 velint.

2504 4657 2725 4723 Deua-s=
2768 4658 3036 4743 leqiones
3078 4659 3147 4723 iu
3191 4658 3387 4723 aciem
3431 4655 3765 4743 deducunt]
3822 4656 4025 4739 Atqui
4070 4655 4276 4720 multo

2332 4744 2558 4828 plures
2595 4743 2895 4810 Caesaris
2940 4743 3223 4828 Augusti
3276 4742 3567 4826 legiones
3617 4744 3899 4808 fuerunt.
3986 4741 4056 4806 Is
4101 4741 4277 4804 enim

2335 4836 2616 4913 quatuor
2657 4828 3214 4979 essequadraginta
3265 4828 3555 4913 legiones
3599 4847 3732 4892 non
3775 4826 3977 4891 semel
4019 4832 4278 4925 tantum

2336 4916 2621 4980 armavit
2634 4965 2650 4992 ,
2874 4913 3236 4979 ordinarias
3291 4913 3522 4980 habuit
3563 4913 3648 4979 ad
3700 4912 3980 4977 tutelam
4031 4932 4127 4976 rei
4171 4931 4275 4974 ro·

2334 5020 2588 5066 manae.
2677 4998 2856 5080 Quid
2898 5007 3119 5064 autem
3163 4999 3250 5064 sit
3290 4999 3477 5083 legio,
3523 5021 3655 5064 non
3697 4999 3859 5064 satis
3900 4997 4074 5061 inter
4106 4994 4273 5061 clas-

2334 5088 2502 5153 sicos
2552 5092 2815 5151 autores
2868 5084 3190 5149 convenit.
3285 5084 3697 5151 Plutarchus
3726 5083 3899 5148 enim
3943 5087 4133 5146 autor
4174 5087 4274 5145 est

2333 5170 2693 5237 Romulum
2735 5169 3034 5237 divisisse
3086 5171 3494 5237 iuventutem
3537 5188 3876 5235 romanam
3917 5167 3991 5231 in
4031 5164 4271 5230 milita-

2334 5279 2439 5322 res
2492 5254 2783 5336 ordines,
2849 5275 3125 5340 quorum
3175 5256 3447 5340 quilibet
3497 5254 3791 5338 mditum
3858 5251 3987 5315 tria.
4047 5249 4273 5328 millia,
