4984 5975
611 267 693 328 51

616 454 897 521 salutem
959 452 1062 519 sui
1115 450 1433 535 principis
1490 448 1744 515 obiectu
1769 467 2144 531 -eorporum
2198 443 2575 523 defendunt,

622 543 771 619 [pag.
811 542 919 618 40]
952 538 1159 602 vitam
1193 537 1335 601 6166
1379 535 1514 600 6616
1557 534 1875 600 1661111166
1909 534 2260 611 redimunt,
2299 528 2579 597 adversa

621 623 1009 690 vulneribus
1061 630 1327 705 pectora
1380 621 1630 699 ferunt,
1687 640 1856 685 eum
1908 640 2049 684 esse
2103 625 2394 683 mentem
2448 616 2575 681 rei-

618 711 918 793 publicae
970 710 1394 792 profitentur:
1451 711 1762 790 agnoscat
1817 705 1928 769 ille
1980 704 2268 771 vicissim
2321 706 2579 784 oportet

620 794 1091 879 rempublicam
1156 815 1350 858 suum
1415 811 1652 874 corpus
1709 811 1882 869 esse,
1952 799 2019 855 et
2087 791 2294 856 vicem
2359 787 2573 864 officii,

618 901 813 964 quam
858 880 993 945 suis
1037 879 1350 944 membris
1396 875 1603 956 debet,
1651 876 1979 959 rependat.
2066 877 2405 958 Proponat
2451 872 2575 939 sibi

619 966 796 1050 apud
840 966 1148 1044 animum,
1195 964 1525 1048 publicam
1568 984 1711 1027 esse
1746 962 2104 1041 caritatem,
2149 981 2317 1044 quae
2361 981 2401 1024 a
2435 957 2575 1024 suis

619 1052 742 1117 sibi
810 1052 1132 1129 defertur,
1212 1049 1339 1114 alio
1395 1048 1914 1114 transferendam
1980 1049 2035 1113 si
2102 1045 2368 1112 desierit
2433 1064 2576 1109 esse

662 1137 789 1202 uod
835 1144 950 1202 est.

618 1159 658 1220 q
799 1223 944 1288 Tibi
996 1222 1162 1287 enim
1203 1218 1456 1306 parcis]
1528 1217 1843 1301 Quisquis
1918 1218 2094 1282 enim
2158 1216 2271 1281 ille
2328 1217 2416 1282 611
2470 1215 2577 1282 661

617 1310 1003 1393 ignoscitur,
1059 1327 1213 1390 pars
1253 1307 1350 1370 tui
1393 1318 1508 1371 est.
1602 1301 1717 1370 Sic
1760 1302 2138 1369 Alexander
2184 1301 2359 1384 apud
2405 1301 2575 1368 Our-

617 1396 783 1459 tium
827 1394 938 1459 lib.
975 1393 1124 1458 VL:
1180 1392 1475 1458 Videbar
1516 1391 1681 1455 mihi
1734 1399 1989 1473 partem
2028 1409 2326 1453 meorum
2367 1389 2576 1452 111666-

618 1503 763 1545 1616
809 1481 1225 1560 abrumpere,
1267 1478 1324 1541 si
1369 1479 1435 1541 in
1483 1496 1646 1560 quos
1682 1485 1817 1541 tam
1860 1496 2104 1559 magna
2148 1472 2573 1552 contuleram,

616 1566 884 1632 viliores
924 1565 1089 1628 mihi
1131 1564 1448 1628 fecissem.

794 1650 1183 1716 Parcendum
1247 1648 1671 1735 improbandis
1745 1643 2010 1732 civibus]
2112 1642 2365 1710 Sensus
2441 1650 2575 1709 est:

621 1736 697 1803 Si
756 1738 867 1819 qui
922 1744 1078 1802 sunt
1132 1756 1214 1800 ex
1260 1735 1501 1800 civium
1545 1752 1819 1798 numero
1864 1731 2112 1809 vitiosi,
2171 1731 2385 1813 cogita
2428 1751 2572 1794 esse

620 1821 913 1887 membra
977 1822 1077 1886 tui
1137 1821 1452 1905 corporis:
1517 1841 1682 1903 quae
1747 1838 1949 1900 quum
2017 1818 2215 1880 etiam
2280 1814 2578 1880 ulcerosa

621 1916 805 1986 sunt,
861 1907 1264 1972 mollioribus
1320 1905 1626 1971 remediis
1684 1913 2028 1981 curantur,
2084 1909 2151 1967 et
2194 1901 2383 1984 quasi
2428 1922 2574 1966 sus-

620 2015 821 2078 penso
878 1993 1080 2077 digito
1140 1997 1603 2069 attrectantur;
1660 1997 1915 2054 tantum
1973 1987 2157 2053 abest
2201 1994 2276 2051 ut
2318 1985 2573 2051 abscin-

621 2080 863 2144 dantur
921 2093 986 2144 et
1041 2086 1321 2143 urantur
1375 2076 1460 2141 ad
1530 2078 1817 2159 primum
1883 2074 2290 2158 languerem.
2389 2071 2574 2136 Vitia

620 2167 825 2250 igitur
869 2165 1045 2242 tolle,
1091 2186 1223 2228 non
1269 2163 1623 2228 hominem.
1713 2160 1900 2242 Quae
1946 2168 2171 2224 tamen
2229 2160 2282 2223 si
2328 2159 2408 2223 ab
2454 2157 2572 2222 ho-

619 2252 796 2316 mine
818 2250 1042 2315 revelli
1065 2271 1197 2314 666
1219 2257 1510 2333 possunt,
1534 2246 2003 2313 consulendum
2027 2245 2242 2329 potius
2265 2245 2572 2309 universo

621 2338 889 2420 corpori,
933 2357 1123 2418 quam
1169 2334 1541 2419 particulae.
1589 2334 1774 2397 Tunc
1816 2332 1999 2397 valet
2040 2330 2204 2395 illud
2251 2328 2503 2395 Ovidii:

1368 2435 1762 2490 Immedicabile
1796 2434 1990 2488 vulnus

822 2506 968 2561 Ense
1006 2506 1347 2561 recidendum
1383 2514 1483 2572 est,
1519 2521 1587 2558 ne
1621 2519 1750 2572 pars
1787 2505 1995 2557 sincera
2030 2502 2293 2556 1161161111.

616 2610 794 2674 Illud
834 2611 1150 2674 memoria
1206 2629 1289 2673 ne
1334 2607 1620 2683 excidat,
1668 2604 1841 2690 qued
1885 2612 1986 2668 est
2028 2603 2201 2687 apud
2246 2601 2571 2669 Senecam

616 2695 784 2760 libro
828 2696 986 2759 VII.
1046 2693 1125 2759 de
1169 2695 1549 2759 Beneficiis:
1604 2692 1699 2757 Ut
1747 2711 2126 2773 corporum,
2178 2690 2274 2752 ita
2319 2689 2569 2752 auimo-

616 2802 768 2845 rum
821 2782 981 2845 vitia
1023 2780 1309 2844 molliter
1361 2777 1705 2843 tractanda
1769 2785 1941 2842 sunt.
2040 2775 2132 2838 Et
2176 2774 2341 2839 illud
2380 2773 2568 2840 Cice·

622 2867 800 2930 renis
845 2866 935 2930 II.
983 2865 1066 2929 ad
1109 2865 1434 2930 Atticum:
1495 2863 1647 2927 Non
1700 2862 1923 2926 minus
1977 2860 2377 2943 probandam
2433 2881 2569 2924 me-

619 2951 901 3018 dicinam
945 2972 1112 3034 quae
1157 2957 1360 3029 sanet,
1406 2970 1605 3033 quam
1644 2967 1812 3030 quae
1858 2955 2007 3011 urat
2051 2953 2117 3011 et
2159 2957 2348 3011 secet.

792 3037 880 3101 Et
922 3038 979 3102 si
1022 3037 1268 3118 quando
1312 3036 1506 3100 misso
1551 3031 1886 3119 sanquine]
1933 3029 2191 3097 Alludit
2233 3031 2318 3097 ad
2361 3031 2567 3097 medi-

619 3143 844 3189 corum
908 3122 1407 3205 phlebotomiae,
1484 3142 1649 3204 quae
1726 3140 1985 3202 semper
2042 3118 2126 3182 ad
2190 3139 2567 3183 mensuram

621 3209 994 3293 exiguntur.
1108 3206 1222 3274 Sic
1287 3208 1597 3273 Lucanus
1675 3202 1929 3290 Syllam
2005 3211 2155 3289 post
2224 3204 2566 3269 victoriam

619 3295 1016 3360 saevientem
1036 3344 1051 3370 ,
1104 3312 1226 3358 nec
1268 3293 1534 3357 modum
1572 3292 1799 3375 poenis
1843 3290 2182 3374 exigendis
2225 3290 2568 3373 imponen-

621 3390 754 3445 tem
798 3379 1224 3463 reprehendit
1266 3378 1493 3444 eadem
1537 3378 1671 3442 fere
1714 3376 2170 3442 translatione:

760 3499 796 3553 S
832 3500 908 3554 lla
942 3515 1155 3567 quoque
1191 3499 1458 3552 immensis
1494 3498 1724 3553 accessit
1758 3496 1998 3551 cladibus
2034 3503 2210 3551 autor.

758 3567 800 3621 Il
827 3585 874 3635 e,
912 3567 1056 3637 quod
1093 3568 1339 3636 exiguum
1376 3567 1618 3621 restabat
1653 3582 1747 3619 san
1826 3566 1925 3619 inis
1960 3565 2095 3633 urbi,

758 3637 967 3705 Emisit,
1004 3635 1127 3689 dum
1167 3652 1232 3688 66
1269 3636 1422 3689 nimis
1457 3636 1562 3688 iam
1596 3635 1740 3703 putri
1779 3650 1813 3687 a
1849 3632 2085 3686 membra
2118 3632 2360 3700 resdlvit,

738 3696 1011 3759 'Excessit
1043 3720 1128 3758 me
1171 3706 1305 3758 'cina
1339 3704 1570 3771 modum,
1606 3703 1927 3769 nimiumque
1964 3708 2194 3769 sequuta
2228 3708 2328 3768 est,

759 3773 877 3840 Qua
911 3772 1084 3828 morbi
1119 3773 1339 3839 duxere,
1377 3788 1580 3827 manus.

794 3876 916 3940 Est
978 3896 1117 3959 erqo
1175 3881 1247 3939 ut
1307 3871 1608 3958 dicebam]
1670 3872 1907 3936 Innuit
1956 3869 2209 3937 Seneca
2278 3872 2353 3936 in
2417 3894 2567 3937 eum

622 3982 890 4027 sensum
913 3960 1351 4043 accipiendam
1387 3980 1527 4024 6666
1563 3965 1765 4022 161616
1806 3957 1988 4021 illam
2024 3955 2564 4036 dissertationem,

623 4067 790 4130 quae
834 4045 1175 4110 videbatur
1212 4054 1473 4128 praeter
1514 4043 1880 4122 Bacchum,
1927 4050 2001 4106 ut
2044 4051 2143 4107 est
2184 4046 2256 4108 in
2297 4064 2567 4125 prover-

623 4132 749 4211 bio,
794 4132 1202 4214 interposita:
1256 4132 1450 4197 Nunc
1491 4150 1672 4194 more
1715 4150 1832 4193 666
1883 4148 2004 4212 per
2046 4127 2565 4211 ἀνακεφαλαίωσιν

623 4238 949 4283 661616616
985 4214 1457 4281 dissertationis
1479 4217 1549 4280 in
1573 4215 2029 4298 compendium
2055 4215 2313 4299 redigit.
2372 4212 2566 4295 Quod

626 4303 787 4370 dicit
827 4301 1237 4367 clementiam
1284 4302 1585 4366 omnibus
1627 4301 1999 4365 hominibus
2045 4300 2401 4365 secundum
2448 4321 2566 4364 na-

626 4401 875 4466 turam,
932 4386 1014 4451 ad
1056 4386 1220 4452 illud
1273 4387 1713 4452 referendum:
1770 4385 2022 4451 nullam
2064 4386 2313 4450 homini
2356 4387 2566 4451 virtu-

626 4484 763 4539 tem
804 4474 1013 4561 magis
1046 4473 1411 4551 convenire,
1448 4494 1643 4555 quam
1677 4470 2108 4547 clementiam,
2145 4492 2349 4554 quum
2383 4472 2567 4536 nulla

626 4561 713 4626 sit
755 4558 1120 4637 humanior,
1168 4570 1288 4623 ete.
1380 4557 1571 4638 Quod
1614 4559 1873 4623 subiicit
1922 4557 2208 4622 maxime
2263 4557 2564 4624 decoram

625 4644 1142 4728 imperatoribus,
1189 4643 1467 4708 alterum
1512 4641 1878 4708 membrum
1922 4643 2200 4725 respicit.

802 4729 1151 4795 Secundum
1191 4728 1510 4816 naturam]
1569 4727 1950 4812 Philosophi
1995 4737 2233 4794 vocant
2277 4750 2355 4794 66
2398 4749 2567 4812 quae

518 4805 531 4817 ’
627 4824 784 4881 6661
824 4816 903 4881 (16
945 4815 1224 4897 1116111116
1264 4823 1567 4894 6616166,
1619 4813 1766 4877 nato}
1808 4813 1909 4892 τὴν
1943 4813 2140 4897 φύσιν.
2214 4815 2568 4896 Ρ161111616

626 4911 858 4984 quarto
923 4900 1112 4965 modo
1177 4900 1557 4983 accipiatur,
1622 4899 2165 4983 quemadmodum
2227 4907 2329 4966 est
2393 4893 2612 4984 apud'

586 4987 1070 5086 'Porphyrium
1146 4989 1291 5064 [pag.
1344 4991 1452 5066 41]
1519 5007 1653 5068 cap.
1704 4986 1823 5050 IV.
1902 4986 2055 5053 libri
2130 4985 2213 5051 de
2276 4987 2568 5069 quinque

620 5073 1181 5241 vombbisfflum
1221 5142 1386 5222 nocet
1414 5157 1680 5238 privata
1711 5150 2123 5243 crudelitate]
2184 5156 2326 5222 Our
2368 5158 2569 5239 potis-

2252 255 2384 322 DE
2430 256 2978 323 CLEMENTIA
3403 257 3408 268 '
4542 256 4618 316 {12

2679 447 2920 511 simum
2963 444 3148 511 decet
3192 444 3542 510 clementia
3584 442 3991 526 principem?
4081 441 4268 506 Idem
4313 449 4417 505 est
4457 460 4534 507 ac
4569 442 4623 507 si

2679 551 2982 613 quaeras,
3051 550 3167 595 cur
3223 530 3579 596 liberalitas
3635 528 3904 595 divitem
3961 529 4028 592 in
4091 527 4326 610 primis
4384 526 4619 594 deceat.

2678 616 2804 681 Ille
2848 618 3026 681 enim
3084 615 3670 681 materiam-habet
3722 613 4135 698 ignoscendi,
4194 612 4348 678 huic
4392 632 4624 695 suppe-

2678 709 2833 766 tunt
2857 701 2939 767 ad
2976 701 3388 785 largiendum
3424 700 3783 767 facultates.
3853 699 4102 765 Maluit
4131 706 4353 763 tamen
4391 697 4623 765 ducere

2680 800 3144 871 argumentum
3167 808 3208 852 a
3229 787 3589 863 contrariis,
3635 787 3706 849 in
3733 786 3904 851 hanc
3923 785 4227 849 formam:
4277 781 4352 848 Si
4396 804 4625 867 parum

2678 881 2869 939 nocet
2923 875 3179 956 privata
3228 871 3612 950 crudelitas,
3674 891 3909 954 parum
3968 871 4164 935 etiam
4229 869 4500 951 prodest
4559 871 4626 935 in

2680 959 2943 1023 homine
3012 958 3269 1042 privato
3343 957 3708 1023 clementia.
3821 954 3896 1021 Si
3972 956 4287 1038 principis
4360 957 4626 1021 saevitia

2678 1042 2922 1108 bellum
2978 1053 3076 1108 est
3130 1054 3198 1108 et
3249 1043 3516 1127 publica
3557 1042 3904 1124 pernicies,
3950 1039 4240 1108 eiusdem
4284 1041 4629 1107 elementia

2679 1130 3009 1211 publicam
3059 1129 3338 1195 salutem
3384 1127 3852 1211 complectitur.
3933 1126 4186 1193 Seneca
4227 1127 4336 1192 lib.
4375 1126 4504 1192 ΠΙ.
4551 1126 4626 1193 de

2680 1216 2820 1280 Ira:
2867 1215 2997 1280 Illa
3027 1214 3281 1298 plebeia
3323 1215 3425 1280 ira
3467 1225 3533 1278 et
3575 1215 3851 1296 privata,
3894 1214 4146 1277 inerme
4191 1221 4258 1276 et
4293 1213 4434 1278 sine
4470 1213 4627 1278 viri-

2678 1301 2801 1367 bus
2845 1300 3048 1365 telum
3092 1309 3211 1366 est.
4655 1331 4666 1336 ·

2857 1388 3061 1467 Quum
3103 1392 3312 1451 autem
3354 1383 3713 1470 virtutibus]
3773 1385 3880 1448 Ex
3927 1381 4341 1468 dogmatibus
4377 1382 4627 1451 Stoico-

2679 1493 2846 1537 rum.
2945 1473 3050 1537 De
3107 1471 3231 1538 hac
3289 1473 3606 1536 virtutum
3668 1472 4069 1535 connexione
4112 1469 4342 1536 Cicero
4398 1473 4626 1535 memi-

2678 1558 2781 1622 nit
2834 1556 3023 1624 Offic.
3068 1558 3143 1637 I.‚
3199 1559 3270 1621 in
3312 1556 3676 1622 Paradoxis
3728 1567 3802 1627 61,
3848 1556 3921 1620 16
3966 1555 4049 1619 V.
4111 1555 4191 1619 de
4234 1555 4516 1621 Finibus
4560 1565 4626 1622 et

2670 1642 2935 1710 Seneca
2988 1654 3211 1709 noster
3266 1646 3450 1725 epist.
3508 1643 3616 1707 lib.
3664 1642 3787 1706 IX.
3845 1641 3929 1706 ad
3983 1640 4335 1707 Lucilium.
4425 1643 4629 1710 Forte

2680 1739 2745 1794 et
2807 1731 2968 1796 haec
3035 1731 3236 1795 verba
3309 1730 3379 1793 in
3443 1729 3917 1810 Peripateticos
3983 1730 4270 1810 torqueri
4332 1739 4624 1811 possunt,

2678 1817 2791 1898 qui
2835 1827 3108 1880 externa
3161 1817 3461 1880 fortunae
3514 1814 3686 1879 bena
3730 1814 4084 1878 virtutibus
4139 1814 4448 1900 opitulari
4493 1823 4628 1881 tra·

2680 1901 2874 1980 dunt,
2929 1910 3125 1984 atque
3180 1900 3325 1964 ideo
3374 1901 3546 1965 inter
3601 1899 3768 1963 bona
3824 1905 4203 1972 numerant,
4256 1900 4428 1983 quod
4476 1909 4630 1965 sunt

2677 1988 3001 2052 virtutum
3058 1986 3398 2069 praesidia.
3488 1986 3616 2050 His
3660 1985 4095 2050 adversantur
4138 1983 4373 2064 Stoici,
4418 1988 4631 2053 virtu-

2676 2081 2808 2222 dom
2854 2094 2926 2138 se
2969 2072 3106 2138 sola
3150 2078 3520 2138 contentam
3567 2089 3727 2147 esse,
3772 2093 3894 2136 neo
3928 2072 4228 2136 fortunae
4261 2072 4496 2155 opibus
4528 2073 4631 2138 in-

2722 2179 2914 2241 13616.
3580 2173 3585 2178 ’

2847 2244 3034 2309 Decet
3109 2241 3628 2329 maynanimitas]
3718 2245 4206 2327 Argumentum
4292 2265 4333 2307 a
4408 2245 4628 2322 simili,

2677 2330 2989 2394 virtutem
3032 2351 3260 2413 parem
3304 2340 3370 2393 et
3409 2328 3682 2393 eandem
3719 2330 3793 2410 Ὶ16
3839 2326 4118 2405 (1661166,
4163 2331 4374 2414 magis
4416 2330 4490 2393 in
4539 2330 4632 2394 al-

2673 2423 2813 2480 tero
2856 2415 3110 2480 elucere
3163 2422 3231 2479 et
3272 2417 3576 2479 eminere.
3668 2412 3860 2495 Quod
3916 2414 4298 2497 priusquam
4344 2415 4633 2499 explice-

2673 2522 2839 2578 mus,
2887 2500 3241 2565 videndum
3286 2500 3444 2583 quid
3484 2502 3570 2565 sit
3621 2501 4144 2584 magnanimitas.
4234 2502 4361 2566 Est
4402 2509 4634 2566 autem

2674 2588 2902 2664 virtus,
2949 2606 3078 2668 qua
3121 2596 3467 2668 utramque
3511 2588 3842 2650 fortunam
3897 2585 4231 2650 moderate
4275 2587 4447 2652 ferre
4500 2587 4634 2653 dis-

2676 2674 2916 2749 cimus,
2975 2679 3050 2736 ut
3104 2691 3228 2735 nec
3269 2673 3701 2754 prosperitate
3745 2671 4129 2750 efferamur,
4188 2671 4632 2756 tollamusque

2675 2758 2955 2834 animos,
3007 2779 3131 2823 nee
3176 2757 3579 2830 adversitate⁴
3617 2756 3995 2822 deiiciamur
4039 2779 4114 2822 ac
4158 2757 4630 2840 deprimamur,

2672 2845 3093 2925 animumque
3136 2842 3670 2925 despondeamus.
3735 2842 3969 2926 Itaque
4012 2853 4311 2908 extrema
4352 2865 4638 2930 magna—

2671 2928 2991 2995 nimitatis
3035 2939 3204 3007 sunt,
3250 2930 3506 2995 inflatio
3551 2929 3757 2994 animiv
3799 2928 4103 2994 61616116
4140 2928 4225 2994 ad
4261 2946 4632 3011 excessum,

2670 3016 2944 3080 abiectio
2988 3022 3055 3078 et
3089 3015 3594 3098 pusillanimitas
3630 3017 3713 3080 ad
3750 3015 4087 3081 defectum.
4158 3015 4329 3081 Vide
4365 3018 4636 3083 Aristo—

2671 3100 2870 3165 telem
2904 3101 3072 3166 libro
3107 3101 3324 3167 Ethic.
3350 3101 3470 3165 IV.
3533 3101 3762 3167 Cicero
3796 3123 4050 3184 quoque
4086 3102 4437 3167 Tusculan.
4468 3103 4580 3167 IV
4581 3125 4630 3167 ,ε

2673 3185 3099 3252 Constantem
3167 3187 3468 3252 volumus
3533 3187 3861 3270 quendam
3931 3187 4259 3265 sedatum,
4329 3210 4634 3271 gravem,

2671 3272 2963 3337 humana
2996 3274 3216 3337 omnia
3250 3280 3672 3355 prementem,
3718 3272 3905 3337 illum
3940 3294 4082 3338 esse
4115 3293 4308 3354 quem
4349 3295 4637 3358 magna-

2671 3362 2926 3422 nimum
2984 3368 3050 3423 et
3105 3359 3339 3423 fortem
3399 3359 3616 3423 virum
3669 3357 3945 3424 dicimus
3980 3367 4099 3423 etc.
4189 3359 4374 3425 Haec
4415 3360 4638 3445 igitur

2670 3447 3176 3528 magnanimitas
3236 3443 3420 3509 decet
3473 3445 3807 3509 hominem
3866 3445 4061 3509 sortis
4108 3445 4525 3511 humillimae
4568 3454 4638 3511 61

2671 3529 3173 3607 abiectissimae,
3235 3551 3348 3595 seu
3367 3581 3380 3606 ,
3438 3540 3513 3594 ut
3565 3532 3776 3614 magis
3817 3531 4090 3595 verbum
4135 3532 4343 3596 verbo
4383 3530 4639 3597 redda-

2671 3636 2846 3692 1666,
2914 3624 3285 3698 postremae
3348 3615 3790 3698 ignobilitatis.
3903 3613 4082 3696 Quid
4147 3618 4324 3681 enim
4386 3616 4640 3682 fortius

2672 3722 2869 3784 quam
2913 3723 3039 3765 non
3084 3711 3415 3767 coarctare
3460 3703 3750 3766 animum
3787 3699 3870 3766 ad
3904 3702 4201 3766 fortunae
4236 3702 4638 3786 angustias?

2671 3808 2865 3869 quam
2932 3788 3135 3852 animi
3208 3786 3732 3871 magnitudinem
3789 3794 3857 3852 et
3921 3789 4353 3854 constantiam
4418 3810 4644 3872 supra

2671 3892 2897 3937 616666
2940 3894 3129 3938 casus
3173 3873 3517 3939 exserere?
3564 3894 3761 3956 quam
3806 3874 4187 3938 divitiarum
4231 3881 4298 3937 et
4336 3895 4645 3958 pauper-

2671 3959 2827 4022 tatis
2888 3979 2970 4022 ex
3026 3979 3229 4041 aequo
3284 3981 3426 4024 esse
3479 3958 4038 4041 contemptorem?
4129 3960 4223 4023 At
4263 3980 4424 4025 vero
4476 3962 4647 4045 quia

2672 4043 2999 4108 difficilius
3045 4053 3145 4109 est
3186 4065 3564 4128 prosperam
3582 4097 3595 4122 ,
3652 4065 3849 4127 quam
3893 4044 4238 4110 adversam
4282 4045 4461 4111 ferre
4499 4048 4643 4111 for-

2671 4138 2920 4208 tunam,
2967 4140 3209 4213 quante
3252 4131 3487 4195 melius
3532 4131 3918 4214 conspicuus
3963 4132 4115 4209 erit,
4171 4132 4281 4213 qui
4318 4132 4388 4195 in
4436 4132 4648 4197 bonis

2670 4216 2895 4293 rebus,
2942 4226 3019 4279 ut
3062 4217 3157 4279 ait
3199 4217 3543 4293 Horatius,
3590 4224 3876 4281 mentem
3925 4217 4282 4282 continebit
4319 4215 4403 4281 ab
4450 4220 4645 4284 inso-

2668 4302 2832 4366 lenti
2891 4309 3317 4383 temperatam
3391 4301 3666 4368 laetitia:
3725 4305 3834 4385 qui
3899 4326 4020 4369 nec
4084 4300 4369 4369 confidet
4431 4324 4648 4387 prae-

2671 4388 2963 4452 sentibus
3017 4386 3236 4466 bonis,
3292 4409 3411 4454 nec
3471 4389 3933 4454 adversitatem
3991 4391 4287 4454 fortunae
4346 4390 4648 4471 perhor-

2670 4473 2920 4537 rescet?
3008 4474 3115 4537 Ita
3158 4474 3504 4539 elementia
3547 4485 3665 4540 ete.

2841 4558 3092 4625 Malam
3109 4622 3120 4627 ,
3140 4560 3463 4642 fortunam
3514 4558 3864 4646 retundere]
3933 4557 4378 4625 Retundimus
4446 4563 4650 4627 6111111

2671 4645 2876 4709 661616
2919 4645 3217 4722 16161616,
3264 4666 3430 4726 quae
3473 4645 3740 4709 fortuna
3792 4647 3864 4709 in
3906 4666 4024 4710 666
4069 4646 4269 4723 66611,
4325 4646 4379 4711 61
4429 4647 4650 4711 nihili

2669 4729 3013 4813 pendimus
3087 4730 3399 4814 quidquid
3475 4731 3543 4794 in
3609 4751 3731 4794 nos
3812 4731 4241 4796 machinatur.
4326 4731 4488 4797 Lib.
4545 4733 4648 4798 Π.

2670 4817 2853 4898 epist.
2900 4815 3070 4881 dixit
3111 4818 3414 4881 fortunae
3457 4818 3932 4882 contumaciter
3972 4818 4290 4882 resistere.

2847 4901 3182 4967 Clementia
3225 4904 3294 4967 in
3335 4923 3762 4985 quencumque
3811 4901 4088 4989 domum]
4143 4902 4429 4967 Habitat
4488 4905 4656 4988 qui-

2673 4986 2819 5051 dem
2864 4988 3157 5070 privatos
3201 4990 3480 5071 parietes
3497 5013 3512 5068 3
3559 4988 3827 5066 habitat,
3876 4990 3933 5054 si
3977 4990 4094 5066 vis,
4139 5008 4476 5073 pauperes
4529 5011 4650 5055 ca-

2672 5092 2778 5137 sas
2823 5082 2889 5137 et
2935 5073 3180 5138 rustica
3223 5074 3583 5158 tuguriola:
3640 5096 3846 5158 quum
3902 5078 4086 5157 pater
4138 5074 4421 5139 familias
4473 5096 4655 5162 erga

2669 5178 2974 5238 uxorem,
3026 5158 3294 5239 liberos,
3339 5180 3596 5241 servos,
3641 5160 3932 5226 modeste
3978 5164 4127 5240 [pag.
4165 5161 4273 5241 42]
4315 5181 4385 5225 se
4437 5163 4652 5245 gerit,
