4984 5975
423 296 504 358 7⁷
1944 294 2333 362 LIBERI.

420 489 601 561 vent,
649 503 845 565 quem
886 484 957 548 in
1000 483 1409 549 senatoribus
1461 482 1879 550 recensendis
1921 491 2349 567 praetereunt
2359 507 2376 562 3

421 575 492 633 et
532 575 725 651 pater
766 570 835 634 in
877 570 1024 634 iure
1067 568 1309 634 dicitur
1345 568 1556 634 filium
1600 570 1960 653 praeterire
2003 568 2375 648 haeredem,

420 674 616 737 quem
660 656 732 720 in
774 655 914 721 loco
937 653 1318 722 ,haeredum
1360 677 1497 722 non
1542 656 1756 722 habet.
1847 654 2079 722 Cicero
2120 657 2193 720 in
2232 677 2378 720 ora-

420 741 600 806 tione
654 761 774 825 pro
821 740 1098 807 Plancio
1147 739 1427 806 subinde
1478 742 1748 825 repetit,
1805 741 1920 806 sed
1982 763 2189 807 unum
2232 753 2380 805 tan-

418 833 564 891 tum
609 826 985 910 exemplum
1037 826 1473 892 subiicicmus.
1562 828 1759 893 Nunc
1816 836 2075 892 tantum
2118 826 2380 911 disputo

419 910 506 978 de
568 912 715 978 iure
778 911 1031 996 populi,
1100 913 1213 995 qui
1268 920 1484 994 potest
1544 923 1610 978 et
1675 913 1841 979 solet
1905 933 2379 995 nonnunquam

418 995 656 1083 dignos
713 998 1097 1083 praeterire:
1150 1018 1270 1063 nec
1333 1000 1390 1064 si
1447 1019 1487 1063 a
1539 998 1779 1082 populo
1840 1000 2235 1081 praeteritus
2278 1011 2382 1063 est

417 1105 616 1168 quem
660 1105 797 1149 non
839 1084 1130 1167 oportuit
1145 1134 1161 1161 ,
1218 1105 1258 1149 a
1311 1083 1633 1150 iudicibus
1676 1084 2214 1150 condemnandus
2258 1092 2376 1162 est,

416 1171 534 1253 qui
577 1169 969 1254 praeteritus
1023 1192 1154 1234 non
1209 1179 1324 1235 est.
1414 1171 1648 1236 Livius
1690 1171 1858 1235 libro
1903 1172 2057 1235 1V.:
2116 1171 2376 1236 Princi-

416 1276 538 1339 pes
579 1255 790 1340 plebis
835 1276 913 1320 ea
955 1257 1217 1322 comitia
1258 1256 1608 1334 malebant,
1651 1256 1887 1339 quibus
1930 1278 2061 1321 non
2106 1255 2378 1322 habere-

417 1350 533 1407 tur
574 1342 742 1405 ratio
786 1343 906 1419 sui,
948 1363 1143 1425 quam
1188 1348 1276 1422 ut,
1306 1341 1563 1425 indigni
1605 1343 2140 1425 praeterirentur.

599 1428 744 1493 Non
792 1433 1085 1509 praestas
1134 1425 1352 1515 fidem]
1416 1425 1614 1508 Quod
1679 1426 1882 1512 vulgo
1937 1427 2210 1504 dicitur,
2272 1448 2379 1493 ac-

416 1514 680 1597 quitate
737 1533 808 1578 se
863 1512 943 1577 de
1001 1533 1121 1577 suo
1162 1512 1502 1596 promisso.
1603 1512 1833 1579 Cicero
1877 1514 2087 1597 Epist.
2135 1514 2243 1579 lib.
2288 1513 2377 1577 I.:

413 1598 519 1666 'Ut
577 1600 636 1665 si
688 1620 808 1664 rex
865 1598 1095 1664 amicis
1149 1599 1283 1665 tuis
1324 1600 1438 1681 qui
1488 1620 1606 1681 per
1658 1600 2064 1682 provinciam
2119 1598 2380 1682 imperii

415 1686 518 1751 tui
561 1685 874 1768 pecunias
919 1686 978 1749 ei
1020 1682 1479 1763 credidissent,
1539 1685 1737 1751 fidem
1782 1706 1967 1750 suam
2013 1686 2378 1767 praestitis-

419 1779 540 1850 set,
585 1770 852 1836 auxiliis
888 1791 1092 1853 quum
1128 1769 1488 1836 adiuvares.
1557 1770 1743 1835 Idem
1779 1771 1946 1837 libro
1983 1770 2099 1836 V.:
2148 1770 2377 1852 Quan-

417 1877 676 1939 cunque
742 1854 942 1921 fidem
1007 1856 1296 1933 dederis,
1373 1858 1735 1939 praestabo,
1848 1857 2087 1923 Graeci
2154 1857 2382 1923 dicunt

415 1945 781 2025 ἐγγυᾶσθαι,
827 1949 904 2007 ut
947 1939 1133 2006 docet
1170 1941 1484 2007 Budaeus
1527 1943 1597 2007 in
1643 1942 2188 2008 annotationibus.

595 2028 684 2093 Et
738 2048 930 2109 quum
982 2028 1259 2109 defixum
1310 2025 1571 2114 videret]
1638 2028 1854 2094 Vultu
1910 2029 2191 2093 demisso
2246 2038 2378 2093 ter-

417 2135 566 2181 ram
627 2123 1061 2197 spectantem,
1130 2115 1268 2178 sive
1330 2111 1398 2178 id
1463 2115 1865 2180 verecundia
1905 2116 2179 2192 faceret,
2236 2114 2379 2179 sive

415 2203 658 2266 timore
701 2221 944 2282 poenae
987 2198 1294 2283 stupidus
1338 2209 1404 2264 et
1438 2202 1772 2265 attonitus.
1853 2201 1954 2265 Eo
1989 2200 2166 2264 enim
2203 2221 2377 2266 com·-

465 2286 651 2352 ulsus
694 2294 856 2363 erat,
902 2293 979 2350 ut
1019 2285 1154 2349 iam
1197 2305 1333 2350 non
1385 2294 1606 2368 posset
1648 2285 2062 2351 dissimulare
2106 2287 2376 2351 facinus.

485 2392 612 2452 am,
655 2381 734 2436 ut
777 2372 869 2435 ait
910 2370 1247 2438 Iuvenalis
1293 2378 1519 2457 satyra
1562 2393 1765 2436 nona:
2121 2415 2132 2422 -

663 2473 982 2543 Deprendas
1020 2474 1179 2528 animi
1213 2481 1485 2527 tormenta
1519 2474 1739 2529 latentis
1775 2476 1828 2528 in
1865 2491 2029 2543 aegro

665 2542 910 2611 Pectore,
946 2542 1249 2610 deprendas
1286 2550 1342 2596 et
1374 2543 1587 2611 gaudia,
1625 2544 1786 2598 sumit
1819 2550 2104 2610 utrumque

663 2611 795 2666 Inde
831 2611 1071 2665 habitum
1106 2611 1292 2665 facies.

601 2719 754 2794 [pag.
794 2719 901 2793 68]
953 2712 1065 2777 Ex
1104 2715 1478 2779 conscientia
1532 2710 1851 2799 tacentem]
1898 2713 2048 2778 Non
2094 2732 2376 2797 purgare

415 2821 508 2880 se,
554 2822 690 2866 non
734 2799 983 2864 diluere
1026 2797 1295 2878 obiecta,
1341 2807 1408 2864 et
1450 2799 1929 2866 accusationem
1966 2799 2223 2865 silentio
2261 2821 2376 2864 ex-

416 2889 666 3039 mffless,
725 2885 1094 3052 cpnfitentsss
1136 2903 1266 3036 ’effi
1343 2884 1559 3036 ¹2Unde
1615 2884 1780 3035 inll‘d
1832 2886 2377 3037 intartiuriscffi-

415 2997 450 3040 s
674 2995 761 3038 vu
908 2993 970 3037 e:
1085 2992 1155 3036 ιιι
1266 2994 1338 3038 ce
1380 3023 1397 3051 ,
1453 2993 1693 3038 consen
1724 2994 1821 3036 ire
1863 2994 1935 3039 vi
1980 2994 2016 3037 e
2048 2994 2144 3037 ur.
2338 2994 2377 3037 o

417 3061 599 3124 enim
621 2992 914 3125 causam
951 3057 1311 3135 deserente,
1357 3068 1696 3124 accusator
1735 3057 2001 3123 obtinet.

594 3144 774 3210 Male
807 3164 946 3209 eum
980 3142 1293 3224 republica
1329 3141 1569 3294 aqam}
1617 3142 1749 3225 Qui
1786 3142 1960 3208 domi
1996 3163 2153 3208 suae
2190 3163 2377 3226 prae-

417 3250 568 3296 esse
634 3229 888 3312 nequit,
970 3230 1025 3294 is
1100 3248 1185 3293 ne
1248 3229 1329 3293 ad
1405 3231 1538 3313 pub
1566 3231 1667 3295 ica
1727 3250 2002 3293 munera
2066 3228 2372 3311 adspiret.

419 3315 862 3383 Oeconomica
916 3315 1125 3390 enim,
1181 3316 1417 3381 umbra
1480 3315 1801 3399 quaedam
1865 3322 1966 3380 est
2024 3326 2094 3379 et
2155 3316 2376 3398 imago

505 3401 742 3480 liticae,
789 3408 866 3466 ut
908 3402 1000 3465 ait
1041 3400 1450 3466 Aristoteles.
1538 3401 1623 3466 In
1680 3401 1927 3465 familia
1970 3401 2144 3465 enim
2189 3422 2374 3478 uxor,

448 3488 629 3566 'beri,
675 3487 869 3565 servi,
915 3486 1154 3565 liberti,
1198 3487 1449 3551 faciunt
1489 3506 1765 3570 parvam
1801 3486 2193 3569 reipublicae
2228 3507 2376 3569 spe-

417 3575 607 3640 ciem.
666 3572 1153 3638 Paterfamilias
1187 3573 1361 3656 regis
1404 3573 1546 3639 loco
1591 3581 1715 3639 est:
1770 3574 1881 3656 qui
1925 3573 1981 3636 si
2026 3580 2126 3637 est
2168 3572 2375 3655 impe·

416 3660 595 3725 ritus
635 3666 704 3723 et
745 3658 1016 3723 minime
1058 3657 1363 3737 idoneus,
1424 3680 1734 3742 quorsum
1778 3658 2043 3723 affectat
2080 3656 2371 3723 maiora?

415 3744 572 3810 Hoc
613 3743 848 3811 volunt
899 3744 1103 3810 verba
1155 3744 1506 3810 Aeschinis
1562 3752 1790 3810 contra
1846 3743 2375 3826 Ctesiphontem:

415 3829 558 3912 Qui
597 3830 769 3895 filios
811 3829 977 3908 odit,
1023 3837 1094 3895 et
1133 3829 1349 3895 malus
1391 3837 1492 3895 est
1532 3839 1749 3913 pater,
1789 3849 2130 3911 nunquam
2168 3828 2378 3895 bonus

410 3914 826 4002 gubernator
867 3915 1092 3999 populi
1136 3936 1278 3981 esse
1319 3923 1560 3999 potest:
1607 3936 1729 3981 nec
1773 3916 1884 3998 qui
1925 3916 2236 3998 privatim
2275 3922 2379 3980 est

559 4024 657 4079 us,
702 4021 994 4083 unquam
1037 4000 1247 4066 bonus
1293 4001 1549 4084 publice
1591 4021 1734 4067 esse
1774 4010 2009 4083 potest.

600 4086 777 4165 Cedo,
821 4088 882 4151 si
922 4106 1066 4169 spes
1106 4085 1278 4174 tuas]
1338 4087 1485 4153 Hoc
1528 4086 1777 4153 dictum
1819 4106 1943 4168 per
1981 4086 2374 4153 rhetoricam

411 4173 922 4257 permissionem
977 4172 1239 4256 accipio.
1343 4172 1526 4239 Haec
1569 4173 1771 4239 etiam
1828 4174 2153 4237 sententia
2195 4172 2377 4237 aliud

413 4259 828 4325 rhetoricum
871 4258 1139 4324 schema
1181 4259 1653 4342 complectitur,
1698 4258 1869 4342 quod
1913 4257 2156 4334 dicitur
2200 4278 2375 4325 com-

413 4344 810 4422 municatio,
871 4344 1195 4428 habetque
1247 4366 1443 4410 usum
1507 4345 1794 4410 maxime
1859 4345 1928 4408 in
1984 4344 2377 4410 coniecturis

413 4450 627 4515 quum
671 4427 1119 4496 adversarium
1164 4431 1578 4496 consulimus.

534 4602 548 4616 ⁶
601 4514 930 4581 Paulum
982 4522 1067 4594 tc,
1122 4522 1178 4581 et
1227 4515 1474 4581 Fabius
1516 4513 1880 4616 Qnfius]
1939 4515 2268 4614 Antiquae
2312 4522 2378 4581 et

413 4698 599 4755 runt.
701 4602 1417 4755 NgtgudPafflblsnmsxaoeis
1459 4601 1818 4771 nsqlbgrtgttlag
1873 4601 2377 4753 illunsltlrlaaeitfufi

413 4772 711 4849 Paulus,
757 4775 866 4857 qui
911 4773 1135 4840 consul
1177 4773 1355 4858 apud
1398 4774 1666 4841 Cannas
1706 4772 1968 4849 occidit,
2025 4783 2093 4837 et
2133 4772 2377 4839 Fabios

415 4882 558 4925 non
611 4858 827 4924 solum
880 4858 990 4924 ille
1047 4860 1415 4938 Maximus,
1473 4859 1587 4926 sed
1645 4861 1924 4925 trecenti
1949 4864 2224 4941 'quoque
2279 4858 2379 4922 illi

413 4944 541 5029 qni
593 4966 824 5011 omnes
877 4945 962 5010 ad
1013 4966 1224 5010 unum
1288 4947 1544 5010 animas
1607 4945 2000 5027 reipublicae
2053 4943 2378 5026 depende-

413 5038 613 5111 rnnt3
669 5030 939 5109 Cossus,
995 5030 1241 5097 Cossus
1295 5032 1434 5114 ipse
1477 5032 1587 5114 qui
1630 5030 1838 5096 Larte
1879 5030 2231 5096 Tolumnio
2272 5050 2379 5096 oe-

415 5119 581 5271 {⁶:50
620 5115 1349 5283 &Qffizffli
1371 5114 2382 5286 {ssmffss'nu‘ssmrflituffifliriffi

2424 293 2727 362 offe-r
2770 295 2896 360 m
3084 379 3090 386 ‚
3794 311 3799 326 ·
4066 363 4073 376 ,
4347 301 4430 362 τε

2483 458 2737 550 iantem
2783 484 3200 551 obtruncavit
3239 484 3558 568 magister
3602 485 3911 567 equitum.
3979 482 4113 565 Qui
4157 506 4240 550 ex
4275 507 4440 552 una-

2485 591 2747 653 quaque
2804 571 3071 636 familia·
3105 569 3394 637 celebre's
3459 559 3709 635 fuerint
3772 577 4066 654 tempore
4129 572 4436 655 Augusti,

2483 656 2720 722 nescio.
2823 655 3279 736 Quintilianus
3340 656 3450 721 lib.
3494 655 3613 720 Vl.
3658 655 3853 721 Fabii
3922 657 4250 734 meminit,
4322 658 4436 739 qui

2482 742 2793 807 incusans
2850 744 3332 827 congiariorum
3374 741 3663 825 Augusti
3718 763 3887 825 quae
3942 742 4169 808 amicis
4224 742 4437 822 dabat,

2486 829 2948 911 exiguitatem,
3005 828 3371 893 heminaria
3426 847 3569 892 esse
3635 827 3906 894 dicebat.
4017 828 4109 892 Et
4162 828 4331 894 forte
4380 829 4440 896 is

2483 914 2627 1064 ilpse
2680 927 2783 978 est
2837 913 2920 978 ad
2980 935 3176 997 quem
3231 929 3389 979 sunt
3443 913 3690 996 elegiae
3734 912 3961 980 Ovidii
4013 914 4085 978 in
4126 912 4313 979 libris
4358 914 4440 979 de

2546 1007 2715 1064 onto.

2658 1085 2905 1168 Aymen
2950 1085 3252 1150 nobilium
3302 1105 3425 1149 non
3478 1086 3706 1149 inania
3770 1086 4025 1150 nomina
4069 1087 4438 1166 praeferen-

2484 1169 2674 1270 tium]
2733 1171 2989 1236 Nomen
3043 1173 3217 1235 inter
3275 1170 3404 1235 alia
3459 1170 3829 1254 significata
3879 1171 4004 1235 hoe
4055 1168 4253 1235 habet
4306 1169 4438 1235 ele·-

2482 1258 2960 1404 gantissimum,
3006 1278 3209 1339 quum
3253 1256 3570 1342 accipitur
3611 1278 3729 1340 pro
3768 1255 4120 1321 nobilitate.
4206 1255 4438 1322 Cicero

2553 1344 2773 1407 errina
2809 1343 2930 1407 II.:
2998 1344 3320 1425 Proponit
3371 1342 3599 1406 inania
3648 1342 3814 1406 mihi
3869 1341 4257 1419 nobilitatis,
4313 1341 4440 1407 hoc

2483 1437 2595 1493 est
2632 1428 2977 1493 hominum
3019 1429 3465 1512 arrogantium
3516 1428 3799 1492 nomina.
3889 1429 4023 1492 Pro
4066 1426 4185 1491 On.
4232 1427 4437 1492 Plan-

2483 1514 2614 1579 cio:
2682 1515 2809 1580 Est
2869 1523 3060 1579 tuum
3122 1534 3361 1578 nomen
3416 1524 3693 1596 utraque
3759 1513 4009 1578 familia
4072 1512 4433 1579 consulare.

2481 1598 2636 1664 Non
2693 1599 2955 1665 dubitas
3007 1601 3214 1684 igitur
3265 1600 3424 1683 quin
3479 1620 3704 1664 omnes
3759 1600 3872 1683 qui
3921 1599 4150 1666 favent
4203 1598 4437 1664 nobili-

2482 1687 2626 1763 tati,
2672 1687 2782 1768 qui
2825 1685 2894 1750 id
2934 1693 3172 1769 putant
3213 1706 3356 1751 esse
3398 1684 3931 1768 pulcherrimum,
3980 1686 4092 1768 qui
4135 1684 4437 1768 imagini-

2481 1771 2636 1851 bus,
2705 1772 2818 1853 qui
2880 1769 3261 1836 nominibus
3324 1772 3563 1837 vestris
3618 1770 3981 1848 ducuntur,
4037 1778 4106 1835 te
4161 1770 4439 1836 aedilem

2482 1856 2771 1924 fecerint.
2897 1857 3083 1922 Idem
3147 1857 3258 1922 lib.
3318 1856 3444 1921 111.
3492 1857 3967 1940 Epistolarum:
4058 1855 4287 1938 Quum
4359 1877 4439 1924 ea

2483 1943 2774 2008 nondum
2820 1951 3265 2025 consequutus
3308 1964 3491 2007 eram
3525 1964 3691 2025 quae
3726 1949 3885 2008 sunt
3922 1942 4265 2008 hominum
4298 1943 4437 2026 opi·

2483 2029 2790 2095 nionibus
2867 2029 3298 2112 amplissima,
3376 2037 3602 2093 tamen
3676 2030 3802 2094 ista
3875 2037 4097 2094 vestra
4170 2029 4438 2094 nomina

2483 2136 2824 2198 nunquam
2878 2136 3023 2180 sum
3080 2114 3460 2180 admiratus.
3563 2113 3762 2179 Viros
3813 2134 3924 2179 eos
3975 2115 4091 2196 qui
4131 2136 4211 2179 ea
4252 2114 4437 2180 vobis

2481 2201 2912 2284 reliquerant,
2979 2219 3251 2283 magnos
3319 2200 3703 2265 arbitrabar.
3806 2198 4086 2282 Saepius
4148 2201 4221 2264 in
4288 2221 4433 2265 ora-

2484 2285 2661 2351 tione
2704 2306 2825 2369 pro
2868 2287 3156 2370 Ligario.
3246 2285 3580 2351 Iuvenalis
3626 2284 3848 2369 Satyr.
3888 2284 4113 2350 VIII.:

2688 2388 2763 2442 Et
2797 2396 2977 2441 tamen
3012 2394 3075 2441 ut
3108 2388 3268 2454 longe
3305 2396 3542 2456 repetas,
3578 2388 3844 2457 longeque
3879 2388 4131 2442 revolvas

2687 2456 2913 2524 Nomen,
2950 2456 3019 2510 ab
3054 2456 3241 2510 infami
3277 2464 3493 2525 gentem
3529 2456 3749 2512 deducis
3784 2457 3956 2526 asylo.

2480 2543 2587 2608 Ita
2631 2541 2907 2609 Servius
2959 2542 3031 2606 in
3077 2539 3365 2607 secundo
3411 2541 3781 2627 Georgicon
3838 2543 4309 2625 interpretatur
4349 2541 4434 2606 il-

2478 2628 2598 2694 lud
2638 2627 2923 2712 Vergilii
3778 2693 3785 2704 ,

2790 2800 2870 2855 Ge
2904 2730 3227 2856 sixn‘nlfqmd
3262 2746 3563 2799 nomenque
3600 2731 3870 2799 decusque

2873 2817 2901 2855 Β
3068 2839 3081 2856 ι

2479 2891 2633 2966 [pag.
2673 2891 2781 2965 69]
2840 2885 3154 2950 Marcello
3196 2906 3454 2968 quoque
3497 2906 3737 2950 nomen
3782 2884 3979 2950 decus
4024 2905 4099 2950 ac
4145 2883 4430 2967 dignita-

2481 2982 2618 3038 tem
2673 2972 3004 3057 significat
3019 3023 3034 3049 ,
3088 2971 3369 3055 qualiter
3433 2972 3632 3038 etiam
3688 2971 4025 3056 Vergilius
4064 2969 4434 3053 usurpavit

2481 3059 2650 3125 libro
2692 3056 2982 3123 secundo
3022 3057 3381 3123 Aeneidos:

2584 3161 2708 3215 Non
2742 3169 2925 3214 tamen
2957 3160 3264 3215 indecorem
3300 3168 3394 3215 tua
3428 3167 3484 3215 te
3518 3161 3706 3229 regina
3739 3160 4008 3229 relinquet

2586 3229 2847 3284 Exn-ema
2879 3230 2985 3283 iam
3019 3231 3073 3282 in
3108 3236 3300 3297 morte,
3336 3245 3511 3298 neque
3546 3230 3653 3284 hoc
3690 3230 3804 3283 sine
3839 3230 4050 3283 nomine
4087 3228 4307 3283 lethum.

2479 3332 2658 3398 Hinc
2701 3333 2868 3396 forte
2911 3333 3206 3396 manavit
3259 3354 3493 3398 nomen
3551 3354 3671 3416 pro
3726 3331 4048 3416 gentilitia
4091 3330 4430 3396 nobilitate

2480 3418 2718 3501 accipi,
2774 3416 2946 3500 quod
2989 3417 3463 3483 commendatio
3508 3439 3548 3483 a
3599 3418 3923 3484 maiorum
3966 3417 4299 3481 nobilitate
4342 3414 4428 3480 ad

2478 3512 2775 3588 posteros
2830 3503 3319 3568 transmittitur.
3418 3504 3883 3586 Unusquisque
3927 3509 4149 3567 autem
4192 3520 4432 3565 nomen

2479 3612 2520 3655 a
2565 3588 2759 3653 rebus
2802 3589 3006 3672 gestis
3046 3591 3436 3656 assumebat.
3529 3588 3809 3657 Ovidius
3853 3588 4207 3653 Fastorum
4248 3586 4331 3650 I.:

2720 3690 2831 3745 Res
2872 3691 2952 3745 ice
2988 3689 3280 3759 dispositas
3316 3708 3583 3773 generosa
3616 3707 3717 3759 per
3753 3691 3890 3745 attia
3927 3705 4096 3755 ceras,

2900 3760 3171 3827 utigerant
3203 3760 3335 3813 nulli
3369 3762 3586 3814 nomina
3620 3767 3773 3812 tanta
3806 3760 3939 3812 viro.

2719 3828 2907 3883 Africa
2941 3830 3199 3882 victorem
3236 3829 3302 3882 de
3340 3844 3397 3882 se
3434 3836 3611 3895 vocat,
3648 3827 3788 3882 alter
3820 3826 4065 3881 Isauram

2824 3899 2935 3949 Aut
2969 3895 3187 3950 Cretum
3224 3897 3454 3951 domitas
3488 3894 3813 3950 testificatur
3849 3910 3998 3963 opes.

2480 3982 2633 4065 Qua
2674 3983 2928 4047 ratione
2971 3982 3173 4046 etiam
3207 4003 3327 4064 pro
3360 3982 3611 4046 familia
3647 3989 3714 4045 et
3746 3980 4135 4064 cognatione
4168 3978 4428 4064 legitur.

2478 4068 2819 4152 Vergilius
2860 4067 3027 4132 libro
3069 4067 3220 4132 VL:

3012 4169 3378 4238 Nosti-umque
3412 4171 3465 4223 in
3500 4184 3696 4223 nomen
3730 4170 3917 4224 ituras.

2478 4258 2574 4322 Et
2609 4255 3108 4322 iurisconsultus
3142 4256 3301 4322 dicit
3331 4254 3608 4320 fundum
3644 4253 3849 4339 legari
3883 4254 4008 4321 sub
4039 4253 4429 4333 conditione,

2478 4352 2554 4407 ut
2597 4342 2668 4406 in
2708 4343 2974 4407 nomine
3017 4350 3414 4425 permaneat.

2658 4426 2780 4493 Sed
2833 4429 2944 4509 qui
2990 4427 3374 4511 imaqinibus
3415 4428 3554 4491 suis
3602 4426 3804 4491 deccm‘
3857 4423 4029 4513 sunt]
4087 4426 4423 4509 Exegesis.

2482 4511 2618 4595 Qui
2663 4510 2838 4577 eni'm
2896 4514 3291 4597 imaginibus
3348 4513 3485 4577 suis
3529 4510 3747 4578 decori
3789 4521 3971 4591 sunt,
4027 4532 4163 4576 non
4203 4511 4432 4577 inania

2482 4600 2754 4664 nomina
2806 4599 3215 4681 praeferunt,
3272 4597 3389 4681 qui
3440 4599 3761 4663 maiorum
3814 4597 4054 4681 gloria,
4109 4618 4244 4661 non
4288 4596 4428 4663 suis

2481 4685 2679 4750 rebus
2732 4685 2936 4768 gestis
3000 4690 3393 4768 turgescunt
3445 4692 3637 4767 atque
3699 4684 4057 4761 inflantur,
4122 4681 4430 4749 dicuntur

2483 4770 2707 4836 inania
2767 4771 3039 4835 nomina
3102 4768 3458 4853 praeferre,
3526 4770 3710 4852 quasi
3774 4770 4095 4834 maiorum
4158 4789 4428 4834 suorum

2480 4855 2736 4921 meritis
2778 4864 3037 4920 tantum
3082 4854 3352 4919 honoris
3395 4853 3683 4919 debitum
3728 4856 3845 4933 sit,
3900 4861 3977 4919 ut
4028 4852 4429 4918 redundaret

2483 4941 2655 5026 qnod
2708 4942 2989 5024 posteris
3043 4941 3424 5006 solveretur.
3534 4940 3640 5005 De
3696 4937 4089 5025 imaginibus
4141 4938 4426 5004 dicerem

2479 5048 2651 5111 quae
2702 5048 2881 5091 nunc
2931 5027 3282 5091 memoriae
3337 5036 3755 5106 succurrunt,
3810 5025 3939 5091 nisi
3982 5023 4204 5089 omnia
4242 5024 4426 5088 suffi—

2483 5122 2664 5180 ceret
2712 5110 3042 5177 Budaeus.
3147 5110 3374 5177 Unum
3430 5112 3601 5196 quod
3641 5111 3755 5176 ille
3798 5109 4272 5195 praetermisit,
4314 5108 4423 5173 hic

2481 5200 2801 5275 inseram,
2860 5217 3063 5278 quum
3106 5198 3398 5263 maxime
3440 5199 3523 5263 ad
3567 5218 3709 5262 rem
3752 5196 3979 5261 faciat:
4032 5194 4150 5259 Ius
4188 5194 4418 5277 imagi-
