4984 5975
621 282 749 345 479
2110 269 2633 339 CONSHJUM
2672 268 2964 337 PAULI
3003 268 3134 335 ΙΠ.
4505 275 4638 339 480
4725 271 4738 286 “

621 467 868 534 morbis
933 463 1324 548 tempestiva
1388 459 1679 527 remedia
1732 460 2186 526 adhibeantur.
2303 458 2576 542 Aliquot

620 553 756 619 iam
797 551 1073 618 saeculis
1114 549 1203 634 pii
1248 547 1530 630 bonique
1572 567 1800 611 omnes
1841 546 2194 612 concilium
2236 544 2573 610 ecelesias-

621 639 828 706 ticum
870 636 1201 720 flagitant,
1245 653 1372 717 quo
1415 633 1828 716 corrigantur
1867 629 2190 698 nonnulla
2226 630 2389 695 vitia
2426 630 2572 712 qui-

622 724 746 789 bus
780 720 1074 786 laborare
1108 739 1185 785 ac
1227 719 1438 803 premi
1471 716 1906 784 christianum
1941 716 2253 801 populum
2287 715 2422 780 iam
2456 713 2572 779 diu

618 808 771 894 plus
792 807 952 873 satis
986 813 1216 871 notum
1253 810 1370 870 est.
1409 801 1598 885 Quae
1621 823 1825 887 quum
1859 800 2113 886 pridem
2132 800 2574 866 intolerabilia

619 913 763 959 esse
778 893 1126 976 coeperint,
1165 888 1598 955 diuturnitate
1625 889 1771 971 ipsa
1792 888 2003 973 magis
2037 909 2112 953 ac
2136 887 2348 971 magis
2381 886 2572 950 inva-

617 978 896 1046 lescunt.
972 977 1337 1061 Postquam
1370 982 1590 1040 autem
1625 973 2055 1040 Germaniam
2083 973 2412 1039 Dominus
2444 992 2572 1053 pu-

618 1066 796 1132 riore
837 1061 1166 1148 evangelii
1209 1061 1314 1128 sui
1354 1059 1837 1145 praedicatione
1879 1058 2188 1143 dignatus
2233 1064 2363 1136 est,
2418 1077 2572 1139 par-

618 1150 745 1215 fim
807 1149 958 1233 quia
1011 1147 1246 1213 melius
1313 1148 1447 1212 iam
1500 1152 1567 1210 et
1619 1145 1859 1212 clarius
1924 1142 2572 1210 animadvertebatur

619 1236 830 1302 morbi
876 1235 1196 1320 gravitas,
1240 1233 1483 1316 partim
1535 1232 1688 1315 quia
1740 1250 1986 1296 novum
2039 1228 2401 1313 periculum
2445 1229 2570 1292 im·

618 1322 915 1388 minebat
957 1320 1039 1385 ab
1083 1339 1307 1384 eorum
1362 1317 1803 1400 improbitate,
1860 1317 1972 1400 qui
2012 1315 2227 1381 lucem
2268 1314 2571 1379 veritatis

618 1407 1042 1492 exstinguere
1082 1404 1333 1469 nefario
1384 1403 1603 1467 furore
1644 1401 2098 1480 moliebantur,
2153 1401 2226 1466 in
2268 1399 2572 1465 omnibus

619 1493 878 1575 imperii
934 1491 1209 1558 comitiis
1261 1489 1593 1555 decretum
1646 1495 1746 1553 est
1796 1508 1929 1552 non
1964 1486 2160 1551 aliam
2205 1506 2348 1551 esse
2389 1486 2571 1551 viam

619 1576 1044 1645 succurrendi
1077 1575 1383 1658 collapsis
1417 1573 1706 1640 ecclesiis
1740 1579 1809 1638 et
1843 1571 2169 1639 scandalis
2201 1572 2334 1636 iam
2378 1570 2570 1636 obor-

619 1664 707 1729 tis
750 1661 1160 1740 occurrendi,
1221 1661 1348 1725 nisi
1390 1665 1468 1723 ut
1508 1659 1992 1742 quamprimum
2027 1665 2372 1742 cogeretur
2413 1676 2568 1723 con-

618 1749 845 1815 cilium
858 1800 873 1828 ,
920 1747 1094 1832 quod
1140 1748 1196 1812 si
1238 1744 1519 1811 obtineri
1559 1743 1936 1810 universale
1978 1763 2111 1809 non
2155 1748 2393 1826 posset,
2438 1741 2568 1806 sal-

619 1831 757 1901 tem
801 1833 1145 1910 nationale,
1191 1841 1269 1895 ut
1311 1838 1554 1895 vocant
1568 1880 1583 1906 ,
1640 1850 1681 1894 a
1723 1830 1990 1894 natione
2031 1829 2407 1913 germanica
2448 1827 2568 1891 ha-

617 1920 903 1986 beretur.
993 1917 1218 1998 Quum
1260 1924 1477 1981 autem
1520 1915 1833 1999 pontificii
1852 1966 1866 1992 ,
1924 1921 2003 1979 ut
2044 1914 2297 1979 nullam
2338 1914 2567 1995 nequi-

619 2007 753 2070 tiae
795 2025 951 2070 suae
986 2002 1455 2068 correctionem
1488 2001 1659 2066 ferre
1692 2007 1959 2084 queunt,
1988 2022 2063 2066 ac
2090 2022 2175 2065 ne
2210 1999 2394 2065 illam
2423 1999 2567 2082 qui-

622 2090 773 2156 dem
829 2088 1160 2155 foeditatis
1212 2107 1365 2153 suae
1423 2086 1677 2152 lernam
1690 2138 1707 2165 ,
1763 2107 1891 2170 qua
1949 2086 2118 2150 nihil
2164 2106 2453 2169 unquam
2495 2085 2569 2148 in

622 2175 894 2242 ecclesia
913 2174 1173 2258 turpius
1196 2173 1464 2250 exstitit,
1493 2172 1829 2238 attrectari
1854 2173 2197 2248 sustinent,
2219 2192 2351 2235 non
2377 2169 2568 2234 modo

620 2261 957 2346 generale,
1014 2258 1127 2324 sed
1191 2258 1520 2323 nationale
1585 2278 1840 2341 quoque
1902 2257 2251 2323 concilium
2312 2263 2568 2321 averte-

617 2353 772 2413 rent
802 2346 986 2413 mille
1028 2344 1369 2422 machinis,
1405 2343 1672 2424 interim
1705 2350 1929 2408 tamen
1966 2342 2334 2408 Germanos
2376 2341 2570 2406 alias-

619 2454 744 2516 que
787 2439 1018 2517 gentes
1062 2429 1405 2496 concilium
1449 2428 1724 2494 subinde
1756 2428 2118 2512 pollicendo
2155 2427 2569 2493 ludificaren-

617 2525 749 2598 tur,
794 2519 1012 2583 visum
1054 2515 1324 2581 tandem
1366 2521 1466 2581 est
1506 2515 1762 2597 imperii
1804 2513 2142 2581 ordinibus
2177 2521 2269 2592 ut,
2315 2514 2371 2579 si
2405 2534 2570 2596 pon-

617 2604 780 2669 tifex
815 2603 1163 2670 concilium
1196 2623 1329 2700 non
1362 2611 1747 2700 convocaret
1780 2600 1960 2699 intra
1993 2608 2247 2665 certum
2273 2607 2568 2699 tempus,

617 2694 1397 2839 zffizrg‘ssszzfflffiz.
1428 2706 1549 2837 ⁵0⁶..
1557 2685 1603 2750 ¹¹
1601 2687 1993 2837 3213&
1988 2791 2027 2834 a
2059 2685 2572 2837 ⁹33312⁸¹¹501531¹1²2

620 2859 920 2937 defectio,
958 2858 1039 2923 dc
1073 2879 1202 2939 qua
1233 2856 1342 2921 hic
1374 2877 1579 2939 nepos
1614 2856 1981 2939 quiritatur.
2053 2858 2148 2921 At
2180 2855 2348 2921 nihil
2382 2855 2572 2944 pensi

617 2943 868 3011 habent
919 2944 1131 3010 sancti
1184 2942 1297 3007 isti
1350 2940 1598 3006 ordinis
1655 2940 2079 3009 ecclesiastici
2132 2940 2443 3019 vindices,
2504 2946 2573 3005 et

619 3029 980 3097 canonibus
1041 3036 1109 3092 et
1160 3026 1414 3110 legibus
1457 3028 1786 3092 sancitum
1829 3047 2003 3106 esse,
2059 3034 2136 3091 ut
2176 3027 2250 3091 in
2289 3026 2572 3110 singulis

617 3114 977 3199 provinciis
1019 3106 1409 3195 quotannis,'
1434 3118 1501 3176 et
1543 3113 1615 3176 in
1656 3111 1946 3195 qualibet
1986 3113 2272 3191 natione,
2317 3113 2573 3195 quoties

619 3197 873 3282 aliquid
911 3196 1217 3264 inciderit
1250 3195 1724 3281 corrigendum,
1765 3196 2068 3263 habenda
2102 3219 2245 3264 esse
2281 3196 2570 3264 concilia.

618 3282 815 3367 Quod
849 3285 907 3350 si
939 3283 1225 3369 grassari
1261 3283 1507 3348 malum
1537 3283 1735 3348 latius
1767 3284 2067 3365 coeperit,
2093 3281 2398 3367 generale
2419 3304 2575 3348 con-

617 3370 845 3437 cilium
873 3370 1141 3435 omnino
1183 3390 1325 3434 esse
1379 3369 1884 3435 convocandum.
1965 3369 2170 3435 Hisce
2217 3368 2575 3435 sanctioni-

614 3455 740 3523 bus
760 3463 831 3521 et
849 3476 1162 3521 romanus
1194 3454 1488 3538 pontifex
1511 3454 1863 3521 obstrictus
1896 3462 2086 3534 esset,
2110 3464 2193 3521 ct*
2212 3453 2573 3521 secundum

616 3562 729 3608 eas
768 3541 1113 3608 ecclesiam
1153 3546 1439 3625 regeret,
1487 3541 1542 3606 si
1583 3561 1779 3606 verus
1822 3541 2121 3623 pontifex
2165 3561 2309 3606 esse
2355 3540 2569 3606 vellet.

613 3627 681 3694 N
683 3648 810 3695 unc
848 3648 1055 3711 quum
1097 3647 1208 3692 eas
1249 3625 1525 3709 pedibus
1558 3625 1913 3705 conculcet,
1959 3626 2117 3710 quid
2148 3627 2291 3710 ipso
2324 3625 2569 3692 facias?

615 3711 810 3778 Adde
862 3711 1035 3797 quod
1091 3712 1509 3777 oecumenica
1559 3711 1718 3776 olim
1765 3711 2040 3778 concilia
2173 3735 2210 3778 r
2253 3710 2571 3778 Caesares

615 3796 1089 3864 indicebantur.
1185 3796 1537 3862 Indictioni
1593 3803 1660 3862 et
1718 3798 2003 3881 episcopi
2128 3799 2165 3813 '⁹
2225 3819 2451 3863 omnes
2504 3804 2574 3862 et

616 3882 761 4033 ἓξὲξ
802 3904 1116 3949 romanus
1157 3883 1440 3949 libenter
1475 3882 1762 3966 parebat.
1849 3882 2099 3965 Hodie,
2145 3884 2199 3950 si
2242 3884 2387 3950 istis
2429 3905 2572 3950 cre-

670 3969 683 3983 '
757 3989 865 4046 us,
929 3990 1016 4033 ne
1079 3968 1409 4035 nationale
1462 3967 1729 4052 quidem
1792 3969 2080 4036 indicere
2144 3968 2275 4036 illis
2329 3969 2568 4036 licebit.

616 4052 864 4119 Fateor
896 4053 1214 4137 equidem,
1251 4075 1458 4139 quum
1492 4054 1635 4120 veri
1657 4055 1940 4139 episcopi
1971 4055 2225 4121 Romae
2246 4054 2568 4135 sederent,

617 4138 930 4223 quoniam
964 4138 1153 4205 sedes
1186 4140 1301 4205 illa
1335 4145 1455 4219 [fol.
1511 4146 1611 4220 18]
1645 4141 1864 4226 prima
1897 4161 2156 4224 semper
2189 4147 2289 4207 est
2324 4141 2567 4220 habita,

618 4224 1725 4393 iffafflffimooffiffiffii'dnsson
1741 4226 1967 4396 53¹3.
1992 4226 2570 4379 ‘3253'ssssth

617 4414 856 4459 manae
876 4393 1249 4480 tyrannidis
1276 4397 1589 4463 satellites
1622 4404 1689 4463 et
1721 4396 1917 4463 hodie
1951 4396 2359 4481 detorquent,
2381 4396 2570 4481 quasi

500 4510 507 4523 ·
618 4479 881 4545 nullum
923 4482 1187 4547 omnino
1231 4482 1735 4549 ecclesiasticum
1776 4490 2188 4562 conventum,
2233 4483 2360 4551 nisi
2396 4483 2569 4549 idolo

617 4564 735 4630 illo
770 4572 991 4631 ratum
1025 4565 1326 4647 habente,
1350 4579 1518 4634 nutu
1561 4590 1643 4634 ue
1668 4588 1788 4634 suo
1811 4570 2291 4652 comprobante,
2327 4568 2570 4636 habere

617 4649 832 4717 liceat.
917 4652 1197 4718 Interim
1237 4675 1442 4738 quum
1482 4654 1532 4719 il
1563 4655 1577 4669 ‘
1658 4656 1746 4721 sit
1779 4655 2183 4738 propositum
2225 4656 2447 4722 omnia
2488 4656 2568 4720 li-

616 4735 915 4803 bidinose
973 4746 1349 4822 pervertere
1365 4792 1380 4818 ,
1444 4761 1686 4825 susque
1738 4740 1948 4824 deque
2014 4740 2256 4807 habitis
2310 4741 2569 4826 legibus

618 4820 920 4889 omnibus
983 4831 1051 4889 et
1117 4826 1474 4892 canonibus
1488 4877 1504 4905 ,
1585 4833 1963 4910 contempta
2025 4828 2204 4892 omni
2269 4847 2563 4906 censura,

619 4904 871 4974 abiecta
912 4910 1126 4976 omnis
1167 4910 1530 4977 honestatis
1569 4931 1757 4990 cura,
1815 4932 2088 4980 excusso
2128 4933 2398 4997 prorsus
2442 4934 2566 4996 pu-

621 4990 805 5071 dore,
861 4995 1045 5061 nullo
1099 5015 1222 5062 nec
1263 4996 1396 5062 Dei
1447 5015 1568 5062 nec
1614 4995 1957 5064 hominum
1996 5006 2206 5079 metu,
2260 4999 2565 5065 insanam

620 5077 1129 5147 dominationem
1173 5102 1494 5159 exercere,
1540 5083 1651 5165 qui
1694 5103 1985 5167 unquam
2019 5083 2259 5150 adduci
2304 5084 2562 5166 poterit,

616 5171 697 5229 ut
736 5164 810 5228 in
862 5165 1297 5233 christianum
1348 5173 1419 5232 et
1466 5166 1752 5233 liberum
1803 5169 2150 5235 concilium
2192 5168 2562 5249 descendat,
2669 5188 2753 5256 ιφ

2674 457 2788 523 ubi
2829 456 3085 541 legibus
3127 458 3217 524 sit
3257 456 3782 544 interrogandus,
3827 457 4157 542 officiique
4179 458 4284 523 sni
4305 459 4638 526 rationem
4665 471 4672 479 ‘

2673 541 3095 609 redditurus?
3167 543 3349 628 Ergo
3382 544 3638 627 quoties
3660 543 3741 609 de
3775 543 4047 611 concilio
4081 544 4159 608 fit
4189 545 4461 625 mentio,
4497 566 4636 611 non

2675 627 2869 694 aliter
2922 628 3151 695 horret
3203 635 3397 713 atque
3439 630 3801 716 Dionysius
3855 628 4090 713 aliquis
4141 636 4258 694 aut
4299 629 4631 710 Phalaris,

2675 712 2790 779 ubi
2824 720 2925 790 est
2980 735 3021 779 a
3061 736 3144 799 pc
3188 714 3299 779 ulo
3350 714 3435 780 ad
3493 715 3863 781 libertatem
3910 714 4430 797 recuperandam
4477 736 4636 782 con·

2674 799 3046 865 clamatum.
3202 799 3315 865 uid
3357 801 3533 867 enim
3582 800 3760 866 aliud
3803 820 4042 867 causae
4095 807 4224 879 est,
4279 800 4456 884 quod
4500 809 4637 867 toto

2675 886 2832 951 orbe
2888 885 3022 950 iam
3076 885 3336 970 pridem
3399 887 3707 954 maximis
3764 885 4199 970 plurimisque
4264 886 4346 952 de
4411 888 4634 954 causis

2674 970 3023 1037 concilium
3077 972 3424 1056 flagitante
3439 1024 3456 1051 ,
3511 993 3644 1038 non
3697 971 3889 1038 modo
3943 971 4211 1036 nullum
4260 972 4403 1055 ipse
4458 972 4634 1039 serio

2675 1063 3007 1136 convocat,
3052 1057 3166 1123 sed
3205 1066 3475 1123 strenue
3516 1056 3865 1125 intercedit
3880 1109 3894 1133 ,
3938 1058 4054 1123 ubi
4101 1057 4409 1125 ecclesias
4452 1056 4636 1123 videt

2674 1142 3070 1208 convenire?
3156 1143 3250 1208 Et
3291 1142 3451 1226 quid
3503 1143 3776 1210 tandem
3818 1143 3942 1209 sibi
3986 1142 4171 1208 vult?
4256 1143 4517 1227 Nempe
4557 1151 4634 1210 ut

2673 1227 2982 1295 ecelesiae
3020 1228 3300 1295 scientes
3334 1236 3402 1294 et
3432 1225 3733 1295 videntes
3747 1281 3763 1309 ,
3814 1228 4066 1312 polluta
4110 1249 4229 1293 sua
4263 1230 4628 1311 sanctitate,

2672 1314 2932 1393 vexari,
2988 1314 3246 1392 violari,
3304 1314 3538 1399 affligi,
3596 1313 3793 1399 diripi
3847 1323 3914 1380 et
3970 1315 4214 1380 vastari
4270 1335 4342 1380 se
4386 1315 4628 1395 sinant,

2671 1399 2998 1483 taciteque
3042 1421 3117 1465 ae
3153 1401 3294 1466 sine
3338 1401 3585 1485 gemitu
3620 1400 3929 1466 ultimum
3967 1400 4312 1465 interitum
4355 1421 4477 1467 exs

2672 1491 2834 1549 tent.
2926 1482 3105 1567 Quid
3148 1487 3326 1550 enim
3369 1485 3548 1550 aliud
3593 1494 3693 1552 est
3743 1484 3918 1570 quod
3959 1485 4251 1551 remedia
4291 1487 4471 1551 inter
4520 1487 4630 1554 'cit

2674 1569 2989 1657 divinitus
3033 1570 3515 1649 commendata,
3574 1579 3641 1637 et
3696 1594 3737 1638 a
3790 1572 4036 1638 sanctis
4079 1570 4377 1654 patribus
4422 1593 4630 1656 popu-

2673 1656 2866 1806 loque
2890 1656 3249 1723 christiano
3277 1677 3537 1739 semper
3571 1656 3881 1734 adhibita,
3928 1657 4138 1723 donec
4180 1677 4258 1722 ea
4292 1658 4432 1741 ipse
4475 1678 4632 1723 con-

2673 1762 2745 1807 ce
2792 1750 2862 1806 at
2902 1749 2970 1807 et
3011 1741 3382 1821 admoveat,
3439 1744 3551 1826 qui
3594 1765 3677 1808 ex
3722 1742 4088 1826 direptione
4132 1744 4631 1827 vastationeque

2671 1827 3096 1893 ecclesiarum
3137 1836 3370 1912 regnat
3414 1850 3491 1895 ac
3534 1829 3828 1895 suaviter
3870 1826 4246 1894 delitiatur?
4315 1829 4502 1913 Ergo
4546 1851 4630 1896 ne

2670 1911 2825 1997 quid
2878 1912 3185 1996 depereat
3232 1931 3502 1979 romano
3546 1913 3998 1997 Sardanapalo
4012 1965 4028 1992 ,
4086 1914 4244 1997 quin
4303 1922 4630 1998 potestate

2672 1999 3027 2082 opibusque
3071 1999 3377 2066 ecclesiae
3419 2000 3692 2084 impunc
3734 2009 3812 2065 ut
3853 1998 4082 2066 solitus
4126 2009 4227 2065 est
4268 2008 4623 2083 grassetur,

2670 2083 3150 2150 connivendum
3205 2094 3308 2151 est
3347 2086 3475 2170 piis
3527 2084 3963 2170 principibus,
4019 2085 4181 2150 dum
4235 2093 4334 2150 tot
4377 2088 4632 2152 anima—

2669 2191 2821 2235 rum
2861 2170 3088 2248 millia,
3132 2191 3251 2253 pro
3294 2193 3573 2255 quarum
3616 2171 3828 2237 salute
3871 2170 4264 2255 sanguinem
4299 2193 4496 2238 suum
4525 2174 4630 2255 ⁸vi·

2668 2262 2936 2340 tamque
2991 2255 3285 2338 profudit
3327 2257 3651 2336 Christus,
3709 2258 3978 2323 interire
4023 2265 4311 2322 cernant.
4397 2258 4490 2322 Ni
4535 2260 4634 2323 fa-

2668 2342 2862 2421 ciant,
2910 2342 3286 2408 defectionis
3325 2363 3366 2407 a
3405 2341 3558 2408 sede
3602 2363 3873 2409 romana
3917 2342 4012 2407 rei
4057 2349 4359 2427 agantur.

2850 2513 3166 2594 Quantum
3206 2533 3345 2578 vero
3386 2514 3472 2579 ad
3496 2489 3503 2508 ’
3503 2534 3727 2596 pacem
3776 2513 4158 2579 Germaniae
4202 2516 4417 2579 attinet
4431 2565 4445 2594 ,
4503 2535 4630 2580 non

2671 2599 2810 2663 sine
2850 2599 3066 2681 aliquo
3117 2600 3354 2680 pudore
3385 2601 3672 2682 proferri
3701 2603 4001 2682 possunt,
4058 2620 4221 2680 quae
4262 2605 4628 2683 sequuntur.

2671 2682 3286 2835 gmffmmfum
3330 2686 3623 2765 primum
3676 2686 3755 2750 de
3796 2704 3959 2766 pace
4011 2690 4345 2751 tractatum
4398 2691 4455 2752 et
4500 2707 4636 2753 con-

2847 2889 2975 2953 Tot
3015 2886 3359 2955 mendacia
3402 2897 3560 2973 quot
3600 2891 3818 2957 verba.
3899 2891 4086 2957 Nihil
4121 2894 4299 2958 enim
4336 2891 4627 2959 Schuin-

2673 2973 3030 3127 giiiirstiingoegl
3059 2974 3505 3127 flfnptfnbergoe
3547 2976 3839 3059 primum
3881 2977 4266 3046 conclusum
4309 2978 4391 3046 de
4433 2981 4631 3048 indu-

2845 3231 3094 3298 Deinde
3142 3232 3366 3315 factae
3418 3238 3563 3298 sunt
3631 3234 4041 3319 Nurnberyae
4103 3235 4398 3303 induciae
4465 3239 4633 3304 inter

2673 3324 3003 3400 utrumque
3034 3323 3283 3399 εέαέιωπ,
3308 3320 3787 3401 protestantium
3818 3321 4048 3388 scilicet
4080 3327 4138 3387 et
4169 3322 4630 3402 catholicorum,

2676 3404 2888 3470 addito
2941 3405 3130 3469 etiam
3181 3424 3465 3470 caesareo
3519 3405 3941 3489 ratisponensi
3995 3412 4113 3487 [fol.
4170 3422 4196 3472 1
4209 3414 4274 3488 9]
4333 3410 4634 3476 mandato

2674 3489 2791 3556 sub
2823 3509 3031 3572 poena
3060 3490 3480 3572 provincialis
3510 3492 3701 3572 pacis
3743 3497 3800 3558 et
3848 3492 4046 3558 banni
4099 3495 4499 3576 imperialis:
4539 3501 4630 3559 ta-

2674 3597 2814 3642 men
2842 3581 3112 3655 possunt
3151 3575 3737 3643 vidercmaiestates
3760 3598 3932 3658 suae,
3975 3578 4083 3644 ubi
4125 3585 4207 3645 tot
4237 3582 4630 3647 convenerint

2663 3661 2990 3745 principes
3008 3661 3345 3742 subscripti
3379 3667 3437 3726 et
3469 3663 3687 3741 iurati,
3722 3661 3833 3728 ubi
3854 3668 3938 3729 tot
3968 3672 4419 3731 emanaverunt
4457 3687 4634 3732 mau-

2673 3747 2851 3826 data,
2909 3747 3308 3813 maie-statum
3348 3768 3616 3813 suarum
3657 3749 3899 3815 additis
3934 3751 4344 3834 gravissimis
4376 3753 4637 3834 poenis.-

2671 3831 2835 3898 nina
2875 3836 3080 3898 tamen
3118 3831 3507 3909 observatum
3543 3835 3763 3916 fuisse,
3804 3836 3960 3917 quin
3999 3836 4128 3901 imo
4168 3838 4404 3918 spretis
4440 3839 4639 3904 omni-

2672 3918 2790 3984 bus
2830 3918 3120 3984 induciae
3161 3918 3312 3985 illae
3367 3920 3625 4001 saepius
3662 3920 3925 4003 fuerunt
3977 3922 4271 4003 m'olatae,
4316 3929 4374 3988 et
4407 3929 4638 4006 partes

2661 4004 3143 4087 protestantium
3203 4005 3381 4070 novis
3454 4006 4084 4089 confoederationibus
4158 4013 4372 4074 contra
4436 4014 4639 4092 pacta

2672 4096 2917 4169 auctae,
2961 4090 3303 4156 accessione
3343 4110 3506 4156 nonn
3807 4094 4212 4177 principum,
4253 4095 4423 4160 sicut
4466 4096 4641 4181 reqis

2670 4174 3012 4260 Datiae,¹)
3054 4177 3236 4241 ducis
3293 4174 3680 4260 Wmenberq
3804 4179 3878 4258 '‚
3923 4184 3980 4245 et
4021 4180 4328 4261 αῐίοναηι,
4375 4202 4457 4248 ac
4493 4202 4644 4247 non-

2669 4261 2995 4328 nullarum
3044 4262 3396 4342 civitatum,
3456 4264 3794 4330 mutatione
3830 4264 4004 4345 facta
4044 4265 4378 4351 reliqionis
4421 4268 4499 4333 in
4541 4267 4639 4333 di-

2669 4348 2874 4500 ἓενεὶε
2923 4347 3075 4414 locis
3126 4367 3201 4413 ac
3241 4349 3595 4432 provinciis
3649 4353 3862 4416 contra
3904 4371 4129 4435 pacem
4184 4355 4240 4418 et
4292 4353 4642 4419 iusiuran-

2718 4454 2841 4498 um.

2843 4570 2974 4635 Hic
2996 4590 3306 4636 acervum
3323 4570 3806 4636 calumm'arum
3825 4573 4122 4657 congerit
4155 4575 4642 4656 sanctissimus,

2670 4653 2786 4722 sed
2819 4675 3101 4738 quarum
3132 4657 3498 4722 vanitatem
3529 4655 3827 4723 refellere
3860 4657 4058 4724 mmis‘
4006 4659 4019 4673 ‘
4091 4668 4483 4745 promptum
4518 4669 4644 4727 est.

2668 4739 2985 4807 lndueiae
3018 4739 3100 4806 de
3134 4742 3372 4825 quibus
3394 4739 3811 4807 Sebuinfurti
3847 4745 4172 4828 agitatum
4195 4752 4317 4826 est,
4357 4755 4432 4813 et
4467 4767 4646 4832 quae

2669 4827 3101 4912 Nurnbergae
3135 4827 3421 4910 primum
3452 4834 3699 4910 pactae,
3733 4827 4003 4895 demum
4034 4830 4452 4915 Ratisponae
4487 4855 4648 4901 con·

2754 5115 4642 5241 fflickqiminteaetuimpreuostedabcqudubiom

4884 4900 4886 5045 Ψ
