4984 5975
354 377 467 441 265

350 583 484 632 sese
508 561 817 627 induunt:
845 581 967 626 nec
987 559 1385 644 intelligunt,
1411 560 1872 643 superstitione
1905 559 1993 639 id,
2031 580 2116 624 an
2151 558 2279 624 cal-

347 649 474 716 lida
537 646 950 714 simulatione
1014 645 1291 725 faciant,
1363 644 1445 711 ad
1510 667 1652 710 rem
1717 667 1850 710 non
1929 645 2278 728 pertinere.

349 732 614 817 Quando
668 739 944 814 utroque
997 730 1246 814 pariter
1293 731 1485 797 modo
1538 741 1605 796 et
1646 739 1900 797 sa‘cram
1954 729 2086 795 Dei
2126 731 2281 796 reli-

347 821 594 906 gionem
646 816 928 883 ludibrio
982 816 1227 882 habent
1281 818 1457 882 inter
1497 816 1827 896 homines,
1872 824 1941 881 et
1984 817 2281 899 exemplo

346 927 461 973 suo
492 903 727 989 partim
773 901 1044 967 rudium
1076 903 1402 969 inscitiam
1417 954 1431 978 ,
1472 902 1554 968 ad
1600 902 2092 967 obstinatiorem
2131 923 2280 985 per-
2370 925 2376 932 ·

345 992 650 1058 vicaciam
675 990 1087 1064 confirmant,
1124 990 1364 1071 partim
1400 987 1824 1053 imbecillium
1859 986 2089 1053 dubias
2122 988 2280 1053 hae-

341 1078 730 1157 sitantesque
795 1075 1221 1140 conscientias
1278 1074 1688 1139 labefactant.
1781 1073 2282 1139 Communicare

340 1161 450 1227 ubi
489 1160 700 1226 vetuit
742 1159 1076 1242 apostolus
1112 1159 1386 1245 (Ephes.
1436 1166 1494 1236 5,
1546 1163 1653 1242 11)
1690 1157 1993 1242 operibus
2034 1160 2282 1225 infruc-

337 1247 532 1313 tuosis
590 1246 1040 1324 tenebrarum,
1099 1245 1298 1310 simul
1353 1242 1574 1310 adiicit
1631 1254 1707 1311 ut
1748 1248 1965 1328 potius
2008 1264 2049 1308 a
2092 1245 2281 1310 nobis

333 1332 829 1418 redarguantur.
900 1330 1050 1412 Qua
1084 1332 1440 1414 posteriore
1483 1331 1816 1413 particula,
1852 1328 2009 1413 quid
2042 1351 2161 1413 per
2200 1331 2281 1394 il-

331 1417 463 1483 lam
512 1418 798 1500 priorem
855 1417 1199 1494 voluisset,
1261 1417 1641 1500 explicavit:
1696 1437 1930 1500 nempe
1974 1423 2119 1481 tum
2162 1437 2282 1482 nos

331 1502 675 1588 flagitiosis
721 1525 797 1569 ac
839 1502 1083 1585 iniquis
1118 1502 1517 1568 facinoribus
1554 1503 2055 1580 communicare,
2082 1523 2283 1585 quum

329 1589 441 1653 illa
460 1589 652 1655 nobis
687 1588 945 1671 placere
971 1610 1226 1672 quoquo
1263 1587 1454 1653 modo
1479 1588 1526 1669 ¹)
1564 1588 2026 1670 significamus.
2087 1587 2282 1654 Unde

326 1675 618 1759 profecto
677 1675 920 1757 absque
965 1673 1159 1740 dubio
1202 1674 1544 1758 perspicis,
1591 1673 1674 1739 ab
1715 1675 1992 1738 istarum
2036 1672 2281 1739 abomi-

197 1783 200 1786 ·
328 1761 703 1838 nationum,
751 1760 831 1826 de
874 1758 1112 1843 quibus
1152 1761 1339 1825 nobis
1384 1781 1598 1825 sermo
1642 1767 1769 1837 est,
1825 1760 2283 1842 inquinamen-

330 1846 410 1910 tis
454 1866 609 1911 eum
654 1866 724 1911 se
770 1846 1035 1911 demum
1077 1853 1410 1929 praestare
1445 1847 1825 1924 immunem,
1872 1845 1985 1928 qui
2030 1845 2284 1910 nullam

326 1950 571 2010 earum,
607 1953 693 1996 ne
715 1934 936 1997 fictam
961 1931 1243 2014 quidem,
1281 1932 1718 1996 imitationem
1751 1932 1821 1995 in
1849 1952 1919 1996 se
1954 1931 2280 2014 suscipiat.

326 2015 702 2095 Caeterum,
730 2020 842 2099 qui
865 2037 936 2082 se
963 2016 1046 2081 ad
1080 2039 1233 2082 eum
1255 2017 1522 2082 modum
1551 2015 1989 2082 abstinentem
2009 2017 2282 2098 praesti-

323 2102 495 2180 terit,
533 2123 692 2168 eum
713 2123 837 2167 nec
857 2113 1141 2184 aspectu,
1165 2123 1288 2168 nec
1315 2103 1636 2185 ingressu,
1672 2124 1792 2168 nec
1812 2101 2153 2167 vicinitate
2183 2100 2284 2167 ul-

319 2186 452 2253 lam
486 2187 655 2253 adeo
694 2187 802 2252 vel
837 2209 1097 2264 noxam,
1142 2188 1247 2252 vel
1291 2188 1614 2252 maculam
1636 2186 2042 2265 contrahere,
2090 2194 2166 2251 ut
2202 2206 2287 2251 ex

318 2294 393 2339 eo
441 2274 894 2339 constantiam
931 2294 1115 2337 suam
1149 2271 1441 2338 Domino
1484 2272 1696 2356 magis
1741 2272 2073 2355 approbet,
2113 2271 2286 2354 quod

314 2357 676 2425 hostilibus
720 2359 924 2441 copiis
979 2359 1475 2436 circumsessus,
1535 2359 1904 2441 expugnari
1946 2365 2168 2422 tamen
2213 2379 2284 2422 se

312 2452 786 2612 ,ηπ
820 2444 968 2594 fir
993 2444 1481 2596 rasam
1505 2444 1741 2593 §aa
1755 2442 2284 2594 missa

776 2581 794 2609 7

317 2636 467 2681 aras
524 2613 977 2694 obambulare,
1038 2636 1240 2698 eaque
1292 2615 1433 2679 loca
1489 2613 1765 2697 pedibus
1823 2623 2065 2692 terere,
2114 2634 2280 2697 quae

316 2708 545 2767 essent
601 2700 786 2765 mille
840 2701 1258 2784 impietatum
1313 2706 1544 2764 notata
1596 2700 1890 2782 vestigiis
1944 2707 2013 2764 et
2054 2720 2280 2765 recen-

316 2787 480 2851 tium
512 2786 689 2851 forte
726 2786 1196 2851 sacrificiorum
1223 2784 1489 2850 odorem
1525 2783 1740 2851 adhuc
1776 2786 2125 2849 referrent:
2165 2806 2279 2850 ve·

311 2893 461 2937 rum
506 2872 737 2937 oculos
781 2871 910 2938 huc
954 2881 1149 2954 atque
1205 2871 1365 2936 illuc
1407 2871 1856 2948 circumferre,
1903 2878 1970 2934 et
2007 2869 2161 2953 quid
2206 2870 2278 2935 in

312 2978 716 3042 unaquaque
750 2977 866 3023 ara
897 2958 1284 3042 inscriptum
1319 2958 1504 3035 foret,
1542 2957 1794 3023 curiose
1828 2956 2281 3040 contemplari:

310 3043 462 3110 Non
509 3045 697 3111 enim
737 3043 821 3127 ad
863 3044 1124 3128 singula
1169 3042 1437 3108 deorum
1480 3044 1747 3108 nomina
1789 3063 1930 3109 sese
1974 3042 2276 3127 religiose

309 3128 697 3209 inclinabat,
741 3150 861 3196 nec
896 3150 1059 3213 quos
1093 3132 1166 3195 in
1198 3129 1564 3195 salutandis
1599 3130 1735 3196 suis
1780 3127 2144 3194 simulacris
2185 3129 2276 3193 ri·-

310 3223 416 3281 tus
459 3214 916 3284 observabant
947 3215 1329 3281 idololatrae
1363 3212 1926 3298 repraesentabat:
1975 3218 2124 3293 [pag.
2163 3228 2195 3278 3
2212 3219 2272 3294 1]

309 3301 419 3367 sed
475 3301 1035 3386 superstitionum
1087 3302 1385 3367 omnium
1439 3300 1813 3385 neglectum
1865 3321 2024 3382 prae
2069 3320 2139 3364 se
2181 3301 2275 3365 fe-

306 3407 490 3467 rens,
540 3386 929 3470 requirebat
982 3387 1156 3469 quod
1209 3386 1476 3455 tandem
1523 3385 1800 3468 reperit,
1844 3385 2024 3450 unde
2069 3385 2153 3450 ad
2196 3385 2277 3449 il-

304 3472 733 3539 lustrandam
767 3472 1042 3537 Domini
1076 3473 1373 3558 gloriam,
1411 3471 1596 3538 velut
1627 3493 1712 3536 ex
1749 3470 2277 3538 adversariorum

304 3559 547 3624 tabulis
596 3567 1074 3642 argumentum
1107 3559 1443 3642 proferret.
1509 3557 1763 3623 Eadem
1805 3556 2061 3621 ratione
2105 3557 2275 3639 peri-

303 3644 530 3710 culum
574 3667 722 3711 non
755 3643 900 3723 fuit,
937 3665 1022 3710 ne
1059 3663 1411 3710 conscensa
1446 3643 1621 3722 navi,
1657 3663 1826 3726 quae
1861 3641 2119 3726 insigne
2158 3642 2276 3708 ha-

305 3727 492 3795 beret
536 3729 992 3798 Geminorum
1038 3728 1216 3809 (Act.
1266 3734 1368 3807 28,
1424 3729 1565 3813 11),
1623 3727 1869 3810 aliquid
1911 3748 1995 3792 ex
2038 3749 2118 3793 ea
2161 3727 2274 3793 de-

299 3813 637 3882 dicatione
699 3815 943 3899 piaculi
996 3815 1068 3880 in
1114 3836 1186 3880 se
1228 3815 1617 3897 susciperet,
1664 3836 1868 3898 quum
1910 3813 2005 3878 ita
2045 3835 2117 3879 se
2160 3835 2275 3898 ge-

298 3910 496 3981 reret,
532 3900 812 3967 nullum
845 3910 921 3965 ut
956 3901 1438 3984 superstitionis
1473 3901 1673 3965 ritum
1717 3921 1866 3965 cum
1909 3899 2132 3983 impiis
2173 3900 2274 3983 ip-

295 4006 449 4052 sum
473 3987 979 4054 communicare
1000 3986 1187 4051 facile
1211 3994 1569 4070 appareret.
1627 3985 1861 4069 Neque
1883 3986 2077 4066 enim,
2101 3984 2276 4068 quod

296 4071 460 4139 alios
515 4095 606 4141 ex
642 4093 833 4138 more
877 4073 1088 4156 egisse
1131 4070 1487 4137 verisimile
1532 4078 1649 4151 est,
1695 4071 2003 4137 arbitrari
2045 4092 2273 4154 possu-

293 4178 448 4225 mus
501 4160 770 4243 ipsum‚
827 4165 943 4224 aut
996 4158 1116 4223 sub
1159 4157 1447 4241 primum
1489 4158 1860 4241 ingressum
1905 4155 2057 4222 deos
2100 4164 2272 4224 tute-

292 4243 470 4311 lares
510 4245 869 4324 salutasse,
909 4250 1027 4309 aut
1062 4243 1425 4310 solventem
1461 4263 1501 4307 a
1542 4250 1760 4326 portu,
1795 4241 2149 4308 secundam
2192 4242 2272 4307 ab

293 4329 429 4396 illis
455 4330 967 4414 navigationem
1001 4330 1268 4414 petiisse
1291 4335 1407 4394 aut
1441 4327 1814 4411 petentibus
1850 4328 2270 4406 succinuisse,

294 4417 489 4500 quasi
533 4418 614 4482 in
662 4435 896 4481 eorum
950 4416 1393 4499 precationem
1438 4414 1848 4479 consentiret.
1917 4411 2144 4493 Quare
2187 4435 2273 4478 ne

292 4522 420 4585 quo
457 4499 787 4584 scrupulo
815 4520 1027 4567 vanae
1053 4502 1345 4586 gentium
1381 4498 1820 4565 dedicationes
1845 4500 2101 4564 animos
2121 4521 2272 4565 nos-

290 4594 432 4655 tros
482 4585 899 4671 impedirent
955 4591 1056 4671 (ac
1091 4587 1149 4652 si
1190 4587 1446 4654 efficere
1488 4590 1783 4668 possent,
1827 4605 1912 4649 ne
1954 4585 2035 4650 iis
2078 4584 2273 4651 rebus

291 4675 390 4738 uti
442 4695 626 4758 pure
682 4671 936 4750 liceret,
993 4692 1154 4755 quas
1209 4674 1281 4737 in
1339 4692 1536 4737 usum
1589 4678 1886 4735 nostrum
1942 4668 2271 4736 Dominus

289 4758 779 4836 sanctificavit,
814 4755 1011 4823 modo
1047 4779 1131 4823 ne
1173 4778 1518 4843 perperam
1552 4757 1929 4837 abutamur)
1975 4757 2272 4822 nomina-

290 4845 416 4910 tim
455 4843 809 4929 expressit
852 4843 1072 4909 Lucas
1085 4893 1102 4922 ,
1147 4843 1435 4910 Paulum
1476 4842 1623 4908 illos
1666 4841 1963 4908 Castoris
2007 4849 2074 4907 et
2113 4841 2270 4908 Pol-

286 4928 460 4999 lucis
495 4930 768 5008 titulos,
803 4950 931 5012 quo
963 4929 1187 4995 minus
1219 4927 1588 4996 traiiciendi
1622 4947 1821 4994 causa
1860 4948 2102 4995 navem
2140 4927 2270 4993 illis

288 5025 768 5084 consecratam
804 5013 1288 5095 conscenderet,
1327 5014 1496 5081 nihil
1528 5011 2003 5091 reformidasse.
2072 5010 2270 5094 Quod

434 5290 498 5358 1)
539 5288 826 5361 quomodo
862 5284 1221 5343 1576—1611.

1522 371 1649 436 DE
1693 367 2214 438 FUGIENDIS
2260 368 2745 437 IMPIORUM
2789 367 3140 436 SACRIS.

4210 377 4335 438 266

2384 557 2661 623 dubium
2717 558 2965 623 nemini
3007 558 3304 624 futurum
3339 566 3499 639 erat,
3546 560 3775 625 tacuit:
3822 560 4171 646 diligenter
4211 563 4335 630 hoc

2384 645 2638 710 cavisse
2696 666 2772 710 ac
2824 643 3260 727 praestitisse,
3325 652 3432 723 ut,
3489 646 3660 728 quod
3715 646 4056 712 christiani
4122 648 4335 714 homi-

2383 730 2488 880 ngs
2527 738 2687 808 erat,
2717 729 2800 796 ab
2824 730 3003 794 omni
3039 729 3445 796 idololatriae
3481 732 3695 814 specie
3730 753 3925 816 quam
3958 733 4336 818 longissime

2380 836 2420 879 a
2464 823 2655 881 esset.

2557 899 2957 986 Quanquam
3010 909 3231 967 autem
3287 902 3484 986 (quae
3527 907 3645 967 tua
3688 911 3790 967 est
3845 925 4004 987 erga
4043 904 4177 969 Dei
4219 926 4336 970 ve-

2385 987 2650 1051 ritatem
2709 986 3154 1072 observantia)
3211 989 3634 1072 sententiam,
3694 1009 3890 1071 quam
3944 996 4045 1054 tot
4096 988 4335 1057 divinis

2386 1072 2780 1141 testimoniis
2807 1073 3217 1158 obsignatam
3245 1073 3492 1164 videas,
3538 1073 3657 1139 tibi
3698 1073 3832 1139 iam
3875 1075 4071 1174 plane
4098 1077 4335 1158 proba-

2387 1165 2525 1222 tam
2569 1180 2710 1224 esse
2755 1158 3039 1224 confido:
3100 1159 3359 1243 quando
3404 1166 3624 1224 tamen
3669 1180 3803 1224 non
3845 1161 3964 1226 tibi
4010 1160 4172 1228 haec
4214 1164 4336 1228 uni

2387 1244 2792 1324 scribuntur,
2850 1244 3125 1310 aliorum
3182 1252 3261 1310 ut
3312 1266 3419 1309 me
3474 1246 3795 1310 rationem
3852 1246 4050 1312 simul
4092 1247 4334 1314 habere

2386 1330 2693 1412 patiaris,
2751 1329 2866 1395 abs
2909 1337 2975 1395 te
3017 1339 3185 1414 peto,
3275 1329 3460 1411 Quos
3504 1330 3590 1396 ad
3631 1331 4117 1397 concedendum
4163 1333 4335 1400 veri-

2386 1416 2507 1478 tati
2551 1414 2889 1497 aliquanto
2943 1438 3088 1482 esse
3146 1417 3217 1495 in
3268 1417 3392 1482 hac
3448 1437 3645 1484 causa
3701 1416 4096 1484 difficiliores
4140 1439 4337 1502 quam

2387 1507 2698 1582 oporteat,
2742 1501 2965 1566 minus
3008 1502 3246 1568 idcirco
3288 1503 3509 1581 miror,
3555 1502 3728 1586 quod
3763 1504 4035 1569 insuave
4066 1504 4199 1570 illis
4233 1506 4335 1570 in-

2387 1594 2783 1670 gratumque
2826 1607 2970 1652 esse
3013 1608 3146 1652 non
3188 1587 3431 1666 dubito,
3479 1590 3560 1655 ab
3606 1608 3700 1666 ea,
3746 1590 3849 1654 cui
3894 1589 4008 1655 diu
4050 1588 4336 1673 placide-

2387 1692 2513 1754 que
2534 1672 3010 1753 indormierint,
3047 1673 3230 1738 indul
3278 1675 3461 1739 entia
3495 1674 3787 1740 excitari.
3844 1676 3944 1741 Ac
3978 1675 4143 1740 mihi
4178 1697 4337 1742 sane

2388 1758 2613 1823 videre
2648 1759 2784 1823 iam
2820 1757 3134 1842 quosdam
3157 1759 3225 1823 vi
3271 1781 3400 1838 eor,
3438 1760 3737 1824 frivolam
3772 1761 4337 1844 intempestivam-

2388 1864 2515 1926 que
2549 1842 2721 1908 hanc
2753 1866 2969 1909 meam
2990 1845 3437 1910 morositatem
3472 1846 3841 1926 irridentes,
3879 1848 3991 1930 qui
4025 1868 4168 1912 rem
4201 1869 4339 1913 non

2387 1928 2483 1993 ita
2525 1928 2755 2013 magni
2787 1930 3098 2012 ponderis
3133 1931 3402 2014 perinde
3437 1953 3730 2016 urgeam,
3775 1952 3850 1998 ac
3886 1932 3944 1997 si
3977 1934 4047 1997 in
4082 1954 4158 1997 eo
4192 1955 4336 2000 car-

2389 2013 2544 2078 dine
2586 2022 2727 2079 tota
2765 2016 3106 2100 religionis
3148 2038 3405 2082 summa
3444 2024 3829 2084 verteretur.
3889 2018 4062 2083 Nam
4098 2027 4165 2084 et
4197 2020 4338 2102 ipse

2388 2099 2706 2181 quosdam
2760 2102 3063 2178 memini,
3123 2103 3507 2185 quibuscum
3552 2102 3631 2168 de
3684 2102 3809 2169 hac
3854 2124 3926 2169 re
3968 2104 4136 2168 mihi
4177 2105 4337 2171 olim

2388 2206 2603 2250 sermo
2659 2185 2818 2264 fuit,
2884 2208 3089 2269 quum
3144 2188 3433 2272 pressius
3492 2211 3598 2253 me
3659 2189 3963 2256 insistere
4016 2190 4334 2270 viderent,

2388 2291 2586 2352 quam
2629 2277 2705 2336 ut
2746 2291 2936 2336 suam
2979 2292 3245 2338 causam
3298 2282 3478 2339 recta
3528 2274 3779 2341 ratione
3840 2277 4009 2340 tueri
4053 2283 4335 2358 possent,

2388 2355 2471 2420 ad
2516 2354 2692 2422 hunc
2734 2358 3084 2443 confugere
3126 2357 3345 2425 locum
3400 2358 3639 2424 solitos.
3726 2361 3825 2426 Ut
3865 2380 4042 2426 nunc
4086 2369 4335 2445 tempo-

2388 2462 2536 2506 rum
2579 2441 2747 2508 foret
2780 2442 2974 2508 ratio:
3021 2442 3312 2509 nondum
3358 2465 3397 2509 a
3439 2445 3884 2511 rescindendis
3919 2447 4335 2530 gravioribus

2386 2548 2668 2610 vereque
2711 2530 2899 2595 seriis
2943 2529 3134 2595 malis
3189 2538 3451 2595 tantum
3505 2551 3649 2596 esse
3701 2532 3818 2597 otii
3872 2530 4078 2612 nobis,
4136 2540 4209 2597 ut
4250 2531 4335 2597 de

2384 2612 2636 2678 frivolis
2681 2614 2825 2679 istis
2869 2613 3143 2694 delictis,
3190 2623 3254 2680 et
3300 2616 3484 2680 velut
3524 2617 3799 2682 minutis
3843 2618 4098 2682 naeniis
4141 2617 4333 2684 valde

2383 2698 2693 2764 sollicitos
2738 2721 2880 2766 esse
2924 2709 3271 2783 oporteret.
3362 2702 3663 2767 Primum
3705 2702 3878 2767 hanc
3920 2701 4148 2768 decere
4190 2724 4334 2768 esse

2383 2804 2611 2849 curam
2626 2835 2642 2862 ‚
2709 2793 2785 2850 ut
2839 2807 2997 2851 vera
3050 2788 3122 2850 in
3181 2787 3527 2856 hominum
3580 2788 3819 2853 animis
3874 2788 4206 2853 inseratur
4256 2808 4332 2855 ac

2382 2870 2703 2936 coalescat
2744 2873 2981 2954 pietas,
3036 2881 3112 2938 ut
3153 2893 3369 2939 mores
3412 2873 3496 2938 ad
3536 2874 3796 2956 pietatis
3839 2873 4137 2957 regulam
4184 2881 4331 2953 [pag.

2384 2962 2488 3033 32]
2548 2957 2902 3041 exigantur
2942 2979 3016 3024 ac
3064 2959 3454 3024 formentur:
3512 2971 3588 3025 ut
3641 2958 3922 3043 denique
3976 2966 4113 3025 tota
4165 2961 4332 3026 cari-

2381 3049 2545 3119 tate,
2605 3043 3140 3124 mansuetudine,
3199 3046 3545 3128 patientia,
3605 3047 4002 3128 caeterisque
4058 3046 4331 3129 spiritus

2382 3126 2572 3192 donis
2612 3129 2751 3195 vita
2793 3130 3181 3214 intingatur.
3270 3129 3353 3196 Id
3403 3131 3515 3196 ubi
3568 3131 3952 3214 consequuti
3994 3131 4330 3213 fuerimus,

2381 3220 2522 3278 tum
2579 3214 2716 3280 fore
2761 3214 3073 3280 idoneum
3128 3227 3390 3299 tempus
3437 3216 3518 3281 ad
3570 3217 3733 3282 haec
3776 3217 4024 3283 leviora
4063 3217 4331 3284 descen-

2382 3298 2598 3364 dendi.
2688 3301 2904 3366 Tanta
2957 3309 3186 3368 contra
3242 3302 3671 3385 perversitate
3716 3323 3857 3368 esse
3902 3302 4095 3368 hodie
4138 3325 4330 3386 quos-

2380 3382 2551 3462 (18111,
2596 3393 2672 3450 ut
2711 3407 2916 3468 quum
2935 3408 3073 3452 una
3094 3388 3447 3453 missarum
3478 3409 3553 3454 ac
3587 3389 4145 3454 caeremoniarum
4179 3390 4332 3453 abo-

2354 3470 2741 3537 minatione
2796 3480 3002 3537 totam
3053 3473 3386 3557 religionis
3437 3482 3698 3539 nostrae
3743 3474 3882 3539 vim
3938 3471 4326 3552 describant,

2379 3554 2641 3638 quidvis
2698 3558 2771 3622 in
2824 3556 3089 3623 homine
3141 3558 3501 3624 christiano
3551 3560 3770 3625 ferant
3823 3558 4073 3641 potius,
4129 3578 4326 3640 quam

2378 3642 2649 3706 missam
2689 3664 2894 3709 unam
2938 3643 3258 3709 auditam:
3306 3665 3460 3709 eum
3494 3664 3651 3710 vero
3685 3643 3799 3727 qui
3841 3665 3881 3708 a
3922 3642 4125 3707 missa
4159 3650 4326 3708 stre-

2379 3733 2527 3793 nue‘
2546 3725 2975 3810 abhorruerit,
3011 3729 3209 3805 etiam
3245 3730 3301 3795 si
3336 3729 3522 3795 nulla
3554 3730 3627 3794 in
3661 3728 3929 3811 reliquis
3962 3727 4139 3794 vitae
4174 3748 4326 3809 par-

2378 3812 2553 3877 tibus
2590 3814 2760 3879 mica
2792 3816 3058 3898 pietatis
3092 3815 3366 3893 eluceat,
3412 3815 3625 3880 solum
3659 3813 4023 3880 Christiani
4058 3813 4327 3879 nomine

2378 3896 2655 3981 dignum
2708 3907 2775 3965 et
2828 3908 3214 3986 agnoscant,
3280 3909 3348 3966 et
3400 3899 3796 3983 praedicent.
3887 3898 4156 3964 Talibus
4211 3898 4324 3964 ob-

2377 3983 2565 4049 iectis
2608 3984 2765 4065 quid
2809 3993 2954 4051 tum
3005 3986 3452 4069 responderim
3466 4036 3481 4065 ,
3536 3992 3735 4050 testes
3789 3983 3891 4049 illi
3940 3984 4110 4049 mihi
4151 3991 4322 4065 sunt,

2376 4089 2539 4152 quos
2584 4067 2743 4136 dico.
2800 4071 3059 4138 Verum
3101 4074 3408 4156 quoniam
3449 4069 3819 4150 nonnullos,
3865 4076 3943 4135 ut
3984 4068 4142 4149 dixi,
4186 4070 4325 4136 fore

2377 4156 2720 4239 prospici0,
2764 4160 2875 4242 qui
2915 4179 3095 4224 nunc
3138 4179 3390 4241 quoque
3433 4178 3569 4221 non
3609 4154 4015 4222 dissimiliter
4056 4176 4176 4222 nos
4217 4176 4326 4222 ac-

2377 4243 2641 4324 cipiant,
2688 4244 2811 4310 hac
2845 4265 2966 4310 sua
2989 4244 3484 4311 ratiocinatione
3516 4263 3755 4325 parum
3779 4262 3850 4307 se
3871 4243 4203 4326 proficere,
4248 4249 4323 4306 ut

2376 4327 2782 4413 intelligant,
2840 4330 3170 4396 facturum
3214 4350 3320 4394 me
3366 4347 3574 4411 spero.
3663 4328 3800 4393 Eos
3851 4328 4058 4413 igitur
4098 4348 4324 4392 omnes

2375 4411 2626 4493 hortor,
2670 4416 2974 4499 primum,
3021 4423 3099 4480 ut
3140 4414 3321 4480 omni
3365 4413 3780 4479 contentione
3824 4413 4053 4496 posita,
4100 4433 4325 4479 secum

2377 4497 2744 4583 dispiciant,
2789 4522 2952 4567 num
2994 4522 3113 4584 pro
3156 4499 3329 4566 facili
3368 4499 3628 4583 levique
3672 4497 3906 4565 delicto
3951 4500 4038 4565 sit
4079 4498 4323 4565 ducen-

2377 4583 2566 4664 dum,
2623 4608 2753 4669 quo
2793 4587 3046 4653 Paulus
3100 4588 3165 4672 (1
3209 4584 3358 4651 Cor.
3403 4589 3499 4663 10,
3539 4588 3621 4648 20
3659 4587 3774 4667 ss.)
3820 4585 4185 4650 Dominum
4239 4582 4323 4649 ad

2375 4691 2666 4754 pugnam
2709 4674 3077 4756 provocari,
3131 4691 3258 4755 quo
3302 4670 3617 4736 adversus
3660 4669 4005 4737 Christum
4048 4669 4321 4753 peccari,

2376 4776 2502 4839 quo
2542 4778 2807 4824 mensae
2855 4758 3352 4824 daemoniorum
3398 4757 3867 4823 communicari
3880 4807 3897 4834 ,
3952 4776 4080 4840 quo
4129 4754 4323 4820 Chri-

2376 4842 2460 4906 sti
2484 4864 2805 4915 ,mensam
2847 4842 3178 4927 repudiari
3221 4839 3438 4907 tradit.
3524 4840 3602 4908 Si
3644 4842 3823 4909 leves
3858 4840 3983 4921 illi,
4019 4840 4196 4907 facili
4238 4861 4323 4906 ue

2377 4926 2560 5012 digni
2587 4929 2783 4995 venia
2814 4930 3067 5013 lapsus:
3114 4928 3379 5011 flagitiis
3413 4948 3488 4994 ac
3520 4927 3870 4995 sceleribus
3914 4924 4197 4992 definien
4247 4927 4261 4940 ‘
4302 4976 4319 5005 ,

2419 5035 2543 5079 uae
2599 5013 2799 5099 digna
2853 5013 3117 5079 tandem
3165 5012 3509 5079 verborum
3566 5015 3859 5099 gravitas
3911 5010 4318 5093 reperietur?

2374 5034 2529 5165 {uc
2572 5100 2629 5164 si
2669 5100 2930 5184 oblique
2982 5098 3131 5165 illas
3170 5099 3364 5165 Pauli
3420 5099 3905 5185 obiurgationes
3950 5096 4321 5179 detorqueri

2375 5185 2591 5265 aiunt,
2637 5206 2765 5268 quo
2807 5186 3012 5270 igitur
3054 5184 3253 5270 dirigi
3293 5194 3597 5268 possunt,
3642 5206 3776 5251 non
3818 5181 4025 5249 video.
4114 5182 4319 5246 Acer-

2371 5271 2531 5336 bum
2571 5271 2764 5339 illum
2803 5271 3029 5339 stilum
3073 5271 3144 5336 in
3186 5292 3297 5338 eos
3341 5269 3723 5356 stringebat,
3767 5268 3878 5352 qui
3914 5266 3997 5332 ad
4031 5265 4321 5331 edendas
