<?xml version="1.0" encoding="UTF-8"?>
<!DOCTYPE html PUBLIC "-//W3C//DTD XHTML 1.0 Transitional//EN"
    "http://www.w3.org/TR/xhtml1/DTD/xhtml1-transitional.dtd">
<html xmlns="http://www.w3.org/1999/xhtml" xml:lang="en" lang="en">
 <head>
  <title>
</title>
<meta http-equiv="Content-Type" content="text/html;charset=utf-8" />
  <meta name='ocr-system' content='tesseract 3.04.00' />
  <meta name='ocr-capabilities' content='ocr_page ocr_carea ocr_par ocr_line ocrx_word'/>
</head>
<body>
  <div class='ocr_page' id='page_1' title='image "./ioanniscalvinio14unkngoog_0099.png"; bbox 0 0 4984 5975; ppageno 0'>
   <div class='ocr_carea' id='block_1_1' title="bbox 88 3942 114 4667">
    <p class='ocr_par' dir='ltr' id='par_1_1' title="bbox 88 3942 114 4667">
     <span class='ocr_line' id='line_1_1' title="bbox 88 3942 114 4667; baseline 0 0"><span class='ocrx_word' id='word_1_1' title='bbox 88 3942 114 4667; x_wconf 95' lang='lat' dir='ltr'><strong> </strong></span> 
     </span>
    </p>
   </div>
   <div class='ocr_carea' id='block_1_2' title="bbox 368 299 4344 368">
    <p class='ocr_par' dir='ltr' id='par_1_2' title="bbox 368 299 4344 368">
     <span class='ocr_line' id='line_1_2' title="bbox 368 299 4344 368; baseline 0 0"><span class='ocrx_word' id='word_1_2' title='bbox 368 304 438 368; x_wconf 76' lang='lat'><strong>73</strong></span> <span class='ocrx_word' id='word_1_3' title='bbox 796 333 809 340; x_wconf 95' lang='lat'><strong>·</strong></span> <span class='ocrx_word' id='word_1_4' title='bbox 1872 301 2164 368; x_wconf 73' lang='lat' dir='ltr'>LIBER</span> <span class='ocrx_word' id='word_1_5' title='bbox 2204 300 2260 366; x_wconf 90' lang='lat'><strong>1.</strong></span> <span class='ocrx_word' id='word_1_6' title='bbox 2349 299 2655 367; x_wconf 68' lang='lat' dir='ltr'>CAPUT</span> <span class='ocrx_word' id='word_1_7' title='bbox 2696 302 2822 368; x_wconf 87' lang='lat' dir='ltr'><strong>IX.</strong></span> <span class='ocrx_word' id='word_1_8' title='bbox 3932 305 3943 322; x_wconf 87' lang='lat'><strong><em>¹</em></strong></span> <span class='ocrx_word' id='word_1_9' title='bbox 4262 307 4344 368; x_wconf 74' lang='lat'><strong>74</strong></span> 
     </span>
    </p>
   </div>
   <div class='ocr_carea' id='block_1_3' title="bbox 334 488 2297 2130">
    <p class='ocr_par' dir='ltr' id='par_1_3' title="bbox 365 488 2297 660">
     <span class='ocr_line' id='line_1_3' title="bbox 367 488 2297 569; baseline -0.002 -11"><span class='ocrx_word' id='word_1_10' title='bbox 367 493 462 558; x_wconf 89' lang='lat' dir='ltr'><strong>nis</strong></span> <span class='ocrx_word' id='word_1_11' title='bbox 497 488 876 569; x_wconf 83' lang='lat' dir='ltr'><strong>deliberare,</strong></span> <span class='ocrx_word' id='word_1_12' title='bbox 924 490 1190 556; x_wconf 89' lang='lat' dir='ltr'><strong>tandem</strong></span> <span class='ocrx_word' id='word_1_13' title='bbox 1235 492 1589 558; x_wconf 82' lang='lat' dir='ltr'><strong>exclamat:</strong></span> <span class='ocrx_word' id='word_1_14' title='bbox 1642 491 1790 557; x_wconf 87' lang='lat' dir='ltr'><strong>Iam</strong></span> <span class='ocrx_word' id='word_1_15' title='bbox 1834 512 2042 556; x_wconf 91' lang='lat' dir='ltr'><strong>unum</strong></span> <span class='ocrx_word' id='word_1_16' title='bbox 2086 491 2297 556; x_wconf 88' lang='lat' dir='ltr'><strong>homi-</strong></span> 
     </span>
     <span class='ocr_line' id='line_1_4' title="bbox 365 575 1332 660; baseline -0.001 -16"><span class='ocrx_word' id='word_1_17' title='bbox 365 597 503 644; x_wconf 90' lang='lat' dir='ltr'><strong>nem</strong></span> <span class='ocrx_word' id='word_1_18' title='bbox 544 575 836 642; x_wconf 89' lang='lat' dir='ltr'><strong>occidere</strong></span> <span class='ocrx_word' id='word_1_19' title='bbox 878 597 1015 641; x_wconf 87' lang='lat' dir='ltr'><strong>non</strong></span> <span class='ocrx_word' id='word_1_20' title='bbox 1058 585 1332 660; x_wconf 88' lang='lat' dir='ltr'><strong>poterat.</strong></span> 
     </span>
    </p>

    <p class='ocr_par' dir='ltr' id='par_1_4' title="bbox 352 659 2297 1672">
     <span class='ocr_line' id='line_1_5' title="bbox 526 659 2297 749; baseline 0 -23"><span class='ocrx_word' id='word_1_21' title='bbox 526 662 732 743; x_wconf 74' lang='lat' dir='ltr'><strong>Quum</strong></span> <span class='ocrx_word' id='word_1_22' title='bbox 785 661 880 726; x_wconf 75' lang='lat' dir='ltr'><strong>M</strong></span> <span class='ocrx_word' id='word_1_23' title='bbox 924 663 1242 728; x_wconf 71' lang='lat' dir='ltr'><strong>Antonius</strong></span> <span class='ocrx_word' id='word_1_24' title='bbox 1282 663 1767 745; x_wconf 68' lang='lat' dir='ltr'><strong><em>proscriptionis</em></strong></span> <span class='ocrx_word' id='word_1_25' title='bbox 1821 659 2113 749; x_wconf 73' lang='lat' dir='ltr'><strong>edictum]</strong></span> <span class='ocrx_word' id='word_1_26' title='bbox 2175 661 2297 726; x_wconf 89' lang='lat' dir='ltr'><strong>Vi·-</strong></span> 
     </span>
     <span class='ocr_line' id='line_1_6' title="bbox 366 745 2295 831; baseline -0.002 -15"><span class='ocrx_word' id='word_1_27' title='bbox 366 749 488 816; x_wconf 89' lang='lat' dir='ltr'><strong>deri</strong></span> <span class='ocrx_word' id='word_1_28' title='bbox 538 755 759 829; x_wconf 87' lang='lat' dir='ltr'><strong>posset</strong></span> <span class='ocrx_word' id='word_1_29' title='bbox 812 747 1036 831; x_wconf 87' lang='lat' dir='ltr'><strong>lapsus</strong></span> <span class='ocrx_word' id='word_1_30' title='bbox 1093 749 1411 814; x_wconf 90' lang='lat' dir='ltr'><strong>memoria</strong></span> <span class='ocrx_word' id='word_1_31' title='bbox 1462 745 1748 824; x_wconf 81' lang='lat' dir='ltr'><strong>Seneca,</strong></span> <span class='ocrx_word' id='word_1_32' title='bbox 1815 756 1890 812; x_wconf 91' lang='lat' dir='ltr'><strong>ut</strong></span> <span class='ocrx_word' id='word_1_33' title='bbox 1944 746 2295 831; x_wconf 75' lang='lat' dir='ltr'><strong>aliquando</strong></span> 
     </span>
     <span class='ocr_line' id='line_1_7' title="bbox 362 831 2293 918; baseline -0.002 -17"><span class='ocrx_word' id='word_1_34' title='bbox 362 834 526 901; x_wconf 88' lang='lat' dir='ltr'><strong>solet.</strong></span> <span class='ocrx_word' id='word_1_35' title='bbox 602 831 678 898; x_wconf 83' lang='lat' dir='ltr'><strong>Si</strong></span> <span class='ocrx_word' id='word_1_36' title='bbox 722 834 899 899; x_wconf 87' lang='lat' dir='ltr'><strong>enim</strong></span> <span class='ocrx_word' id='word_1_37' title='bbox 943 854 1145 917; x_wconf 88' lang='lat' dir='ltr'><strong>supra</strong></span> <span class='ocrx_word' id='word_1_38' title='bbox 1186 834 1623 918; x_wconf 87' lang='lat' dir='ltr'><strong>quadraginta</strong></span> <span class='ocrx_word' id='word_1_39' title='bbox 1665 854 1872 900; x_wconf 89' lang='lat' dir='ltr'><strong>annos</strong></span> <span class='ocrx_word' id='word_1_40' title='bbox 1915 842 2114 898; x_wconf 90' lang='lat' dir='ltr'><strong>natus</strong></span> <span class='ocrx_word' id='word_1_41' title='bbox 2151 834 2293 899; x_wconf 87' lang='lat' dir='ltr'><strong>Au-</strong></span> 
     </span>
     <span class='ocr_line' id='line_1_8' title="bbox 362 918 2294 1005; baseline 0.001 -22"><span class='ocrx_word' id='word_1_42' title='bbox 362 926 599 1005; x_wconf 86' lang='lat' dir='ltr'><strong>gustus,</strong></span> <span class='ocrx_word' id='word_1_43' title='bbox 644 940 801 1003; x_wconf 91' lang='lat' dir='ltr'><strong>ergo</strong></span> <span class='ocrx_word' id='word_1_44' title='bbox 844 939 1082 985; x_wconf 90' lang='lat' dir='ltr'><strong>novem</strong></span> <span class='ocrx_word' id='word_1_45' title='bbox 1125 921 1318 987; x_wconf 90' lang='lat' dir='ltr'><strong>annis</strong></span> <span class='ocrx_word' id='word_1_46' title='bbox 1362 928 1479 985; x_wconf 90' lang='lat' dir='ltr'><strong>aut</strong></span> <span class='ocrx_word' id='word_1_47' title='bbox 1520 920 1778 986; x_wconf 85' lang='lat' dir='ltr'><strong>circiter</strong></span> <span class='ocrx_word' id='word_1_48' title='bbox 1818 927 1968 1003; x_wconf 89' lang='lat' dir='ltr'><strong>post</strong></span> <span class='ocrx_word' id='word_1_49' title='bbox 2011 918 2294 984; x_wconf 85' lang='lat' dir='ltr'><strong>debella-</strong></span> 
     </span>
     <span class='ocr_line' id='line_1_9' title="bbox 359 1006 2296 1090; baseline -0.002 -18"><span class='ocrx_word' id='word_1_50' title='bbox 359 1016 487 1072; x_wconf 90' lang='lat' dir='ltr'><strong>tum</strong></span> <span class='ocrx_word' id='word_1_51' title='bbox 527 1006 925 1070; x_wconf 84' lang='lat' dir='ltr'><strong>Antonium:</strong></span> <span class='ocrx_word' id='word_1_52' title='bbox 987 1027 1116 1089; x_wconf 90' lang='lat' dir='ltr'><strong>quo</strong></span> <span class='ocrx_word' id='word_1_53' title='bbox 1169 1014 1391 1078; x_wconf 90' lang='lat' dir='ltr'><strong>tamen</strong></span> <span class='ocrx_word' id='word_1_54' title='bbox 1436 1013 1842 1090; x_wconf 87' lang='lat' dir='ltr'><strong>expugnato,</strong></span> <span class='ocrx_word' id='word_1_55' title='bbox 1899 1015 1975 1071; x_wconf 92' lang='lat' dir='ltr'><strong>ut</strong></span> <span class='ocrx_word' id='word_1_56' title='bbox 2018 1011 2296 1071; x_wconf 89' lang='lat' dir='ltr'><strong>testatur</strong></span> 
     </span>
     <span class='ocr_line' id='line_1_10' title="bbox 356 1090 2295 1174; baseline -0.002 -16"><span class='ocrx_word' id='word_1_57' title='bbox 356 1090 776 1168; x_wconf 75' lang='lat' dir='ltr'>Plutarchus,</span> <span class='ocrx_word' id='word_1_58' title='bbox 822 1090 1086 1174; x_wconf 88' lang='lat' dir='ltr'><strong>publico</strong></span> <span class='ocrx_word' id='word_1_59' title='bbox 1129 1092 1340 1158; x_wconf 91' lang='lat' dir='ltr'><strong>edicto</strong></span> <span class='ocrx_word' id='word_1_60' title='bbox 1380 1092 1663 1157; x_wconf 90' lang='lat' dir='ltr'><strong>vetitum</strong></span> <span class='ocrx_word' id='word_1_61' title='bbox 1707 1099 1835 1170; x_wconf 91' lang='lat' dir='ltr'><strong>est,</strong></span> <span class='ocrx_word' id='word_1_62' title='bbox 1890 1111 1976 1156; x_wconf 94' lang='lat' dir='ltr'><strong>ne</strong></span> <span class='ocrx_word' id='word_1_63' title='bbox 2019 1092 2165 1174; x_wconf 91' lang='lat' dir='ltr'><strong>quis</strong></span> <span class='ocrx_word' id='word_1_64' title='bbox 2210 1112 2295 1156; x_wconf 89' lang='lat' dir='ltr'><strong>ex</strong></span> 
     </span>
     <span class='ocr_line' id='line_1_11' title="bbox 356 1176 2292 1260; baseline -0.001 -17"><span class='ocrx_word' id='word_1_65' title='bbox 356 1178 780 1243; x_wconf 76' lang='lat' dir='ltr'><strong>Antoniorum</strong></span> <span class='ocrx_word' id='word_1_66' title='bbox 830 1176 1077 1241; x_wconf 85' lang='lat' dir='ltr'><strong>familia</strong></span> <span class='ocrx_word' id='word_1_67' title='bbox 1118 1178 1387 1244; x_wconf 89' lang='lat' dir='ltr'><strong>Marcus</strong></span> <span class='ocrx_word' id='word_1_68' title='bbox 1441 1176 1899 1260; x_wconf 78' lang='lat' dir='ltr'><strong>appellaretur.</strong></span> <span class='ocrx_word' id='word_1_69' title='bbox 1987 1176 2094 1241; x_wconf 88' lang='lat' dir='ltr'><strong>Ita</strong></span> <span class='ocrx_word' id='word_1_70' title='bbox 2148 1176 2292 1242; x_wconf 90' lang='lat' dir='ltr'><strong>nul-</strong></span> 
     </span>
     <span class='ocr_line' id='line_1_12' title="bbox 354 1262 2293 1363; baseline 0 -35"><span class='ocrx_word' id='word_1_71' title='bbox 354 1263 466 1362; x_wconf 42' lang='lat' dir='ltr'><strong>lus·</strong></span> <span class='ocrx_word' id='word_1_72' title='bbox 492 1263 711 1362; x_wconf 71' lang='lat' dir='ltr'><strong>potuit</strong></span> <span class='ocrx_word' id='word_1_73' title='bbox 752 1282 895 1359; x_wconf 81' lang='lat' dir='ltr'><strong>esse</strong></span> <span class='ocrx_word' id='word_1_74' title='bbox 937 1262 1005 1327; x_wconf 92' lang='lat' dir='ltr'><strong>id</strong></span> <span class='ocrx_word' id='word_1_75' title='bbox 1050 1265 1359 1363; x_wconf 76' lang='lat' dir='ltr'><strong>temporis</strong></span> <span class='ocrx_word' id='word_1_76' title='bbox 1417 1264 1510 1329; x_wconf 95' lang='lat' dir='ltr'><strong>M.</strong></span> <span class='ocrx_word' id='word_1_77' title='bbox 1558 1264 1918 1363; x_wconf 67' lang='lat' dir='ltr'><strong>Antonius,</strong></span> <span class='ocrx_word' id='word_1_78' title='bbox 1980 1263 2089 1362; x_wconf 81' lang='lat' dir='ltr'><strong>qui</strong></span> <span class='ocrx_word' id='word_1_79' title='bbox 2143 1283 2293 1345; x_wconf 88' lang='lat' dir='ltr'><strong>pro-</strong></span> 
     </span>
     <span class='ocr_line' id='line_1_13' title="bbox 354 1347 2296 1517; baseline -0.002 -17"><span class='ocrx_word' id='word_1_80' title='bbox 354 1347 1431 1517; x_wconf 54' lang='grc' dir='ltr'><strong>ἓῗιῖἒὲᾞέἑίῑιῗέἒῗῗηέἐέἓέἓὲ</strong></span> <span class='ocrx_word' id='word_1_81' title='bbox 1503 1347 2156 1501; x_wconf 52' lang='grc' dir='ltr'><strong>ἑζζὲἒζῃῖᾬῖωίί</strong></span> <span class='ocrx_word' id='word_1_82' title='bbox 2193 1355 2296 1498; x_wconf 51' lang='grc' dir='ltr'><strong>0ῗέ</strong></span> 
     </span>
     <span class='ocr_line' id='line_1_14' title="bbox 352 1519 2294 1605; baseline -0.002 -18"><span class='ocrx_word' id='word_1_83' title='bbox 352 1520 725 1605; x_wconf 87' lang='lat' dir='ltr'><strong>praesertim</strong></span> <span class='ocrx_word' id='word_1_84' title='bbox 767 1521 904 1585; x_wconf 90' lang='lat' dir='ltr'><strong>suis</strong></span> <span class='ocrx_word' id='word_1_85' title='bbox 950 1521 1354 1603; x_wconf 80' lang='lat' dir='ltr'>temporibus</span> <span class='ocrx_word' id='word_1_86' title='bbox 1398 1529 1615 1604; x_wconf 86' lang='lat' dir='ltr'><strong>gesta:</strong></span> <span class='ocrx_word' id='word_1_87' title='bbox 1661 1541 1788 1603; x_wconf 92' lang='lat' dir='ltr'><strong>quo</strong></span> <span class='ocrx_word' id='word_1_88' title='bbox 1830 1521 1910 1585; x_wconf 90' lang='lat' dir='ltr'><strong>fit</strong></span> <span class='ocrx_word' id='word_1_89' title='bbox 1949 1528 2023 1585; x_wconf 89' lang='lat' dir='ltr'><strong>ut</strong></span> <span class='ocrx_word' id='word_1_90' title='bbox 2066 1519 2294 1584; x_wconf 90' lang='lat' dir='ltr'><strong>malim</strong></span> 
     </span>
     <span class='ocr_line' id='line_1_15' title="bbox 352 1605 1399 1672; baseline -0.001 0"><span class='ocrx_word' id='word_1_91' title='bbox 352 1607 641 1672; x_wconf 85' lang='lat' dir='ltr'><strong>omittere</strong></span> <span class='ocrx_word' id='word_1_92' title='bbox 682 1626 920 1670; x_wconf 92' lang='lat' dir='ltr'><strong>nomen</strong></span> <span class='ocrx_word' id='word_1_93' title='bbox 964 1605 1057 1670; x_wconf 91' lang='lat' dir='ltr'><strong>M.</strong></span> <span class='ocrx_word' id='word_1_94' title='bbox 1105 1607 1399 1672; x_wconf 83' lang='lat' dir='ltr'><strong>Antonii.</strong></span> 
     </span>
    </p>

    <p class='ocr_par' dir='ltr' id='par_1_5' title="bbox 334 1688 2295 2130">
     <span class='ocr_line' id='line_1_16' title="bbox 513 1688 2290 1777; baseline -0.001 -21"><span class='ocrx_word' id='word_1_95' title='bbox 513 1692 686 1774; x_wconf 77' lang='lat' dir='ltr'><strong>Quid</strong></span> <span class='ocrx_word' id='word_1_96' title='bbox 750 1688 921 1777; x_wconf 70' lang='lat' dir='ltr'><strong>erqo]</strong></span> <span class='ocrx_word' id='word_1_97' title='bbox 988 1690 1435 1776; x_wconf 83' lang='lat' dir='ltr'><strong>Dialogismos</strong></span> <span class='ocrx_word' id='word_1_98' title='bbox 1450 1744 1465 1771; x_wconf 91' lang='lat'><strong>,</strong></span> <span class='ocrx_word' id='word_1_99' title='bbox 1533 1691 1801 1758; x_wconf 89' lang='lat' dir='ltr'><strong>schema</strong></span> <span class='ocrx_word' id='word_1_100' title='bbox 1865 1692 2290 1769; x_wconf 88' lang='lat' dir='ltr'><strong>rhetoricum,</strong></span> 
     </span>
     <span class='ocr_line' id='line_1_17' title="bbox 334 1775 2295 1865; baseline -0.001 -23"><span class='ocrx_word' id='word_1_101' title='bbox 334 1798 533 1861; x_wconf 69' lang='lat' dir='ltr'><strong>quum</strong></span> <span class='ocrx_word' id='word_1_102' title='bbox 596 1778 743 1860; x_wconf 91' lang='lat' dir='ltr'><strong>quis</strong></span> <span class='ocrx_word' id='word_1_103' title='bbox 797 1796 1020 1842; x_wconf 90' lang='lat' dir='ltr'><strong>secum</strong></span> <span class='ocrx_word' id='word_1_104' title='bbox 1076 1777 1364 1865; x_wconf 86' lang='lat' dir='ltr'><strong>disputat</strong></span> <span class='ocrx_word' id='word_1_105' title='bbox 1417 1786 1486 1843; x_wconf 91' lang='lat' dir='ltr'><strong>et</strong></span> <span class='ocrx_word' id='word_1_106' title='bbox 1537 1777 1874 1843; x_wconf 77' lang='lat' dir='ltr'><strong>deliberat.</strong></span> <span class='ocrx_word' id='word_1_107' title='bbox 1964 1775 2295 1843; x_wconf 89' lang='lat' dir='ltr'><strong>Observat</strong></span> 
     </span>
     <span class='ocr_line' id='line_1_18' title="bbox 347 1860 2294 1948; baseline -0.002 -19"><span class='ocrx_word' id='word_1_108' title='bbox 347 1865 613 1929; x_wconf 85' lang='lat' dir='ltr'><strong>formam</strong></span> <span class='ocrx_word' id='word_1_109' title='bbox 670 1872 739 1927; x_wconf 89' lang='lat' dir='ltr'><strong>et</strong></span> <span class='ocrx_word' id='word_1_110' title='bbox 792 1861 1103 1928; x_wconf 86' lang='lat' dir='ltr'><strong>decorum</strong></span> <span class='ocrx_word' id='word_1_111' title='bbox 1159 1865 1474 1930; x_wconf 84' lang='lat' dir='ltr'><strong>orationis</strong></span> <span class='ocrx_word' id='word_1_112' title='bbox 1531 1863 1901 1948; x_wconf 88' lang='lat' dir='ltr'><strong>patheticae</strong></span> <span class='ocrx_word' id='word_1_113' title='bbox 1915 1914 1932 1942; x_wconf 93' lang='lat'><strong>,</strong></span> <span class='ocrx_word' id='word_1_114' title='bbox 1989 1882 2155 1946; x_wconf 87' lang='lat' dir='ltr'><strong>qnae</strong></span> <span class='ocrx_word' id='word_1_115' title='bbox 2211 1860 2294 1927; x_wconf 88' lang='lat' dir='ltr'><strong>ab</strong></span> 
     </span>
     <span class='ocr_line' id='line_1_19' title="bbox 349 1948 2293 2033; baseline -0.001 -19"><span class='ocrx_word' id='word_1_116' title='bbox 349 1948 481 2014; x_wconf 92' lang='lat' dir='ltr'><strong>odio</strong></span> <span class='ocrx_word' id='word_1_117' title='bbox 523 1959 600 2012; x_wconf 88' lang='lat' dir='ltr'><strong>et</strong></span> <span class='ocrx_word' id='word_1_118' title='bbox 641 1948 1097 2032; x_wconf 75' lang='lat' dir='ltr'><strong>indignatione</strong></span> <span class='ocrx_word' id='word_1_119' title='bbox 1147 1951 1600 2033; x_wconf 86' lang='lat' dir='ltr'><strong>proficiscitur,</strong></span> <span class='ocrx_word' id='word_1_120' title='bbox 1645 1949 1808 2014; x_wconf 88' lang='lat' dir='ltr'><strong>abru</strong></span> <span class='ocrx_word' id='word_1_121' title='bbox 1854 1957 2001 2014; x_wconf 89' lang='lat' dir='ltr'><strong>tum</strong></span> <span class='ocrx_word' id='word_1_122' title='bbox 2043 1948 2293 2015; x_wconf 86' lang='lat' dir='ltr'><strong>habens</strong></span> 
     </span>
     <span class='ocr_line' id='line_1_20' title="bbox 344 1971 2293 2130; baseline -0.001 -30"><span class='ocrx_word' id='word_1_123' title='bbox 344 2034 627 2100; x_wconf 85' lang='lat' dir='ltr'><strong>initium:</strong></span> <span class='ocrx_word' id='word_1_124' title='bbox 687 2043 762 2099; x_wconf 91' lang='lat' dir='ltr'><strong>ut</strong></span> <span class='ocrx_word' id='word_1_125' title='bbox 819 2034 913 2099; x_wconf 90' lang='lat' dir='ltr'><strong>ait</strong></span> <span class='ocrx_word' id='word_1_126' title='bbox 965 2035 1357 2102; x_wconf 78' lang='lat' dir='ltr'><strong>Macrobius.</strong></span> <span class='ocrx_word' id='word_1_127' title='bbox 1424 2036 1617 2130; x_wconf 61' lang='lat' dir='ltr'><strong>xIuno</strong></span> <span class='ocrx_word' id='word_1_128' title='bbox 1673 1971 1852 2119; x_wconf 55' lang='lat' dir='ltr'><strong>apug</strong></span> <span class='ocrx_word' id='word_1_129' title='bbox 1888 2033 2293 2119; x_wconf 81' lang='lat' dir='ltr'><strong>Vergilium:</strong></span> 
     </span>
    </p>
   </div>
   <div class='ocr_carea' id='block_1_4' title="bbox 533 2137 1995 2275">
    <p class='ocr_par' dir='ltr' id='par_1_6' title="bbox 533 2137 1995 2275">
     <span class='ocr_line' id='line_1_21' title="bbox 888 2137 1873 2206; baseline 0 -16"><span class='ocrx_word' id='word_1_130' title='bbox 888 2137 1045 2192; x_wconf 81' lang='lat' dir='ltr'><strong>Mene</strong></span> <span class='ocrx_word' id='word_1_131' title='bbox 1081 2140 1297 2206; x_wconf 84' lang='lat' dir='ltr'><strong>incepto</strong></span> <span class='ocrx_word' id='word_1_132' title='bbox 1336 2138 1598 2193; x_wconf 75' lang='lat' dir='ltr'><strong>desistere</strong></span> <span class='ocrx_word' id='word_1_133' title='bbox 1635 2138 1873 2192; x_wconf 77' lang='lat' dir='ltr'><strong>victam?</strong></span> 
     </span>
     <span class='ocr_line' id='line_1_22' title="bbox 533 2204 1995 2275; baseline -0.001 -16"><span class='ocrx_word' id='word_1_134' title='bbox 533 2204 657 2260; x_wconf 82' lang='lat' dir='ltr'><strong>Nec</strong></span> <span class='ocrx_word' id='word_1_135' title='bbox 694 2221 857 2275; x_wconf 89' lang='lat' dir='ltr'><strong>posse</strong></span> <span class='ocrx_word' id='word_1_136' title='bbox 892 2204 1052 2260; x_wconf 87' lang='lat' dir='ltr'><strong>ltalia</strong></span> <span class='ocrx_word' id='word_1_137' title='bbox 1089 2204 1421 2261; x_wconf 87' lang='lat' dir='ltr'><strong>Teucrorum</strong></span> <span class='ocrx_word' id='word_1_138' title='bbox 1458 2213 1705 2260; x_wconf 84' lang='lat' dir='ltr'><strong>avertere</strong></span> <span class='ocrx_word' id='word_1_139' title='bbox 1740 2206 1995 2275; x_wconf 77' lang='lat' dir='ltr'><strong>gentem?</strong></span> 
     </span>
    </p>
   </div>
   <div class='ocr_carea' id='block_1_5' title="bbox 307 2291 2294 5293">
    <p class='ocr_par' dir='ltr' id='par_1_7' title="bbox 346 2291 1865 2517">
     <span class='ocr_line' id='line_1_23' title="bbox 346 2291 1442 2375; baseline -0.002 -16"><span class='ocrx_word' id='word_1_140' title='bbox 346 2293 505 2359; x_wconf 82' lang='lat' dir='ltr'><strong>Aiax</strong></span> <span class='ocrx_word' id='word_1_141' title='bbox 544 2291 752 2357; x_wconf 81' lang='lat' dir='ltr'><strong>XIII.</strong></span> <span class='ocrx_word' id='word_1_142' title='bbox 788 2292 1442 2375; x_wconf 87' lang='lat' dir='ltr'><strong>Metamorphoseon:</strong></span> 
     </span>
     <span class='ocr_line' id='line_1_24' title="bbox 921 2394 1865 2517; baseline 0 -69"><span class='ocrx_word' id='word_1_143' title='bbox 921 2395 1143 2464; x_wconf 84' lang='lat' dir='ltr'><strong>Agimus</strong></span> <span class='ocrx_word' id='word_1_144' title='bbox 1176 2396 1317 2464; x_wconf 91' lang='lat' dir='ltr'><strong>proh</strong></span> <span class='ocrx_word' id='word_1_145' title='bbox 1349 2395 1611 2464; x_wconf 85' lang='lat' dir='ltr'><strong>Iuppiter,</strong></span> <span class='ocrx_word' id='word_1_146' title='bbox 1649 2394 1865 2517; x_wconf 67' lang='lat' dir='ltr'><strong>inquitb</strong></span> 
     </span>
    </p>

    <p class='ocr_par' dir='ltr' id='par_1_8' title="bbox 340 2462 2294 2800">
     <span class='ocr_line' id='line_1_25' title="bbox 502 2462 2088 2532; baseline -0.001 -15"><span class='ocrx_word' id='word_1_147' title='bbox 502 2464 652 2518; x_wconf 82' lang='lat' dir='ltr'><strong>Ante</strong></span> <span class='ocrx_word' id='word_1_148' title='bbox 688 2471 837 2519; x_wconf 85' lang='lat' dir='ltr'><strong>rates</strong></span> <span class='ocrx_word' id='word_1_149' title='bbox 876 2465 1133 2519; x_wconf 81' lang='lat' dir='ltr'><strong>causam?</strong></span> <span class='ocrx_word' id='word_1_150' title='bbox 1171 2471 1228 2518; x_wconf 85' lang='lat' dir='ltr'><strong>et</strong></span> <span class='ocrx_word' id='word_1_151' title='bbox 1261 2481 1471 2518; x_wconf 87' lang='lat' dir='ltr'><strong>mecum</strong></span> <span class='ocrx_word' id='word_1_152' title='bbox 1507 2462 1784 2518; x_wconf 79' lang='lat' dir='ltr'><strong>confertur</strong></span> <span class='ocrx_word' id='word_1_153' title='bbox 1869 2462 2088 2532; x_wconf 79' lang='lat' dir='ltr'><strong>lysses?</strong></span> 
     </span>
     <span class='ocr_line' id='line_1_26' title="bbox 343 2549 2294 2633; baseline -0.002 -17"><span class='ocrx_word' id='word_1_154' title='bbox 343 2550 559 2618; x_wconf 85' lang='lat' dir='ltr'><strong>Movet</strong></span> <span class='ocrx_word' id='word_1_155' title='bbox 606 2550 810 2615; x_wconf 89' lang='lat' dir='ltr'><strong>etiam</strong></span> <span class='ocrx_word' id='word_1_156' title='bbox 850 2549 1390 2633; x_wconf 77' lang='lat' dir='ltr'><strong>indignationem,</strong></span> <span class='ocrx_word' id='word_1_157' title='bbox 1437 2571 1639 2633; x_wconf 91' lang='lat' dir='ltr'><strong>quum</strong></span> <span class='ocrx_word' id='word_1_158' title='bbox 1677 2567 2130 2633; x_wconf 87' lang='lat' dir='ltr'><strong>percussorem</strong></span> <span class='ocrx_word' id='word_1_159' title='bbox 2177 2568 2294 2614; x_wconf 91' lang='lat' dir='ltr'><strong>vo-</strong></span> 
     </span>
     <span class='ocr_line' id='line_1_27' title="bbox 342 2630 2291 2719; baseline -0.001 -17"><span class='ocrx_word' id='word_1_160' title='bbox 342 2645 464 2715; x_wconf 83' lang='lat' dir='ltr'><strong>cat,</strong></span> <span class='ocrx_word' id='word_1_161' title='bbox 505 2636 697 2719; x_wconf 88' lang='lat' dir='ltr'><strong>quasi</strong></span> <span class='ocrx_word' id='word_1_162' title='bbox 739 2636 876 2701; x_wconf 91' lang='lat' dir='ltr'><strong>iam</strong></span> <span class='ocrx_word' id='word_1_163' title='bbox 998 2636 1394 2718; x_wconf 89' lang='lat' dir='ltr'><strong>rpetraverit</strong></span> <span class='ocrx_word' id='word_1_164' title='bbox 1432 2634 1603 2719; x_wconf 90' lang='lat' dir='ltr'><strong>quod</strong></span> <span class='ocrx_word' id='word_1_165' title='bbox 1659 2642 1995 2700; x_wconf 80' lang='lat' dir='ltr'><strong>statuerat.</strong></span> <span class='ocrx_word' id='word_1_166' title='bbox 2088 2630 2291 2700; x_wconf 81' lang='lat' dir='ltr'><strong>Secu-</strong></span> 
     </span>
     <span class='ocr_line' id='line_1_28' title="bbox 340 2722 1227 2800; baseline -0.002 -13"><span class='ocrx_word' id='word_1_167' title='bbox 340 2742 478 2787; x_wconf 91' lang='lat' dir='ltr'><strong>rum</strong></span> <span class='ocrx_word' id='word_1_168' title='bbox 519 2743 699 2800; x_wconf 91' lang='lat' dir='ltr'><strong>eum,</strong></span> <span class='ocrx_word' id='word_1_169' title='bbox 745 2742 816 2787; x_wconf 92' lang='lat' dir='ltr'><strong>se</strong></span> <span class='ocrx_word' id='word_1_170' title='bbox 857 2742 931 2786; x_wconf 91' lang='lat' dir='ltr'><strong>so</strong></span> <span class='ocrx_word' id='word_1_171' title='bbox 986 2722 1227 2787; x_wconf 61' lang='lat' dir='ltr'><strong>citum.</strong></span> 
     </span>
    </p>

    <p class='ocr_par' dir='ltr' id='par_1_9' title="bbox 337 2805 2292 3490">
     <span class='ocr_line' id='line_1_29' title="bbox 505 2805 2292 2890; baseline -0.001 -18"><span class='ocrx_word' id='word_1_172' title='bbox 505 2808 625 2872; x_wconf 75' lang='lat' dir='ltr'><strong>Tot</strong></span> <span class='ocrx_word' id='word_1_173' title='bbox 669 2806 956 2872; x_wconf 74' lang='lat' dir='ltr'><strong>civilibus</strong></span> <span class='ocrx_word' id='word_1_174' title='bbox 999 2807 1174 2873; x_wconf 72' lang='lat' dir='ltr'><strong>bellis</strong></span> <span class='ocrx_word' id='word_1_175' title='bbox 1258 2807 1450 2872; x_wconf 90' lang='lat' dir='ltr'><strong>Bella</strong></span> <span class='ocrx_word' id='word_1_176' title='bbox 1493 2805 1708 2873; x_wconf 90' lang='lat' dir='ltr'><strong>civilia</strong></span> <span class='ocrx_word' id='word_1_177' title='bbox 1751 2806 2041 2888; x_wconf 89' lang='lat' dir='ltr'><strong>quinque</strong></span> <span class='ocrx_word' id='word_1_178' title='bbox 2085 2806 2292 2890; x_wconf 84' lang='lat' dir='ltr'><strong>gessit</strong></span> 
     </span>
     <span class='ocr_line' id='line_1_30' title="bbox 338 2891 2286 2977; baseline -0.001 -20"><span class='ocrx_word' id='word_1_179' title='bbox 338 2893 683 2977; x_wconf 77' lang='lat' dir='ltr'><strong>Augustus</strong></span> <span class='ocrx_word' id='word_1_180' title='bbox 697 2945 711 2970; x_wconf 90' lang='lat'><strong>,</strong></span> <span class='ocrx_word' id='word_1_181' title='bbox 779 2892 1129 2975; x_wconf 90' lang='lat' dir='ltr'><strong>quemadm</strong></span> <span class='ocrx_word' id='word_1_182' title='bbox 1217 2914 1330 2957; x_wconf 92' lang='lat' dir='ltr'><strong>um</strong></span> <span class='ocrx_word' id='word_1_183' title='bbox 1396 2891 1822 2975; x_wconf 76' lang='lat' dir='ltr'><strong>Tranquillus</strong></span> <span class='ocrx_word' id='word_1_184' title='bbox 1890 2891 2286 2973; x_wconf 79' lang='lat' dir='ltr'><strong>exsequitur.</strong></span> 
     </span>
     <span class='ocr_line' id='line_1_31' title="bbox 338 2977 2287 3067; baseline -0.001 -22"><span class='ocrx_word' id='word_1_185' title='bbox 338 2977 638 3046; x_wconf 87' lang='lat' dir='ltr'><strong>Primum</strong></span> <span class='ocrx_word' id='word_1_186' title='bbox 679 2978 1087 3057; x_wconf 81' lang='lat' dir='ltr'><strong>Mutinense,</strong></span> <span class='ocrx_word' id='word_1_187' title='bbox 1133 2990 1360 3067; x_wconf 84' lang='lat' dir='ltr'><strong>contra</strong></span> <span class='ocrx_word' id='word_1_188' title='bbox 1400 2979 1493 3045; x_wconf 91' lang='lat' dir='ltr'><strong>M.</strong></span> <span class='ocrx_word' id='word_1_189' title='bbox 1539 2978 1939 3057; x_wconf 85' lang='lat' dir='ltr'><strong>Antonium,</strong></span> <span class='ocrx_word' id='word_1_190' title='bbox 2030 2998 2115 3042; x_wconf 93' lang='lat' dir='ltr'><strong>uo</strong></span> <span class='ocrx_word' id='word_1_191' title='bbox 2150 2977 2287 3043; x_wconf 92' lang='lat' dir='ltr'><strong>De-</strong></span> 
     </span>
     <span class='ocr_line' id='line_1_32' title="bbox 339 3062 2287 3149; baseline -0.002 -19"><span class='ocrx_word' id='word_1_192' title='bbox 339 3064 575 3130; x_wconf 86' lang='lat' dir='ltr'><strong>cimum</strong></span> <span class='ocrx_word' id='word_1_193' title='bbox 620 3065 911 3131; x_wconf 88' lang='lat' dir='ltr'><strong>Brutum</strong></span> <span class='ocrx_word' id='word_1_194' title='bbox 967 3065 1300 3132; x_wconf 88' lang='lat' dir='ltr'><strong>consulem</strong></span> <span class='ocrx_word' id='word_1_195' title='bbox 1355 3066 1773 3149; x_wconf 81' lang='lat' dir='ltr'><strong>designatum</strong></span> <span class='ocrx_word' id='word_1_196' title='bbox 1827 3062 1969 3129; x_wconf 90' lang='lat' dir='ltr'><strong>obsi</strong></span> <span class='ocrx_word' id='word_1_197' title='bbox 2019 3064 2164 3129; x_wconf 86' lang='lat' dir='ltr'><strong>‘one</strong></span> <span class='ocrx_word' id='word_1_198' title='bbox 2207 3063 2287 3127; x_wconf 89' lang='lat' dir='ltr'><strong>li-</strong></span> 
     </span>
     <span class='ocr_line' id='line_1_33' title="bbox 338 3147 2288 3235; baseline -0.002 -19"><span class='ocrx_word' id='word_1_199' title='bbox 338 3147 601 3219; x_wconf 82' lang='lat' dir='ltr'><strong>beravit.</strong></span> <span class='ocrx_word' id='word_1_200' title='bbox 694 3149 1077 3218; x_wconf 82' lang='lat' dir='ltr'><strong>Secundum</strong></span> <span class='ocrx_word' id='word_1_201' title='bbox 1118 3151 1544 3235; x_wconf 83' lang='lat' dir='ltr'><strong>Philippense</strong></span> <span class='ocrx_word' id='word_1_202' title='bbox 1560 3200 1575 3229; x_wconf 96' lang='lat'><strong>,</strong></span> <span class='ocrx_word' id='word_1_203' title='bbox 1633 3148 1951 3217; x_wconf 88' lang='lat' dir='ltr'><strong>adversus</strong></span> <span class='ocrx_word' id='word_1_204' title='bbox 1995 3149 2288 3214; x_wconf 87' lang='lat' dir='ltr'><strong>Brutum</strong></span> 
     </span>
     <span class='ocr_line' id='line_1_34' title="bbox 339 3233 2283 3320; baseline 0 -20"><span class='ocrx_word' id='word_1_205' title='bbox 339 3242 399 3300; x_wconf 89' lang='lat' dir='ltr'><strong>et</strong></span> <span class='ocrx_word' id='word_1_206' title='bbox 437 3236 746 3304; x_wconf 82' lang='lat' dir='ltr'><strong>Cassium</strong></span> <span class='ocrx_word' id='word_1_207' title='bbox 761 3288 776 3315; x_wconf 93' lang='lat'><strong>,</strong></span> <span class='ocrx_word' id='word_1_208' title='bbox 823 3256 951 3320; x_wconf 91' lang='lat' dir='ltr'><strong>quo</strong></span> <span class='ocrx_word' id='word_1_209' title='bbox 996 3236 1357 3303; x_wconf 78' lang='lat' dir='ltr'><strong>vindicavit</strong></span> <span class='ocrx_word' id='word_1_210' title='bbox 1396 3245 1678 3302; x_wconf 89' lang='lat' dir='ltr'><strong>mortem</strong></span> <span class='ocrx_word' id='word_1_211' title='bbox 1720 3236 1928 3319; x_wconf 84' lang='lat' dir='ltr'><strong>patris</strong></span> <span class='ocrx_word' id='word_1_212' title='bbox 1971 3233 2283 3317; x_wconf 84' lang='lat' dir='ltr'><strong>adoptivi,</strong></span> 
     </span>
     <span class='ocr_line' id='line_1_35' title="bbox 339 3319 2287 3407; baseline -0.001 -21"><span class='ocrx_word' id='word_1_213' title='bbox 339 3322 442 3388; x_wconf 89' lang='lat' dir='ltr'><strong>ubi</strong></span> <span class='ocrx_word' id='word_1_214' title='bbox 480 3324 672 3407; x_wconf 89' lang='lat' dir='ltr'><strong>prius</strong></span> <span class='ocrx_word' id='word_1_215' title='bbox 714 3323 894 3388; x_wconf 89' lang='lat' dir='ltr'><strong>inter</strong></span> <span class='ocrx_word' id='word_1_216' title='bbox 928 3324 1094 3388; x_wconf 92' lang='lat' dir='ltr'><strong>Pom</strong></span> <span class='ocrx_word' id='word_1_217' title='bbox 1178 3323 1316 3388; x_wconf 89' lang='lat' dir='ltr'><strong>ium</strong></span> <span class='ocrx_word' id='word_1_218' title='bbox 1352 3330 1419 3388; x_wconf 91' lang='lat' dir='ltr'><strong>et</strong></span> <span class='ocrx_word' id='word_1_219' title='bbox 1454 3321 1804 3388; x_wconf 79' lang='lat' dir='ltr'><strong>Gaesarem</strong></span> <span class='ocrx_word' id='word_1_220' title='bbox 1841 3319 1920 3385; x_wconf 89' lang='lat' dir='ltr'><strong>de</strong></span> <span class='ocrx_word' id='word_1_221' title='bbox 1965 3328 2287 3404; x_wconf 88' lang='lat' dir='ltr'><strong>ugnatum</strong></span> 
     </span>
     <span class='ocr_line' id='line_1_36' title="bbox 337 3341 2284 3490; baseline -0.001 -18"><span class='ocrx_word' id='word_1_222' title='bbox 337 3410 472 3488; x_wconf 73' lang='lat' dir='ltr'><strong>[pag.</strong></span> <span class='ocrx_word' id='word_1_223' title='bbox 511 3414 627 3490; x_wconf 82' lang='lat'><strong>64]</strong></span> <span class='ocrx_word' id='word_1_224' title='bbox 671 3410 900 3474; x_wconf 82' lang='lat' dir='ltr'><strong>fuerat.</strong></span> <span class='ocrx_word' id='word_1_225' title='bbox 960 3408 1073 3474; x_wconf 91' lang='lat' dir='ltr'><strong>Un</strong></span> <span class='ocrx_word' id='word_1_226' title='bbox 1117 3429 1156 3474; x_wconf 92' lang='lat' dir='ltr'><strong>e</strong></span> <span class='ocrx_word' id='word_1_227' title='bbox 1197 3409 1521 3475; x_wconf 89' lang='lat' dir='ltr'><strong>invidiose</strong></span> <span class='ocrx_word' id='word_1_228' title='bbox 1559 3408 1887 3473; x_wconf 88' lang='lat' dir='ltr'><strong>exclamat</strong></span> <span class='ocrx_word' id='word_1_229' title='bbox 1918 3341 2284 3490; x_wconf 48' lang='lat' dir='ltr'><strong>gargilius:</strong></span> 
     </span>
    </p>

    <p class='ocr_par' dir='ltr' id='par_1_10' title="bbox 566 3519 1837 3656">
     <span class='ocr_line' id='line_1_37' title="bbox 566 3519 1837 3656; baseline -0.002 -13"><span class='ocrx_word' id='word_1_230' title='bbox 566 3519 1837 3656; x_wconf 46' lang='lat' dir='ltr'><strong>fflffmffztzzffitssffffittssssfflzffss</strong></span> 
     </span>
    </p>

    <p class='ocr_par' dir='ltr' id='par_1_11' title="bbox 569 3656 2032 3727">
     <span class='ocr_line' id='line_1_38' title="bbox 569 3656 2032 3727; baseline -0.001 -16"><span class='ocrx_word' id='word_1_231' title='bbox 569 3656 687 3712; x_wconf 77' lang='lat' dir='ltr'><strong>Nec</strong></span> <span class='ocrx_word' id='word_1_232' title='bbox 722 3657 825 3712; x_wconf 77' lang='lat' dir='ltr'><strong>fuit</strong></span> <span class='ocrx_word' id='word_1_233' title='bbox 858 3656 1129 3727; x_wconf 82' lang='lat' dir='ltr'><strong>indignum</strong></span> <span class='ocrx_word' id='word_1_234' title='bbox 1164 3674 1227 3712; x_wconf 91' lang='lat' dir='ltr'><strong>su</strong></span> <span class='ocrx_word' id='word_1_235' title='bbox 1269 3658 1392 3726; x_wconf 76' lang='lat' dir='ltr'><strong>eriS,</strong></span> <span class='ocrx_word' id='word_1_236' title='bbox 1426 3657 1509 3711; x_wconf 89' lang='lat' dir='ltr'><strong>bis</strong></span> <span class='ocrx_word' id='word_1_237' title='bbox 1547 3656 1807 3725; x_wconf 85' lang='lat' dir='ltr'><strong>sanguine</strong></span> <span class='ocrx_word' id='word_1_238' title='bbox 1843 3662 2032 3710; x_wconf 84' lang='lat' dir='ltr'><strong>nostro</strong></span> 
     </span>
    </p>

    <p class='ocr_par' dir='ltr' id='par_1_12' title="bbox 325 3674 2284 4246">
     <span class='ocr_line' id='line_1_39' title="bbox 570 3674 2073 3794; baseline -0.003 -14"><span class='ocrx_word' id='word_1_239' title='bbox 570 3725 911 3780; x_wconf 84' lang='lat' dir='ltr'><strong>Aemathiam</strong></span> <span class='ocrx_word' id='word_1_240' title='bbox 949 3733 1006 3779; x_wconf 86' lang='lat' dir='ltr'><strong>et</strong></span> <span class='ocrx_word' id='word_1_241' title='bbox 1040 3724 1183 3780; x_wconf 75' lang='lat' dir='ltr'><strong>latos</strong></span> <span class='ocrx_word' id='word_1_242' title='bbox 1219 3674 1411 3780; x_wconf 63' lang='lat' dir='ltr'><strong>flaemi</strong></span> <span class='ocrx_word' id='word_1_243' title='bbox 1446 3726 1798 3794; x_wconf 85' lang='lat' dir='ltr'><strong>pinguescere</strong></span> <span class='ocrx_word' id='word_1_244' title='bbox 1836 3739 2073 3792; x_wconf 87' lang='lat' dir='ltr'><strong>campos.</strong></span> 
     </span>
     <span class='ocr_line' id='line_1_40' title="bbox 328 3817 2282 3900; baseline 0 -17"><span class='ocrx_word' id='word_1_245' title='bbox 328 3817 761 3900; x_wconf 87' lang='lat' dir='ltr'><strong>Perusinum,</strong></span> <span class='ocrx_word' id='word_1_246' title='bbox 820 3819 1137 3887; x_wconf 88' lang='lat' dir='ltr'><strong>adversus</strong></span> <span class='ocrx_word' id='word_1_247' title='bbox 1179 3821 1259 3885; x_wconf 87' lang='lat' dir='ltr'><strong>L.</strong></span> <span class='ocrx_word' id='word_1_248' title='bbox 1305 3819 1700 3897; x_wconf 89' lang='lat' dir='ltr'><strong>Antonium,</strong></span> <span class='ocrx_word' id='word_1_249' title='bbox 1758 3818 2093 3886; x_wconf 85' lang='lat' dir='ltr'><strong>triumviri</strong></span> <span class='ocrx_word' id='word_1_250' title='bbox 2149 3818 2282 3883; x_wconf 76' lang='lat' dir='ltr'><strong>fra·</strong></span> 
     </span>
     <span class='ocr_line' id='line_1_41' title="bbox 331 3902 2282 3989; baseline -0.001 -19"><span class='ocrx_word' id='word_1_251' title='bbox 331 3910 512 3970; x_wconf 85' lang='lat' dir='ltr'><strong>trem.</strong></span> <span class='ocrx_word' id='word_1_252' title='bbox 577 3905 913 3988; x_wconf 79' lang='lat' dir='ltr'><strong>Quartum</strong></span> <span class='ocrx_word' id='word_1_253' title='bbox 951 3904 1268 3984; x_wconf 83' lang='lat' dir='ltr'><strong>Siculum,</strong></span> <span class='ocrx_word' id='word_1_254' title='bbox 1305 3912 1536 3972; x_wconf 89' lang='lat' dir='ltr'><strong>contra</strong></span> <span class='ocrx_word' id='word_1_255' title='bbox 1571 3902 1854 3970; x_wconf 83' lang='lat' dir='ltr'><strong>Sextum</strong></span> <span class='ocrx_word' id='word_1_256' title='bbox 1888 3904 2282 3989; x_wconf 90' lang='lat' dir='ltr'><strong>Pompeium</strong></span> 
     </span>
     <span class='ocr_line' id='line_1_42' title="bbox 328 3989 2284 4073; baseline -0.001 -17"><span class='ocrx_word' id='word_1_257' title='bbox 328 3989 669 4073; x_wconf 75' lang='lat' dir='ltr'><strong>piraticam</strong></span> <span class='ocrx_word' id='word_1_258' title='bbox 723 3999 1154 4057; x_wconf 83' lang='lat' dir='ltr'><strong>exercentem.</strong></span> <span class='ocrx_word' id='word_1_259' title='bbox 1245 3989 1574 4072; x_wconf 77' lang='lat' dir='ltr'><strong>Quintum</strong></span> <span class='ocrx_word' id='word_1_260' title='bbox 1617 3991 1964 4056; x_wconf 88' lang='lat' dir='ltr'><strong>Actiacum</strong></span> <span class='ocrx_word' id='word_1_261' title='bbox 1982 4041 1998 4070; x_wconf 89' lang='lat'><strong>,</strong></span> <span class='ocrx_word' id='word_1_262' title='bbox 2052 3997 2284 4057; x_wconf 89' lang='lat' dir='ltr'><strong>contra</strong></span> 
     </span>
     <span class='ocr_line' id='line_1_43' title="bbox 328 4074 2284 4162; baseline -0.001 -22"><span class='ocrx_word' id='word_1_263' title='bbox 328 4075 696 4143; x_wconf 84' lang='lat' dir='ltr'><strong>Antonium</strong></span> <span class='ocrx_word' id='word_1_264' title='bbox 752 4084 820 4142; x_wconf 92' lang='lat' dir='ltr'><strong>et</strong></span> <span class='ocrx_word' id='word_1_265' title='bbox 859 4076 1293 4162; x_wconf 80' lang='lat' dir='ltr'><strong>Cleopatram.</strong></span> <span class='ocrx_word' id='word_1_266' title='bbox 1382 4076 1570 4143; x_wconf 87' lang='lat' dir='ltr'><strong>Haec</strong></span> <span class='ocrx_word' id='word_1_267' title='bbox 1614 4074 1894 4142; x_wconf 90' lang='lat' dir='ltr'><strong>Ovidius</strong></span> <span class='ocrx_word' id='word_1_268' title='bbox 1952 4076 2284 4144; x_wconf 74' lang='lat' dir='ltr'><strong>recensuit</strong></span> 
     </span>
     <span class='ocr_line' id='line_1_44' title="bbox 325 4158 1332 4246; baseline 0.003 -21"><span class='ocrx_word' id='word_1_269' title='bbox 325 4158 429 4227; x_wconf 90' lang='lat' dir='ltr'><strong>lib.</strong></span> <span class='ocrx_word' id='word_1_270' title='bbox 470 4162 632 4229; x_wconf 78' lang='lat' dir='ltr'><strong>XV.</strong></span> <span class='ocrx_word' id='word_1_271' title='bbox 679 4163 1332 4246; x_wconf 87' lang='lat' dir='ltr'><strong>Metamorphoseon:</strong></span> 
     </span>
    </p>

    <p class='ocr_par' dir='ltr' id='par_1_13' title="bbox 524 4274 1741 4344">
     <span class='ocr_line' id='line_1_45' title="bbox 524 4274 1741 4344; baseline -0.002 -15"><span class='ocrx_word' id='word_1_272' title='bbox 524 4274 680 4330; x_wconf 88' lang='lat' dir='ltr'><strong>Illius</strong></span> <span class='ocrx_word' id='word_1_273' title='bbox 717 4276 971 4344; x_wconf 83' lang='lat' dir='ltr'><strong>auspiciis</strong></span> <span class='ocrx_word' id='word_1_274' title='bbox 1010 4275 1268 4329; x_wconf 83' lang='lat' dir='ltr'><strong>obsessae</strong></span> <span class='ocrx_word' id='word_1_275' title='bbox 1303 4275 1517 4328; x_wconf 89' lang='lat' dir='ltr'><strong>moenia</strong></span> <span class='ocrx_word' id='word_1_276' title='bbox 1549 4289 1741 4344; x_wconf 84' lang='lat' dir='ltr'><strong>pacem</strong></span> 
     </span>
    </p>

    <p class='ocr_par' dir='ltr' id='par_1_14' title="bbox 525 4341 1966 4412">
     <span class='ocr_line' id='line_1_46' title="bbox 525 4341 1966 4412; baseline -0.001 -15"><span class='ocrx_word' id='word_1_277' title='bbox 525 4343 691 4399; x_wconf 83' lang='lat' dir='ltr'><strong>Victa</strong></span> <span class='ocrx_word' id='word_1_278' title='bbox 764 4350 917 4398; x_wconf 88' lang='lat' dir='ltr'><strong>etent</strong></span> <span class='ocrx_word' id='word_1_279' title='bbox 952 4344 1210 4412; x_wconf 85' lang='lat' dir='ltr'><strong>Mutinae,</strong></span> <span class='ocrx_word' id='word_1_280' title='bbox 1246 4341 1530 4396; x_wconf 81' lang='lat' dir='ltr'><strong>Pharsalia</strong></span> <span class='ocrx_word' id='word_1_281' title='bbox 1566 4343 1766 4396; x_wconf 86' lang='lat' dir='ltr'><strong>sentiet</strong></span> <span class='ocrx_word' id='word_1_282' title='bbox 1798 4341 1966 4410; x_wconf 87' lang='lat' dir='ltr'><strong>illum,</strong></span> 
     </span>
    </p>

    <p class='ocr_par' dir='ltr' id='par_1_15' title="bbox 526 4410 2034 4480">
     <span class='ocr_line' id='line_1_47' title="bbox 526 4410 2034 4480; baseline -0.001 -15"><span class='ocrx_word' id='word_1_283' title='bbox 526 4412 702 4467; x_wconf 83' lang='lat' dir='ltr'><strong>Aema</strong></span> <span class='ocrx_word' id='word_1_284' title='bbox 768 4412 907 4480; x_wconf 81' lang='lat' dir='ltr'><strong>’ique</strong></span> <span class='ocrx_word' id='word_1_285' title='bbox 943 4413 1136 4466; x_wconf 85' lang='lat' dir='ltr'><strong>iterum</strong></span> <span class='ocrx_word' id='word_1_286' title='bbox 1171 4410 1544 4465; x_wconf 84' lang='lat' dir='ltr'><strong>remadescent</strong></span> <span class='ocrx_word' id='word_1_287' title='bbox 1580 4410 1746 4465; x_wconf 86' lang='lat' dir='ltr'><strong>caede</strong></span> <span class='ocrx_word' id='word_1_288' title='bbox 1781 4410 2034 4480; x_wconf 79' lang='lat' dir='ltr'><strong>Philippi,</strong></span> 
     </span>
    </p>

    <p class='ocr_par' dir='ltr' id='par_1_16' title="bbox 524 4478 1931 4605">
     <span class='ocr_line' id='line_1_48' title="bbox 524 4478 1931 4605; baseline -0.002 -1"><span class='ocrx_word' id='word_1_289' title='bbox 524 4480 888 4604; x_wconf 46' lang='lat' dir='ltr'><strong>{isat-{¹¹3</strong></span> <span class='ocrx_word' id='word_1_290' title='bbox 899 4480 1343 4605; x_wconf 51' lang='lat' dir='ltr'><strong>affssifissoffiffl</strong></span> <span class='ocrx_word' id='word_1_291' title='bbox 1357 4478 1931 4602; x_wconf 50' lang='lat' dir='ltr'><strong>isspe‘tff‘ffieiissss‘</strong></span> 
     </span>
    </p>

    <p class='ocr_par' dir='ltr' id='par_1_17' title="bbox 307 4564 2279 5293">
     <span class='ocr_line' id='line_1_49' title="bbox 1003 4567 1022 4602; baseline 0 0"><span class='ocrx_word' id='word_1_292' title='bbox 1003 4567 1022 4602; x_wconf 86' lang='lat'>1</span> 
     </span>
     <span class='ocr_line' id='line_1_50' title="bbox 524 4564 2052 4685; baseline -0.002 -13"><span class='ocrx_word' id='word_1_293' title='bbox 524 4617 653 4672; x_wconf 78' lang='lat' dir='ltr'><strong>Non</strong></span> <span class='ocrx_word' id='word_1_294' title='bbox 687 4566 827 4673; x_wconf 52' lang='lat' dir='ltr'><strong>besse</strong></span> <span class='ocrx_word' id='word_1_295' title='bbox 863 4616 975 4673; x_wconf 84' lang='lat' dir='ltr'><strong>fixa</strong></span> <span class='ocrx_word' id='word_1_296' title='bbox 1011 4617 1144 4673; x_wconf 86' lang='lat' dir='ltr'><strong>cade</strong></span> <span class='ocrx_word' id='word_1_297' title='bbox 1222 4564 1546 4685; x_wconf 64' lang='lat' dir='ltr'><strong>nunnaqguici’</strong></span> <span class='ocrx_word' id='word_1_298' title='bbox 1567 4618 1671 4671; x_wconf 88' lang='lat' dir='ltr'><strong>erit</strong></span> <span class='ocrx_word' id='word_1_299' title='bbox 1703 4616 1800 4670; x_wconf 88' lang='lat' dir='ltr'><strong>illa</strong></span> <span class='ocrx_word' id='word_1_300' title='bbox 1832 4616 2052 4685; x_wconf 82' lang='lat' dir='ltr'><strong>minata,</strong></span> 
     </span>
     <span class='ocr_line' id='line_1_51' title="bbox 524 4684 1741 4756; baseline -0.003 -14"><span class='ocrx_word' id='word_1_301' title='bbox 524 4686 805 4742; x_wconf 85' lang='lat' dir='ltr'><strong>Servitura</strong></span> <span class='ocrx_word' id='word_1_302' title='bbox 841 4702 940 4742; x_wconf 90' lang='lat' dir='ltr'><strong>suo</strong></span> <span class='ocrx_word' id='word_1_303' title='bbox 978 4686 1168 4756; x_wconf 86' lang='lat' dir='ltr'><strong>Capito</strong></span> <span class='ocrx_word' id='word_1_304' title='bbox 1195 4687 1245 4739; x_wconf 87' lang='lat' dir='ltr'><strong>&#39;a</strong></span> <span class='ocrx_word' id='word_1_305' title='bbox 1278 4692 1469 4741; x_wconf 85' lang='lat' dir='ltr'><strong>nostra</strong></span> <span class='ocrx_word' id='word_1_306' title='bbox 1503 4684 1741 4754; x_wconf 85' lang='lat' dir='ltr'><strong>Canopo.</strong></span> 
     </span>
     <span class='ocr_line' id='line_1_52' title="bbox 316 4776 2275 4864; baseline 0.001 -20"><span class='ocrx_word' id='word_1_307' title='bbox 316 4776 421 4844; x_wconf 82' lang='lat' dir='ltr'><strong>Ex</strong></span> <span class='ocrx_word' id='word_1_308' title='bbox 475 4780 589 4847; x_wconf 90' lang='lat' dir='ltr'><strong>his</strong></span> <span class='ocrx_word' id='word_1_309' title='bbox 639 4779 964 4864; x_wconf 85' lang='lat' dir='ltr'><strong>quaedam</strong></span> <span class='ocrx_word' id='word_1_310' title='bbox 1017 4780 1345 4864; x_wconf 87' lang='lat' dir='ltr'><strong>pedestria</strong></span> <span class='ocrx_word' id='word_1_311' title='bbox 1398 4779 1717 4846; x_wconf 78' lang='lat' dir='ltr'><strong>fueruntz.</strong></span> <span class='ocrx_word' id='word_1_312' title='bbox 1754 4791 1829 4844; x_wconf 86' lang='lat' dir='ltr'><strong>ut</strong></span> <span class='ocrx_word' id='word_1_313' title='bbox 1870 4780 2275 4860; x_wconf 81' lang='lat' dir='ltr'><strong>Mutinense,</strong></span> 
     </span>
     <span class='ocr_line' id='line_1_53' title="bbox 313 4860 2274 4949; baseline 0.001 -20"><span class='ocrx_word' id='word_1_314' title='bbox 313 4860 738 4944; x_wconf 86' lang='lat' dir='ltr'><strong>Perusinum,</strong></span> <span class='ocrx_word' id='word_1_315' title='bbox 782 4865 1237 4949; x_wconf 87' lang='lat' dir='ltr'><strong>Philippense:</strong></span> <span class='ocrx_word' id='word_1_316' title='bbox 1285 4865 1538 4947; x_wconf 90' lang='lat' dir='ltr'><strong>reliqua</strong></span> <span class='ocrx_word' id='word_1_317' title='bbox 1580 4864 1709 4931; x_wconf 90' lang='lat' dir='ltr'><strong>duo</strong></span> <span class='ocrx_word' id='word_1_318' title='bbox 1751 4865 2035 4946; x_wconf 91' lang='lat' dir='ltr'><strong>navalia,</strong></span> <span class='ocrx_word' id='word_1_319' title='bbox 2083 4862 2274 4931; x_wconf 80' lang='lat' dir='ltr'><strong>Sicu-</strong></span> 
     </span>
     <span class='ocr_line' id='line_1_54' title="bbox 309 4947 2279 5031; baseline 0.003 -20"><span class='ocrx_word' id='word_1_320' title='bbox 309 4947 446 5015; x_wconf 90' lang='lat' dir='ltr'><strong>lum</strong></span> <span class='ocrx_word' id='word_1_321' title='bbox 489 4959 565 5017; x_wconf 88' lang='lat' dir='ltr'><strong>et</strong></span> <span class='ocrx_word' id='word_1_322' title='bbox 602 4953 967 5019; x_wconf 87' lang='lat' dir='ltr'><strong>Actiacum.</strong></span> <span class='ocrx_word' id='word_1_323' title='bbox 1047 4952 1113 5016; x_wconf 93' lang='lat' dir='ltr'>N</span> <span class='ocrx_word' id='word_1_324' title='bbox 1112 4972 1187 5018; x_wconf 90' lang='lat' dir='ltr'><strong>ec</strong></span> <span class='ocrx_word' id='word_1_325' title='bbox 1229 4952 1583 5018; x_wconf 78' lang='lat' dir='ltr'><strong>defuerunt</strong></span> <span class='ocrx_word' id='word_1_326' title='bbox 1625 4959 1904 5017; x_wconf 84' lang='lat' dir='ltr'><strong>externa</strong></span> <span class='ocrx_word' id='word_1_327' title='bbox 1942 4950 2144 5031; x_wconf 90' lang='lat' dir='ltr'><strong>bella,</strong></span> <span class='ocrx_word' id='word_1_328' title='bbox 2203 4960 2279 5016; x_wconf 92' lang='lat' dir='ltr'><strong>ut</strong></span> 
     </span>
     <span class='ocr_line' id='line_1_55' title="bbox 309 5029 2278 5121; baseline 0.003 -24"><span class='ocrx_word' id='word_1_329' title='bbox 309 5029 765 5105; x_wconf 85' lang='lat' dir='ltr'><strong>Dalmaticum</strong></span> <span class='ocrx_word' id='word_1_330' title='bbox 833 5046 901 5104; x_wconf 91' lang='lat' dir='ltr'><strong>et</strong></span> <span class='ocrx_word' id='word_1_331' title='bbox 965 5034 1447 5105; x_wconf 71' lang='lat' dir='ltr'><strong>Cantabricum.</strong></span> <span class='ocrx_word' id='word_1_332' title='bbox 1537 5035 1733 5119; x_wconf 77' lang='lat' dir='ltr'><strong>Quod</strong></span> <span class='ocrx_word' id='word_1_333' title='bbox 1799 5059 1919 5103; x_wconf 91' lang='lat' dir='ltr'><strong>sua</strong></span> <span class='ocrx_word' id='word_1_334' title='bbox 1985 5036 2278 5121; x_wconf 88' lang='lat' dir='ltr'><strong>pericula</strong></span> 
     </span>
     <span class='ocr_line' id='line_1_56' title="bbox 308 5123 2277 5209; baseline 0.002 -24"><span class='ocrx_word' id='word_1_335' title='bbox 308 5132 781 5190; x_wconf 82' lang='lat' dir='ltr'><strong>commemorat</strong></span> <span class='ocrx_word' id='word_1_336' title='bbox 812 5126 1177 5209; x_wconf 84' lang='lat' dir='ltr'><strong>Augustus,</strong></span> <span class='ocrx_word' id='word_1_337' title='bbox 1224 5124 1401 5189; x_wconf 90' lang='lat' dir='ltr'><strong>hunc</strong></span> <span class='ocrx_word' id='word_1_338' title='bbox 1442 5123 1644 5191; x_wconf 88' lang='lat' dir='ltr'><strong>habet</strong></span> <span class='ocrx_word' id='word_1_339' title='bbox 1678 5143 1979 5190; x_wconf 88' lang='lat' dir='ltr'><strong>sensum:</strong></span> <span class='ocrx_word' id='word_1_340' title='bbox 2028 5125 2142 5207; x_wconf 90' lang='lat' dir='ltr'><strong>qui</strong></span> <span class='ocrx_word' id='word_1_341' title='bbox 2177 5132 2277 5191; x_wconf 90' lang='lat' dir='ltr'><strong>tot</strong></span> 
     </span>
     <span class='ocr_line' id='line_1_57' title="bbox 307 5201 2271 5293; baseline 0.003 -22"><span class='ocrx_word' id='word_1_342' title='bbox 307 5201 633 5275; x_wconf 86' lang='lat' dir='ltr'><strong>bellorum</strong></span> <span class='ocrx_word' id='word_1_343' title='bbox 676 5210 974 5293; x_wconf 87' lang='lat' dir='ltr'><strong>pericula</strong></span> <span class='ocrx_word' id='word_1_344' title='bbox 1015 5211 1252 5291; x_wconf 89' lang='lat' dir='ltr'><strong>evasit,</strong></span> <span class='ocrx_word' id='word_1_345' title='bbox 1307 5229 1507 5292; x_wconf 91' lang='lat' dir='ltr'><strong>quem</strong></span> <span class='ocrx_word' id='word_1_346' title='bbox 1563 5211 1830 5275; x_wconf 84' lang='lat' dir='ltr'><strong>fortuna</strong></span> <span class='ocrx_word' id='word_1_347' title='bbox 1884 5217 1981 5274; x_wconf 91' lang='lat' dir='ltr'><strong>tot</strong></span> <span class='ocrx_word' id='word_1_348' title='bbox 2043 5208 2271 5278; x_wconf 88' lang='lat' dir='ltr'><strong>discri—</strong></span> 
     </span>
    </p>
   </div>
   <div class='ocr_carea' id='block_1_6' title="bbox 2329 524 2361 5295">
    <p class='ocr_par' dir='ltr' id='par_1_18' title="bbox 2329 524 2361 5295">
     <span class='ocr_line' id='line_1_58' title="bbox 2329 524 2361 5295; baseline 0 0"><span class='ocrx_word' id='word_1_349' title='bbox 2329 524 2361 5295; x_wconf 95' lang='lat' dir='ltr'><strong> </strong></span> 
     </span>
    </p>
   </div>
   <div class='ocr_carea' id='block_1_7' title="bbox 2396 490 4350 2213">
    <p class='ocr_par' dir='ltr' id='par_1_19' title="bbox 2398 490 4350 1002">
     <span class='ocr_line' id='line_1_59' title="bbox 2400 490 4346 573; baseline 0.001 -18"><span class='ocrx_word' id='word_1_350' title='bbox 2400 491 2688 556; x_wconf 90' lang='lat' dir='ltr'><strong>minibus</strong></span> <span class='ocrx_word' id='word_1_351' title='bbox 2752 499 3090 557; x_wconf 90' lang='lat' dir='ltr'><strong>servatum</strong></span> <span class='ocrx_word' id='word_1_352' title='bbox 3154 490 3393 569; x_wconf 89' lang='lat' dir='ltr'><strong>voluit,</strong></span> <span class='ocrx_word' id='word_1_353' title='bbox 3471 491 3581 558; x_wconf 90' lang='lat' dir='ltr'><strong>hio</strong></span> <span class='ocrx_word' id='word_1_354' title='bbox 3642 490 3788 558; x_wconf 87' lang='lat' dir='ltr'><strong>vult</strong></span> <span class='ocrx_word' id='word_1_355' title='bbox 3847 490 4141 573; x_wconf 89' lang='lat' dir='ltr'><strong>perdere.</strong></span> <span class='ocrx_word' id='word_1_356' title='bbox 4237 491 4346 557; x_wconf 89' lang='lat' dir='ltr'><strong>Ab</strong></span> 
     </span>
     <span class='ocr_line' id='line_1_60' title="bbox 2401 575 4346 660; baseline 0.001 -20"><span class='ocrx_word' id='word_1_357' title='bbox 2401 575 2659 642; x_wconf 88' lang='lat' dir='ltr'><strong>hisdem</strong></span> <span class='ocrx_word' id='word_1_358' title='bbox 2711 576 2869 643; x_wconf 87' lang='lat' dir='ltr'><strong>locis</strong></span> <span class='ocrx_word' id='word_1_359' title='bbox 2918 585 3142 641; x_wconf 91' lang='lat' dir='ltr'><strong>movet</strong></span> <span class='ocrx_word' id='word_1_360' title='bbox 3195 576 3485 642; x_wconf 83' lang='lat' dir='ltr'><strong>adfectus</strong></span> <span class='ocrx_word' id='word_1_361' title='bbox 3523 576 3903 642; x_wconf 81' lang='lat' dir='ltr'><strong>Alexander</strong></span> <span class='ocrx_word' id='word_1_362' title='bbox 3953 576 4132 660; x_wconf 90' lang='lat' dir='ltr'><strong>apud</strong></span> <span class='ocrx_word' id='word_1_363' title='bbox 4174 576 4346 643; x_wconf 79' lang='lat' dir='ltr'><strong>Our-</strong></span> 
     </span>
     <span class='ocr_line' id='line_1_61' title="bbox 2400 658 4345 742; baseline 0.001 -16"><span class='ocrx_word' id='word_1_364' title='bbox 2400 662 2570 726; x_wconf 87' lang='lat' dir='ltr'><strong>tium</strong></span> <span class='ocrx_word' id='word_1_365' title='bbox 2632 661 2742 727; x_wconf 89' lang='lat' dir='ltr'><strong>lib.</strong></span> <span class='ocrx_word' id='word_1_366' title='bbox 2790 661 2941 728; x_wconf 70' lang='lat' dir='ltr'><strong>VI:</strong></span> <span class='ocrx_word' id='word_1_367' title='bbox 3007 658 3224 742; x_wconf 77' lang='lat' dir='ltr'><strong>Quam</strong></span> <span class='ocrx_word' id='word_1_368' title='bbox 3287 662 3563 728; x_wconf 85' lang='lat' dir='ltr'><strong>feliciter</strong></span> <span class='ocrx_word' id='word_1_369' title='bbox 3615 664 3686 726; x_wconf 92' lang='lat' dir='ltr'><strong>in</strong></span> <span class='ocrx_word' id='word_1_370' title='bbox 3742 663 3880 727; x_wconf 89' lang='lat' dir='ltr'><strong>acie</strong></span> <span class='ocrx_word' id='word_1_371' title='bbox 3947 661 4345 742; x_wconf 88' lang='lat' dir='ltr'><strong>cecidissem,</strong></span> 
     </span>
     <span class='ocr_line' id='line_1_62' title="bbox 2399 746 4350 831; baseline 0.001 -18"><span class='ocrx_word' id='word_1_372' title='bbox 2399 749 2616 831; x_wconf 90' lang='lat' dir='ltr'><strong>potius</strong></span> <span class='ocrx_word' id='word_1_373' title='bbox 2658 748 2869 813; x_wconf 89' lang='lat' dir='ltr'><strong>hostis</strong></span> <span class='ocrx_word' id='word_1_374' title='bbox 2909 747 3171 831; x_wconf 88' lang='lat' dir='ltr'><strong>praeda,</strong></span> <span class='ocrx_word' id='word_1_375' title='bbox 3217 768 3414 831; x_wconf 89' lang='lat' dir='ltr'><strong>quam</strong></span> <span class='ocrx_word' id='word_1_376' title='bbox 3457 747 3619 815; x_wconf 89' lang='lat' dir='ltr'><strong>civis</strong></span> <span class='ocrx_word' id='word_1_377' title='bbox 3640 746 3950 813; x_wconf 86' lang='lat' dir='ltr'><strong>victima?</strong></span> <span class='ocrx_word' id='word_1_378' title='bbox 3994 768 4177 814; x_wconf 90' lang='lat' dir='ltr'><strong>nunc</strong></span> <span class='ocrx_word' id='word_1_379' title='bbox 4210 769 4350 814; x_wconf 89' lang='lat' dir='ltr'><strong>ser-</strong></span> 
     </span>
     <span class='ocr_line' id='line_1_63' title="bbox 2402 832 4346 917; baseline -0.001 -17"><span class='ocrx_word' id='word_1_380' title='bbox 2402 841 2594 900; x_wconf 91' lang='lat' dir='ltr'><strong>vatus</strong></span> <span class='ocrx_word' id='word_1_381' title='bbox 2637 855 2721 899; x_wconf 88' lang='lat' dir='ltr'><strong>ex</strong></span> <span class='ocrx_word' id='word_1_382' title='bbox 2766 833 3105 915; x_wconf 90' lang='lat' dir='ltr'><strong>periculis,</strong></span> <span class='ocrx_word' id='word_1_383' title='bbox 3149 854 3316 917; x_wconf 90' lang='lat' dir='ltr'><strong>quae</strong></span> <span class='ocrx_word' id='word_1_384' title='bbox 3360 832 3498 900; x_wconf 90' lang='lat' dir='ltr'><strong>sola</strong></span> <span class='ocrx_word' id='word_1_385' title='bbox 3539 833 3762 913; x_wconf 89' lang='lat' dir='ltr'><strong>timui,</strong></span> <span class='ocrx_word' id='word_1_386' title='bbox 3805 833 3876 899; x_wconf 91' lang='lat' dir='ltr'><strong>in</strong></span> <span class='ocrx_word' id='word_1_387' title='bbox 3918 834 4082 899; x_wconf 90' lang='lat' dir='ltr'><strong>haec</strong></span> <span class='ocrx_word' id='word_1_388' title='bbox 4123 832 4346 913; x_wconf 84' lang='lat' dir='ltr'><strong>incidi,</strong></span> 
     </span>
     <span class='ocr_line' id='line_1_64' title="bbox 2398 918 3275 1002; baseline 0 -18"><span class='ocrx_word' id='word_1_389' title='bbox 2398 940 2564 1002; x_wconf 91' lang='lat' dir='ltr'><strong>quae</strong></span> <span class='ocrx_word' id='word_1_390' title='bbox 2608 920 2841 985; x_wconf 89' lang='lat' dir='ltr'><strong>timere</strong></span> <span class='ocrx_word' id='word_1_391' title='bbox 2884 941 3019 985; x_wconf 92' lang='lat' dir='ltr'><strong>non</strong></span> <span class='ocrx_word' id='word_1_392' title='bbox 3063 918 3275 984; x_wconf 90' lang='lat' dir='ltr'><strong>debui.</strong></span> 
     </span>
    </p>

    <p class='ocr_par' dir='ltr' id='par_1_20' title="bbox 2396 1003 4349 1414">
     <span class='ocr_line' id='line_1_65' title="bbox 2576 1003 4348 1091; baseline 0.001 -22"><span class='ocrx_word' id='word_1_393' title='bbox 2576 1003 2923 1070; x_wconf 61' lang='lat' dir='ltr'><strong>Pedestriis</strong></span> <span class='ocrx_word' id='word_1_394' title='bbox 2956 1003 3254 1091; x_wconf 74' lang='lat' dir='ltr'><strong>praeliis]</strong></span> <span class='ocrx_word' id='word_1_395' title='bbox 3300 1005 3738 1088; x_wconf 80' lang='lat' dir='ltr'><strong>Frequentius</strong></span> <span class='ocrx_word' id='word_1_396' title='bbox 3781 1011 3849 1070; x_wconf 91' lang='lat' dir='ltr'><strong>et</strong></span> <span class='ocrx_word' id='word_1_397' title='bbox 3890 1003 4199 1071; x_wconf 89' lang='lat' dir='ltr'><strong>usitatius</strong></span> <span class='ocrx_word' id='word_1_398' title='bbox 4235 1026 4348 1087; x_wconf 89' lang='lat' dir='ltr'><strong>pe-</strong></span> 
     </span>
     <span class='ocr_line' id='line_1_66' title="bbox 2399 1087 4346 1174; baseline 0.001 -20"><span class='ocrx_word' id='word_1_399' title='bbox 2399 1087 2616 1155; x_wconf 85' lang='lat' dir='ltr'><strong>destre</strong></span> <span class='ocrx_word' id='word_1_400' title='bbox 2659 1090 2981 1173; x_wconf 90' lang='lat' dir='ltr'><strong>praelium</strong></span> <span class='ocrx_word' id='word_1_401' title='bbox 3026 1089 3282 1169; x_wconf 89' lang='lat' dir='ltr'><strong>dicitur,</strong></span> <span class='ocrx_word' id='word_1_402' title='bbox 3329 1112 3526 1174; x_wconf 91' lang='lat' dir='ltr'><strong>quam</strong></span> <span class='ocrx_word' id='word_1_403' title='bbox 3566 1089 3986 1173; x_wconf 88' lang='lat' dir='ltr'><strong>pedestrium.</strong></span> <span class='ocrx_word' id='word_1_404' title='bbox 4073 1090 4204 1155; x_wconf 89' lang='lat' dir='ltr'><strong>Hic</strong></span> <span class='ocrx_word' id='word_1_405' title='bbox 4247 1099 4346 1155; x_wconf 88' lang='lat' dir='ltr'><strong>ta-</strong></span> 
     </span>
     <span class='ocr_line' id='line_1_67' title="bbox 2396 1176 4349 1261; baseline 0 -21"><span class='ocrx_word' id='word_1_406' title='bbox 2396 1196 2553 1240; x_wconf 90' lang='lat' dir='ltr'><strong>men</strong></span> <span class='ocrx_word' id='word_1_407' title='bbox 2610 1195 2689 1240; x_wconf 89' lang='lat' dir='ltr'><strong>ea</strong></span> <span class='ocrx_word' id='word_1_408' title='bbox 2744 1177 2956 1242; x_wconf 84' lang='lat' dir='ltr'><strong>forma</strong></span> <span class='ocrx_word' id='word_1_409' title='bbox 3005 1177 3271 1260; x_wconf 90' lang='lat' dir='ltr'><strong>ponitur</strong></span> <span class='ocrx_word' id='word_1_410' title='bbox 3310 1176 3745 1261; x_wconf 89' lang='lat' dir='ltr'><strong>pedestrium,</strong></span> <span class='ocrx_word' id='word_1_411' title='bbox 3800 1195 3928 1258; x_wconf 86' lang='lat' dir='ltr'><strong>qua</strong></span> <span class='ocrx_word' id='word_1_412' title='bbox 3969 1176 4349 1260; x_wconf 80' lang='lat' dir='ltr'><strong>vulgarium</strong></span> 
     </span>
     <span class='ocr_line' id='line_1_68' title="bbox 2399 1260 4344 1346; baseline 0.001 -19"><span class='ocrx_word' id='word_1_413' title='bbox 2399 1260 2618 1327; x_wconf 81' lang='lat' dir='ltr'><strong>Gellio</strong></span> <span class='ocrx_word' id='word_1_414' title='bbox 2633 1313 2647 1340; x_wconf 94' lang='lat'>‚</span> <span class='ocrx_word' id='word_1_415' title='bbox 2713 1283 2832 1345; x_wconf 89' lang='lat' dir='ltr'><strong>pro</strong></span> <span class='ocrx_word' id='word_1_416' title='bbox 2886 1262 3172 1346; x_wconf 80' lang='lat' dir='ltr'><strong>vulgari,</strong></span> <span class='ocrx_word' id='word_1_417' title='bbox 3236 1271 3304 1327; x_wconf 92' lang='lat' dir='ltr'><strong>et</strong></span> <span class='ocrx_word' id='word_1_418' title='bbox 3367 1261 3766 1346; x_wconf 85' lang='lat' dir='ltr'><strong>singularius</strong></span> <span class='ocrx_word' id='word_1_419' title='bbox 3830 1282 3949 1343; x_wconf 89' lang='lat' dir='ltr'><strong>pro</strong></span> <span class='ocrx_word' id='word_1_420' title='bbox 4005 1261 4344 1346; x_wconf 81' lang='lat' dir='ltr'><strong>singulari.</strong></span> 
     </span>
     <span class='ocr_line' id='line_1_69' title="bbox 2398 1345 4247 1414; baseline 0.002 -4"><span class='ocrx_word' id='word_1_421' title='bbox 2398 1345 2572 1411; x_wconf 89' lang='lat' dir='ltr'><strong>Vide</strong></span> <span class='ocrx_word' id='word_1_422' title='bbox 2615 1347 2904 1413; x_wconf 91' lang='lat' dir='ltr'><strong>Nonium</strong></span> <span class='ocrx_word' id='word_1_423' title='bbox 2947 1347 3338 1414; x_wconf 87' lang='lat' dir='ltr'><strong>Marcellum</strong></span> <span class='ocrx_word' id='word_1_424' title='bbox 3382 1347 3462 1413; x_wconf 90' lang='lat' dir='ltr'><strong>de</strong></span> <span class='ocrx_word' id='word_1_425' title='bbox 3504 1353 3759 1413; x_wconf 88' lang='lat' dir='ltr'><strong>mutata</strong></span> <span class='ocrx_word' id='word_1_426' title='bbox 3797 1346 4247 1413; x_wconf 88' lang='lat' dir='ltr'><strong>declinatione.</strong></span> 
     </span>
    </p>

    <p class='ocr_par' dir='ltr' id='par_1_21' title="bbox 2396 1430 4347 2119">
     <span class='ocr_line' id='line_1_70' title="bbox 2576 1430 4347 1531; baseline 0 -34"><span class='ocrx_word' id='word_1_427' title='bbox 2576 1432 2918 1515; x_wconf 77' lang='lat' dir='ltr'><strong>Postquam</strong></span> <span class='ocrx_word' id='word_1_428' title='bbox 2974 1439 3145 1499; x_wconf 80' lang='lat' dir='ltr'><strong>terra</strong></span> <span class='ocrx_word' id='word_1_429' title='bbox 3197 1435 3487 1515; x_wconf 67' lang='lat' dir='ltr'><strong>marique</strong></span> <span class='ocrx_word' id='word_1_430' title='bbox 3529 1454 3669 1516; x_wconf 65' lang='lat' dir='ltr'><strong>pasc</strong></span> <span class='ocrx_word' id='word_1_431' title='bbox 3713 1438 3912 1515; x_wconf 76' lang='lat' dir='ltr'><strong>parta</strong></span> <span class='ocrx_word' id='word_1_432' title='bbox 3972 1430 4087 1531; x_wconf 77' lang='lat' dir='ltr'><strong>est]</strong></span> <span class='ocrx_word' id='word_1_433' title='bbox 4155 1433 4347 1499; x_wconf 81' lang='lat' dir='ltr'><strong>Facit</strong></span> 
     </span>
     <span class='ocr_line' id='line_1_71' title="bbox 2397 1517 4345 1602; baseline 0.002 -20"><span class='ocrx_word' id='word_1_434' title='bbox 2397 1518 2717 1584; x_wconf 89' lang='lat' dir='ltr'><strong>invidiam</strong></span> <span class='ocrx_word' id='word_1_435' title='bbox 2748 1520 2828 1584; x_wconf 89' lang='lat' dir='ltr'><strong>L.</strong></span> <span class='ocrx_word' id='word_1_436' title='bbox 2870 1518 3145 1597; x_wconf 85' lang='lat' dir='ltr'><strong>Cinnae,</strong></span> <span class='ocrx_word' id='word_1_437' title='bbox 3192 1540 3275 1584; x_wconf 86' lang='lat' dir='ltr'><strong>ex</strong></span> <span class='ocrx_word' id='word_1_438' title='bbox 3319 1540 3394 1585; x_wconf 89' lang='lat' dir='ltr'><strong>eo</strong></span> <span class='ocrx_word' id='word_1_439' title='bbox 3440 1518 3613 1602; x_wconf 88' lang='lat' dir='ltr'><strong>quod</strong></span> <span class='ocrx_word' id='word_1_440' title='bbox 3657 1529 3845 1584; x_wconf 89' lang='lat' dir='ltr'><strong>autor</strong></span> <span class='ocrx_word' id='word_1_441' title='bbox 3886 1517 4184 1601; x_wconf 89' lang='lat' dir='ltr'><strong>pubhcae</strong></span> <span class='ocrx_word' id='word_1_442' title='bbox 4225 1539 4345 1601; x_wconf 87' lang='lat' dir='ltr'><strong>pa-</strong></span> 
     </span>
     <span class='ocr_line' id='line_1_72' title="bbox 2397 1602 4345 1689; baseline 0 -21"><span class='ocrx_word' id='word_1_443' title='bbox 2397 1602 2492 1669; x_wconf 90' lang='lat' dir='ltr'><strong>cis</strong></span> <span class='ocrx_word' id='word_1_444' title='bbox 2508 1654 2523 1681; x_wconf 90' lang='lat'><strong>,</strong></span> <span class='ocrx_word' id='word_1_445' title='bbox 2582 1615 2771 1687; x_wconf 89' lang='lat' dir='ltr'><strong>parta</strong></span> <span class='ocrx_word' id='word_1_446' title='bbox 2823 1604 3126 1670; x_wconf 91' lang='lat' dir='ltr'><strong>omnibus</strong></span> <span class='ocrx_word' id='word_1_447' title='bbox 3178 1604 3440 1689; x_wconf 90' lang='lat' dir='ltr'><strong>populis</strong></span> <span class='ocrx_word' id='word_1_448' title='bbox 3484 1605 3733 1689; x_wconf 88' lang='lat' dir='ltr'><strong>quiete,</strong></span> <span class='ocrx_word' id='word_1_449' title='bbox 3786 1625 3961 1669; x_wconf 91' lang='lat' dir='ltr'><strong>unus</strong></span> <span class='ocrx_word' id='word_1_450' title='bbox 4002 1604 4144 1687; x_wconf 89' lang='lat' dir='ltr'><strong>ipse</strong></span> <span class='ocrx_word' id='word_1_451' title='bbox 4185 1605 4345 1669; x_wconf 91' lang='lat' dir='ltr'><strong>insi-</strong></span> 
     </span>
     <span class='ocr_line' id='line_1_73' title="bbox 2397 1688 4344 1775; baseline 0.001 -22"><span class='ocrx_word' id='word_1_452' title='bbox 2397 1688 2524 1753; x_wconf 89' lang='lat' dir='ltr'><strong>diis</strong></span> <span class='ocrx_word' id='word_1_453' title='bbox 2566 1691 2832 1772; x_wconf 88' lang='lat' dir='ltr'><strong>petitur.</strong></span> <span class='ocrx_word' id='word_1_454' title='bbox 2924 1689 3276 1775; x_wconf 79' lang='lat' dir='ltr'><strong>Significat</strong></span> <span class='ocrx_word' id='word_1_455' title='bbox 3319 1700 3538 1756; x_wconf 90' lang='lat' dir='ltr'><strong>autem</strong></span> <span class='ocrx_word' id='word_1_456' title='bbox 3587 1690 3658 1755; x_wconf 90' lang='lat' dir='ltr'><strong>id</strong></span> <span class='ocrx_word' id='word_1_457' title='bbox 3712 1700 4003 1773; x_wconf 91' lang='lat' dir='ltr'><strong>tempus,</strong></span> <span class='ocrx_word' id='word_1_458' title='bbox 4063 1710 4188 1772; x_wconf 91' lang='lat' dir='ltr'><strong>quo</strong></span> <span class='ocrx_word' id='word_1_459' title='bbox 4232 1689 4344 1755; x_wconf 89' lang='lat' dir='ltr'><strong>de-</strong></span> 
     </span>
     <span class='ocr_line' id='line_1_74' title="bbox 2400 1775 4345 1860; baseline 0.001 -21"><span class='ocrx_word' id='word_1_460' title='bbox 2400 1775 2590 1840; x_wconf 90' lang='lat' dir='ltr'><strong>victis</strong></span> <span class='ocrx_word' id='word_1_461' title='bbox 2634 1778 2926 1842; x_wconf 86' lang='lat' dir='ltr'><strong>Antonio</strong></span> <span class='ocrx_word' id='word_1_462' title='bbox 2983 1789 3052 1843; x_wconf 89' lang='lat' dir='ltr'><strong>et</strong></span> <span class='ocrx_word' id='word_1_463' title='bbox 3106 1776 3457 1860; x_wconf 84' lang='lat' dir='ltr'><strong>Cleopatra</strong></span> <span class='ocrx_word' id='word_1_464' title='bbox 3514 1776 3598 1841; x_wconf 91' lang='lat' dir='ltr'><strong>ad</strong></span> <span class='ocrx_word' id='word_1_465' title='bbox 3643 1777 3915 1842; x_wconf 88' lang='lat' dir='ltr'><strong>Actium</strong></span> <span class='ocrx_word' id='word_1_466' title='bbox 3968 1785 4345 1859; x_wconf 90' lang='lat' dir='ltr'><strong>promonto-</strong></span> 
     </span>
     <span class='ocr_line' id='line_1_75' title="bbox 2396 1860 4346 1947; baseline 0.001 -22"><span class='ocrx_word' id='word_1_467' title='bbox 2396 1860 2591 1940; x_wconf 86' lang='lat' dir='ltr'><strong>rium,</strong></span> <span class='ocrx_word' id='word_1_468' title='bbox 2636 1861 2787 1926; x_wconf 90' lang='lat' dir='ltr'><strong>Iani</strong></span> <span class='ocrx_word' id='word_1_469' title='bbox 2829 1864 3149 1947; x_wconf 90' lang='lat' dir='ltr'><strong>templum</strong></span> <span class='ocrx_word' id='word_1_470' title='bbox 3192 1863 3456 1941; x_wconf 90' lang='lat' dir='ltr'><strong>clausit,</strong></span> <span class='ocrx_word' id='word_1_471' title='bbox 3515 1861 3688 1946; x_wconf 91' lang='lat' dir='ltr'><strong>quod</strong></span> <span class='ocrx_word' id='word_1_472' title='bbox 3744 1861 4163 1927; x_wconf 90' lang='lat' dir='ltr'><strong>observatum</strong></span> <span class='ocrx_word' id='word_1_473' title='bbox 4211 1862 4346 1945; x_wconf 89' lang='lat' dir='ltr'><strong>sig-</strong></span> 
     </span>
     <span class='ocr_line' id='line_1_76' title="bbox 2399 1947 4346 2031; baseline 0.002 -21"><span class='ocrx_word' id='word_1_474' title='bbox 2399 1968 2561 2011; x_wconf 93' lang='lat' dir='ltr'><strong>num</strong></span> <span class='ocrx_word' id='word_1_475' title='bbox 2606 1955 2706 2013; x_wconf 92' lang='lat' dir='ltr'><strong>est</strong></span> <span class='ocrx_word' id='word_1_476' title='bbox 2747 1949 2945 2031; x_wconf 89' lang='lat' dir='ltr'><strong>pacis.</strong></span> <span class='ocrx_word' id='word_1_477' title='bbox 3035 1949 3290 2026; x_wconf 90' lang='lat' dir='ltr'><strong>Livius,</strong></span> <span class='ocrx_word' id='word_1_478' title='bbox 3337 1947 3758 2031; x_wconf 76' lang='lat' dir='ltr'><strong>Tranquillus</strong></span> <span class='ocrx_word' id='word_1_479' title='bbox 3773 1998 3790 2026; x_wconf 90' lang='lat'><strong>,</strong></span> <span class='ocrx_word' id='word_1_480' title='bbox 3831 1947 4230 2014; x_wconf 83' lang='lat' dir='ltr'><strong>Plutarchus</strong></span> <span class='ocrx_word' id='word_1_481' title='bbox 4271 1949 4346 2013; x_wconf 88' lang='lat' dir='ltr'><strong>in</strong></span> 
     </span>
     <span class='ocr_line' id='line_1_77' title="bbox 2399 2032 3310 2119; baseline 0.003 -22"><span class='ocrx_word' id='word_1_482' title='bbox 2399 2032 2538 2097; x_wconf 91' lang='lat' dir='ltr'><strong>vita</strong></span> <span class='ocrx_word' id='word_1_483' title='bbox 2579 2033 2855 2099; x_wconf 90' lang='lat' dir='ltr'><strong>Numae.</strong></span> <span class='ocrx_word' id='word_1_484' title='bbox 2942 2033 3310 2119; x_wconf 87' lang='lat' dir='ltr'><strong>Vergilius:</strong></span> 
     </span>
    </p>

    <p class='ocr_par' dir='ltr' id='par_1_22' title="bbox 2574 2143 3907 2213">
     <span class='ocr_line' id='line_1_78' title="bbox 2574 2143 3907 2213; baseline 0.002 -17"><span class='ocrx_word' id='word_1_485' title='bbox 2574 2143 2906 2199; x_wconf 79' lang='lat' dir='ltr'><strong>claudentur</strong></span> <span class='ocrx_word' id='word_1_486' title='bbox 2938 2144 3067 2199; x_wconf 89' lang='lat' dir='ltr'><strong>belli</strong></span> <span class='ocrx_word' id='word_1_487' title='bbox 3101 2151 3311 2213; x_wconf 87' lang='lat' dir='ltr'><strong>portae,</strong></span> <span class='ocrx_word' id='word_1_488' title='bbox 3347 2145 3501 2200; x_wconf 84' lang='lat' dir='ltr'><strong>furor</strong></span> <span class='ocrx_word' id='word_1_489' title='bbox 3534 2145 3728 2213; x_wconf 87' lang='lat' dir='ltr'><strong>impius</strong></span> <span class='ocrx_word' id='word_1_490' title='bbox 3764 2146 3907 2199; x_wconf 88' lang='lat' dir='ltr'><strong>intus</strong></span> 
     </span>
    </p>
   </div>
   <div class='ocr_carea' id='block_1_8' title="bbox 2570 2210 4189 2351">
    <p class='ocr_par' dir='ltr' id='par_1_23' title="bbox 2570 2210 4189 2351">
     <span class='ocr_line' id='line_1_79' title="bbox 2571 2210 4189 2282; baseline 0.002 -17"><span class='ocrx_word' id='word_1_491' title='bbox 2571 2210 2747 2266; x_wconf 87' lang='lat' dir='ltr'><strong>Saeva</strong></span> <span class='ocrx_word' id='word_1_492' title='bbox 2783 2213 2977 2267; x_wconf 86' lang='lat' dir='ltr'><strong>sedens</strong></span> <span class='ocrx_word' id='word_1_493' title='bbox 3014 2229 3077 2267; x_wconf 88' lang='lat' dir='ltr'><strong>su</strong></span> <span class='ocrx_word' id='word_1_494' title='bbox 3118 2229 3180 2266; x_wconf 89' lang='lat' dir='ltr'><strong>er</strong></span> <span class='ocrx_word' id='word_1_495' title='bbox 3214 2221 3720 2282; x_wconf 56' lang='lat' dir='ltr'><strong>aruisset-centum</strong></span> <span class='ocrx_word' id='word_1_496' title='bbox 3754 2214 3966 2268; x_wconf 86' lang='lat' dir='ltr'><strong>vinctus</strong></span> <span class='ocrx_word' id='word_1_497' title='bbox 4001 2213 4189 2268; x_wconf 88' lang='lat' dir='ltr'><strong>ahenis</strong></span> 
     </span>
     <span class='ocr_line' id='line_1_80' title="bbox 2570 2280 4085 2351; baseline 0.001 -17"><span class='ocrx_word' id='word_1_498' title='bbox 2570 2280 2708 2335; x_wconf 87' lang='lat' dir='ltr'><strong>Post</strong></span> <span class='ocrx_word' id='word_1_499' title='bbox 2741 2288 2950 2351; x_wconf 81' lang='lat' dir='ltr'><strong>tergum</strong></span> <span class='ocrx_word' id='word_1_500' title='bbox 2983 2298 3055 2336; x_wconf 90' lang='lat' dir='ltr'><strong>no</strong></span> <span class='ocrx_word' id='word_1_501' title='bbox 3094 2281 3158 2351; x_wconf 90' lang='lat' dir='ltr'><strong>is,</strong></span> <span class='ocrx_word' id='word_1_502' title='bbox 3194 2281 3389 2336; x_wconf 83' lang='lat' dir='ltr'><strong>fremet</strong></span> <span class='ocrx_word' id='word_1_503' title='bbox 3424 2281 3676 2336; x_wconf 89' lang='lat' dir='ltr'><strong>horridus</strong></span> <span class='ocrx_word' id='word_1_504' title='bbox 3713 2298 3806 2336; x_wconf 92' lang='lat' dir='ltr'><strong>ore</strong></span> <span class='ocrx_word' id='word_1_505' title='bbox 3844 2289 4085 2337; x_wconf 87' lang='lat' dir='ltr'><strong>cruento.</strong></span> 
     </span>
    </p>
   </div>
   <div class='ocr_carea' id='block_1_9' title="bbox 2320 2382 3207 2451">
    <p class='ocr_par' dir='ltr' id='par_1_24' title="bbox 2320 2382 3207 2451">
     <span class='ocr_line' id='line_1_81' title="bbox 2320 2382 3207 2451; baseline 0 -2"><span class='ocrx_word' id='word_1_506' title='bbox 2320 2416 2331 2432; x_wconf 96' lang='lat'><strong>·</strong></span> <span class='ocrx_word' id='word_1_507' title='bbox 2400 2382 2684 2451; x_wconf 89' lang='lat' dir='ltr'><strong>Ovidius</strong></span> <span class='ocrx_word' id='word_1_508' title='bbox 2724 2383 2779 2448; x_wconf 94' lang='lat' dir='ltr'><strong>I.</strong></span> <span class='ocrx_word' id='word_1_509' title='bbox 2825 2384 3207 2449; x_wconf 80' lang='lat' dir='ltr'><strong>Fastorum:</strong></span> 
     </span>
    </p>
   </div>
   <div class='ocr_carea' id='block_1_10' title="bbox 2392 2494 4346 3146">
    <p class='ocr_par' dir='ltr' id='par_1_25' title="bbox 2570 2494 3997 2633">
     <span class='ocr_line' id='line_1_82' title="bbox 2570 2494 3997 2564; baseline 0.001 -17"><span class='ocrx_word' id='word_1_510' title='bbox 2570 2494 2874 2550; x_wconf 81' lang='lat' dir='ltr'><strong>Frondibus</strong></span> <span class='ocrx_word' id='word_1_511' title='bbox 2911 2495 3148 2550; x_wconf 82' lang='lat' dir='ltr'><strong>Actiacis</strong></span> <span class='ocrx_word' id='word_1_512' title='bbox 3184 2503 3431 2564; x_wconf 85' lang='lat' dir='ltr'><strong>comptos</strong></span> <span class='ocrx_word' id='word_1_513' title='bbox 3466 2495 3712 2549; x_wconf 87' lang='lat' dir='ltr'><strong>redimita</strong></span> <span class='ocrx_word' id='word_1_514' title='bbox 3748 2494 3997 2563; x_wconf 88' lang='lat' dir='ltr'><strong>capillos,</strong></span> 
     </span>
     <span class='ocr_line' id='line_1_83' title="bbox 2707 2563 3904 2633; baseline -0.001 -16"><span class='ocrx_word' id='word_1_515' title='bbox 2707 2563 2824 2618; x_wconf 87' lang='lat' dir='ltr'><strong>Pax</strong></span> <span class='ocrx_word' id='word_1_516' title='bbox 2860 2563 3008 2633; x_wconf 86' lang='lat' dir='ltr'><strong>ades,</strong></span> <span class='ocrx_word' id='word_1_517' title='bbox 3045 2570 3102 2618; x_wconf 89' lang='lat' dir='ltr'><strong>et</strong></span> <span class='ocrx_word' id='word_1_518' title='bbox 3135 2571 3255 2619; x_wconf 83' lang='lat' dir='ltr'><strong>toto</strong></span> <span class='ocrx_word' id='word_1_519' title='bbox 3292 2564 3437 2618; x_wconf 85' lang='lat' dir='ltr'><strong>mitis</strong></span> <span class='ocrx_word' id='word_1_520' title='bbox 3473 2565 3527 2618; x_wconf 88' lang='lat' dir='ltr'><strong>in</strong></span> <span class='ocrx_word' id='word_1_521' title='bbox 3564 2564 3695 2618; x_wconf 89' lang='lat' dir='ltr'><strong>orbe</strong></span> <span class='ocrx_word' id='word_1_522' title='bbox 3732 2578 3904 2617; x_wconf 87' lang='lat' dir='ltr'><strong>mane.</strong></span> 
     </span>
    </p>

    <p class='ocr_par' dir='ltr' id='par_1_26' title="bbox 2570 2630 4114 2770">
     <span class='ocr_line' id='line_1_84' title="bbox 2570 2630 4114 2713; baseline -0.001 -27"><span class='ocrx_word' id='word_1_523' title='bbox 2570 2631 2711 2690; x_wconf 85' lang='lat' dir='ltr'><strong>Dum</strong></span> <span class='ocrx_word' id='word_1_524' title='bbox 2746 2631 2947 2713; x_wconf 75' lang='lat' dir='ltr'><strong>desunt</strong></span> <span class='ocrx_word' id='word_1_525' title='bbox 2975 2633 3181 2700; x_wconf 87' lang='lat' dir='ltr'><strong>hostes,</strong></span> <span class='ocrx_word' id='word_1_526' title='bbox 3218 2632 3360 2688; x_wconf 82' lang='lat' dir='ltr'><strong>desit</strong></span> <span class='ocrx_word' id='word_1_527' title='bbox 3393 2646 3607 2713; x_wconf 76' lang='lat' dir='ltr'><strong>quoque</strong></span> <span class='ocrx_word' id='word_1_528' title='bbox 3644 2647 3810 2712; x_wconf 74' lang='lat' dir='ltr'><strong>causa</strong></span> <span class='ocrx_word' id='word_1_529' title='bbox 3843 2630 4114 2699; x_wconf 85' lang='lat' dir='ltr'><strong>triumphi,</strong></span> 
     </span>
     <span class='ocr_line' id='line_1_85' title="bbox 2709 2699 3828 2770; baseline -0.001 -16"><span class='ocrx_word' id='word_1_530' title='bbox 2709 2699 2792 2755; x_wconf 87' lang='lat' dir='ltr'><strong>Tu</strong></span> <span class='ocrx_word' id='word_1_531' title='bbox 2829 2700 3068 2770; x_wconf 79' lang='lat' dir='ltr'><strong>ducibus,</strong></span> <span class='ocrx_word' id='word_1_532' title='bbox 3104 2700 3251 2755; x_wconf 89' lang='lat' dir='ltr'><strong>bello</strong></span> <span class='ocrx_word' id='word_1_533' title='bbox 3288 2701 3460 2770; x_wconf 80' lang='lat' dir='ltr'><strong>gloria</strong></span> <span class='ocrx_word' id='word_1_534' title='bbox 3493 2716 3668 2755; x_wconf 81' lang='lat' dir='ltr'><strong>maior</strong></span> <span class='ocrx_word' id='word_1_535' title='bbox 3702 2715 3828 2754; x_wconf 80' lang='lat' dir='ltr'><strong>eris.</strong></span> 
     </span>
    </p>

    <p class='ocr_par' dir='ltr' id='par_1_27' title="bbox 2392 2799 4346 3146">
     <span class='ocr_line' id='line_1_86' title="bbox 2571 2799 4346 2889; baseline -0.001 -22"><span class='ocrx_word' id='word_1_536' title='bbox 2571 2807 2720 2882; x_wconf 74' lang='lat' dir='ltr'><strong>[pag.</strong></span> <span class='ocrx_word' id='word_1_537' title='bbox 2758 2808 2867 2882; x_wconf 81' lang='lat'><strong>65]</strong></span> <span class='ocrx_word' id='word_1_538' title='bbox 2917 2803 3067 2868; x_wconf 76' lang='lat' dir='ltr'><strong>Non</strong></span> <span class='ocrx_word' id='word_1_539' title='bbox 3105 2803 3402 2882; x_wconf 74' lang='lat' dir='ltr'><strong>occidere,</strong></span> <span class='ocrx_word' id='word_1_540' title='bbox 3457 2803 3566 2869; x_wconf 80' lang='lat' dir='ltr'><strong>sed</strong></span> <span class='ocrx_word' id='word_1_541' title='bbox 3618 2799 3972 2889; x_wconf 67' lang='lat' dir='ltr'><strong>immolam]</strong></span> <span class='ocrx_word' id='word_1_542' title='bbox 4029 2799 4346 2868; x_wconf 86' lang='lat' dir='ltr'><strong>Occidere</strong></span> 
     </span>
     <span class='ocr_line' id='line_1_87' title="bbox 2392 2886 4343 2972; baseline -0.002 -18"><span class='ocrx_word' id='word_1_543' title='bbox 2392 2888 2659 2972; x_wconf 90' lang='lat' dir='ltr'><strong>quidem</strong></span> <span class='ocrx_word' id='word_1_544' title='bbox 2692 2895 2762 2953; x_wconf 91' lang='lat' dir='ltr'><strong>et</strong></span> <span class='ocrx_word' id='word_1_545' title='bbox 2798 2887 3155 2967; x_wconf 87' lang='lat' dir='ltr'><strong>immolare,</strong></span> <span class='ocrx_word' id='word_1_546' title='bbox 3200 2888 3317 2954; x_wconf 91' lang='lat' dir='ltr'><strong>sed</strong></span> <span class='ocrx_word' id='word_1_547' title='bbox 3349 2887 3514 2953; x_wconf 88' lang='lat' dir='ltr'><strong>illud</strong></span> <span class='ocrx_word' id='word_1_548' title='bbox 3550 2895 3864 2971; x_wconf 88' lang='lat' dir='ltr'><strong>tanquam</strong></span> <span class='ocrx_word' id='word_1_549' title='bbox 3894 2888 4124 2967; x_wconf 91' lang='lat' dir='ltr'><strong>levius,</strong></span> <span class='ocrx_word' id='word_1_550' title='bbox 4169 2886 4343 2970; x_wconf 91' lang='lat' dir='ltr'><strong>quod</strong></span> 
     </span>
     <span class='ocr_line' id='line_1_88' title="bbox 2392 2973 4341 3059; baseline -0.001 -18"><span class='ocrx_word' id='word_1_551' title='bbox 2392 2985 2615 3041; x_wconf 89' lang='lat' dir='ltr'><strong>tamen</strong></span> <span class='ocrx_word' id='word_1_552' title='bbox 2655 2996 2775 3058; x_wconf 91' lang='lat' dir='ltr'><strong>per</strong></span> <span class='ocrx_word' id='word_1_553' title='bbox 2815 2997 2886 3041; x_wconf 92' lang='lat' dir='ltr'><strong>se</strong></span> <span class='ocrx_word' id='word_1_554' title='bbox 2930 2996 3131 3059; x_wconf 87' lang='lat' dir='ltr'><strong>grave</strong></span> <span class='ocrx_word' id='word_1_555' title='bbox 3176 2983 3293 3053; x_wconf 88' lang='lat' dir='ltr'><strong>est,</strong></span> <span class='ocrx_word' id='word_1_556' title='bbox 3341 2973 3583 3041; x_wconf 86' lang='lat' dir='ltr'><strong>elevat:</strong></span> <span class='ocrx_word' id='word_1_557' title='bbox 3643 2983 3717 3039; x_wconf 94' lang='lat' dir='ltr'><strong>ut</strong></span> <span class='ocrx_word' id='word_1_558' title='bbox 3762 2973 4173 3040; x_wconf 89' lang='lat' dir='ltr'><strong>atrocitatem</strong></span> <span class='ocrx_word' id='word_1_559' title='bbox 4213 2973 4341 3040; x_wconf 89' lang='lat' dir='ltr'><strong>cri-</strong></span> 
     </span>
     <span class='ocr_line' id='line_1_89' title="bbox 2392 3056 4343 3146; baseline -0.001 -19"><span class='ocrx_word' id='word_1_560' title='bbox 2392 3061 2593 3127; x_wconf 89' lang='lat' dir='ltr'><strong>minis</strong></span> <span class='ocrx_word' id='word_1_561' title='bbox 2636 3069 3022 3146; x_wconf 88' lang='lat' dir='ltr'><strong>exaggeret,</strong></span> <span class='ocrx_word' id='word_1_562' title='bbox 3077 3062 3230 3145; x_wconf 89' lang='lat' dir='ltr'><strong>quia</strong></span> <span class='ocrx_word' id='word_1_563' title='bbox 3274 3070 3342 3126; x_wconf 91' lang='lat' dir='ltr'><strong>et</strong></span> <span class='ocrx_word' id='word_1_564' title='bbox 3355 3056 3370 3079; x_wconf 77' lang='lat'>⁸</span> <span class='ocrx_word' id='word_1_565' title='bbox 3384 3059 3510 3126; x_wconf 90' lang='lat' dir='ltr'><strong>diis</strong></span> <span class='ocrx_word' id='word_1_566' title='bbox 3561 3060 4022 3144; x_wconf 88' lang='lat' dir='ltr'><strong>praesentibus</strong></span> <span class='ocrx_word' id='word_1_567' title='bbox 4063 3060 4343 3125; x_wconf 89' lang='lat' dir='ltr'><strong>testibus</strong></span> 
     </span>
    </p>
   </div>
   <div class='ocr_carea' id='block_1_11' title="bbox 2390 3146 4449 3230">
    <p class='ocr_par' dir='ltr' id='par_1_28' title="bbox 2390 3146 4449 3230">
     <span class='ocr_line' id='line_1_90' title="bbox 2390 3146 4449 3230; baseline -0.001 -17"><span class='ocrx_word' id='word_1_568' title='bbox 2390 3149 2643 3214; x_wconf 88' lang='lat' dir='ltr'><strong>facinus</strong></span> <span class='ocrx_word' id='word_1_569' title='bbox 2684 3154 3117 3230; x_wconf 78' lang='lat' dir='ltr'><strong>perpetratur,</strong></span> <span class='ocrx_word' id='word_1_570' title='bbox 3165 3157 3231 3212; x_wconf 93' lang='lat' dir='ltr'><strong>et</strong></span> <span class='ocrx_word' id='word_1_571' title='bbox 3272 3147 3523 3213; x_wconf 88' lang='lat' dir='ltr'><strong>hostiae</strong></span> <span class='ocrx_word' id='word_1_572' title='bbox 3557 3168 3763 3230; x_wconf 89' lang='lat' dir='ltr'><strong>purae</strong></span> <span class='ocrx_word' id='word_1_573' title='bbox 3806 3153 3874 3211; x_wconf 88' lang='lat' dir='ltr'><strong>et</strong></span> <span class='ocrx_word' id='word_1_574' title='bbox 3915 3154 4181 3212; x_wconf 89' lang='lat' dir='ltr'><strong>sanctae</strong></span> <span class='ocrx_word' id='word_1_575' title='bbox 4214 3146 4341 3211; x_wconf 89' lang='lat' dir='ltr'><strong>hu·</strong></span> <span class='ocrx_word' id='word_1_576' title='bbox 4436 3158 4449 3170; x_wconf 86' lang='lat'><strong>·</strong></span> 
     </span>
    </p>
   </div>
   <div class='ocr_carea' id='block_1_12' title="bbox 2378 3242 4406 5276">
    <p class='ocr_par' dir='ltr' id='par_1_29' title="bbox 2383 3242 4406 4514">
     <span class='ocr_line' id='line_1_91' title="bbox 2390 3242 4343 3405; baseline -0.001 -21"><span class='ocrx_word' id='word_1_577' title='bbox 2390 3254 2863 3405; x_wconf 43' lang='lat' dir='ltr'><strong>manQdmn]</strong></span> <span class='ocrx_word' id='word_1_578' title='bbox 2915 3242 3897 3402; x_wconf 40' lang='lat' dir='ltr'><strong>{oiurxetsapeilr-ffliimliroprietatem.</strong></span> <span class='ocrx_word' id='word_1_579' title='bbox 3985 3317 4114 3382; x_wconf 84' lang='lat' dir='ltr'><strong>Est</strong></span> <span class='ocrx_word' id='word_1_580' title='bbox 4165 3305 4343 3383; x_wconf 82' lang='lat' dir='ltr'><strong>enim</strong></span> 
     </span>
     <span class='ocr_line' id='line_1_92' title="bbox 2391 3402 4340 3484; baseline -0.001 -15"><span class='ocrx_word' id='word_1_581' title='bbox 2391 3403 2655 3484; x_wconf 89' lang='lat' dir='ltr'><strong>adoriri,</strong></span> <span class='ocrx_word' id='word_1_582' title='bbox 2699 3411 2774 3469; x_wconf 91' lang='lat' dir='ltr'><strong>ut</strong></span> <span class='ocrx_word' id='word_1_583' title='bbox 2815 3403 3126 3469; x_wconf 89' lang='lat' dir='ltr'><strong>admonet</strong></span> <span class='ocrx_word' id='word_1_584' title='bbox 3164 3405 3470 3470; x_wconf 89' lang='lat' dir='ltr'><strong>Donatus</strong></span> <span class='ocrx_word' id='word_1_585' title='bbox 3515 3403 3585 3469; x_wconf 88' lang='lat' dir='ltr'><strong>in</strong></span> <span class='ocrx_word' id='word_1_586' title='bbox 3628 3402 3954 3468; x_wconf 87' lang='lat' dir='ltr'><strong>Andriam</strong></span> <span class='ocrx_word' id='word_1_587' title='bbox 3968 3454 3985 3482; x_wconf 95' lang='lat'><strong>,</strong></span> <span class='ocrx_word' id='word_1_588' title='bbox 4046 3423 4130 3468; x_wconf 86' lang='lat' dir='ltr'><strong>ex</strong></span> <span class='ocrx_word' id='word_1_589' title='bbox 4178 3403 4340 3468; x_wconf 87' lang='lat' dir='ltr'><strong>insi-</strong></span> 
     </span>
     <span class='ocr_line' id='line_1_93' title="bbox 2391 3488 4342 3638; baseline -0.002 -82"><span class='ocrx_word' id='word_1_590' title='bbox 2391 3489 2518 3556; x_wconf 89' lang='lat' dir='ltr'><strong>diis</strong></span> <span class='ocrx_word' id='word_1_591' title='bbox 2574 3497 2847 3574; x_wconf 90' lang='lat' dir='ltr'><strong>repente</strong></span> <span class='ocrx_word' id='word_1_592' title='bbox 2903 3489 3247 3569; x_wconf 88' lang='lat' dir='ltr'><strong>invadere,</strong></span> <span class='ocrx_word' id='word_1_593' title='bbox 3307 3510 3391 3555; x_wconf 91' lang='lat' dir='ltr'><strong>ex</strong></span> <span class='ocrx_word' id='word_1_594' title='bbox 3451 3510 3526 3555; x_wconf 92' lang='lat' dir='ltr'><strong>eo</strong></span> <span class='ocrx_word' id='word_1_595' title='bbox 3580 3488 3750 3572; x_wconf 92' lang='lat' dir='ltr'><strong>quod</strong></span> <span class='ocrx_word' id='word_1_596' title='bbox 3805 3509 4074 3573; x_wconf 87' lang='lat' dir='ltr'><strong>corpora</strong></span> <span class='ocrx_word' id='word_1_597' title='bbox 4121 3507 4342 3638; x_wconf 54' lang='lat' dir='ltr'><strong>ingre-</strong></span> 
     </span>
     <span class='ocr_line' id='line_1_94' title="bbox 2391 3573 4341 3661; baseline -0.003 -19"><span class='ocrx_word' id='word_1_598' title='bbox 2391 3576 2726 3642; x_wconf 89' lang='lat' dir='ltr'><strong>diuntium</strong></span> <span class='ocrx_word' id='word_1_599' title='bbox 2770 3583 3135 3661; x_wconf 90' lang='lat' dir='ltr'><strong>exsurgant</strong></span> <span class='ocrx_word' id='word_1_600' title='bbox 3177 3575 3417 3655; x_wconf 90' lang='lat' dir='ltr'><strong>subito,</strong></span> <span class='ocrx_word' id='word_1_601' title='bbox 3462 3581 3658 3658; x_wconf 90' lang='lat' dir='ltr'><strong>atque</strong></span> <span class='ocrx_word' id='word_1_602' title='bbox 3701 3574 4086 3640; x_wconf 89' lang='lat' dir='ltr'><strong>increscant.</strong></span> <span class='ocrx_word' id='word_1_603' title='bbox 4152 3573 4190 3638; x_wconf 92' lang='grc' dir='ltr'><strong>Ι</strong></span> <span class='ocrx_word' id='word_1_604' title='bbox 4235 3594 4341 3638; x_wconf 93' lang='lat' dir='ltr'><strong>em</strong></span> 
     </span>
     <span class='ocr_line' id='line_1_95' title="bbox 2388 3659 4342 3746; baseline -0.003 -18"><span class='ocrx_word' id='word_1_605' title='bbox 2388 3662 2458 3727; x_wconf 92' lang='lat' dir='ltr'><strong>in</strong></span> <span class='ocrx_word' id='word_1_606' title='bbox 2501 3660 2870 3744; x_wconf 88' lang='lat' dir='ltr'><strong>Adelphos:</strong></span> <span class='ocrx_word' id='word_1_607' title='bbox 2927 3660 3377 3746; x_wconf 79' lang='lat' dir='ltr'><strong>Aggredimur</strong></span> <span class='ocrx_word' id='word_1_608' title='bbox 3430 3659 3512 3726; x_wconf 92' lang='lat' dir='ltr'><strong>de</strong></span> <span class='ocrx_word' id='word_1_609' title='bbox 3566 3660 3951 3745; x_wconf 86' lang='lat' dir='ltr'><strong>longinquo,</strong></span> <span class='ocrx_word' id='word_1_610' title='bbox 4009 3659 4342 3724; x_wconf 89' lang='lat' dir='ltr'><strong>adorimur</strong></span> 
     </span>
     <span class='ocr_line' id='line_1_96' title="bbox 2388 3743 4341 3827; baseline -0.002 -15"><span class='ocrx_word' id='word_1_611' title='bbox 2388 3769 2471 3812; x_wconf 90' lang='lat' dir='ltr'><strong>ex</strong></span> <span class='ocrx_word' id='word_1_612' title='bbox 2515 3747 2791 3812; x_wconf 89' lang='lat' dir='ltr'><strong>insidiis.</strong></span> <span class='ocrx_word' id='word_1_613' title='bbox 2882 3745 3113 3813; x_wconf 82' lang='lat' dir='ltr'><strong>Cicero</strong></span> <span class='ocrx_word' id='word_1_614' title='bbox 3155 3748 3224 3812; x_wconf 92' lang='lat' dir='ltr'><strong>in</strong></span> <span class='ocrx_word' id='word_1_615' title='bbox 3260 3745 3538 3812; x_wconf 88' lang='lat' dir='ltr'><strong>Milone:</strong></span> <span class='ocrx_word' id='word_1_616' title='bbox 3587 3744 3722 3827; x_wconf 81' lang='lat' dir='ltr'><strong>Qui</strong></span> <span class='ocrx_word' id='word_1_617' title='bbox 3766 3754 3953 3810; x_wconf 90' lang='lat' dir='ltr'><strong>erant</strong></span> <span class='ocrx_word' id='word_1_618' title='bbox 3994 3766 4146 3811; x_wconf 90' lang='lat' dir='ltr'><strong>cum</strong></span> <span class='ocrx_word' id='word_1_619' title='bbox 4188 3743 4341 3810; x_wconf 81' lang='lat'>010-</span> 
     </span>
     <span class='ocr_line' id='line_1_97' title="bbox 2389 3829 4406 3917; baseline -0.001 -18"><span class='ocrx_word' id='word_1_620' title='bbox 2389 3833 2523 3913; x_wconf 78' lang='lat' dir='ltr'><strong>dio,</strong></span> <span class='ocrx_word' id='word_1_621' title='bbox 2568 3832 2812 3917; x_wconf 87' lang='lat' dir='ltr'><strong>partim</strong></span> <span class='ocrx_word' id='word_1_622' title='bbox 2855 3853 3192 3900; x_wconf 87' lang='lat' dir='ltr'><strong>recurrere</strong></span> <span class='ocrx_word' id='word_1_623' title='bbox 3235 3831 3322 3898; x_wconf 89' lang='lat' dir='ltr'><strong>ad</strong></span> <span class='ocrx_word' id='word_1_624' title='bbox 3358 3831 3635 3898; x_wconf 90' lang='lat' dir='ltr'><strong>rhedam</strong></span> <span class='ocrx_word' id='word_1_625' title='bbox 3651 3883 3666 3910; x_wconf 90' lang='lat'><strong>,</strong></span> <span class='ocrx_word' id='word_1_626' title='bbox 3711 3837 3789 3896; x_wconf 92' lang='lat' dir='ltr'><strong>ut</strong></span> <span class='ocrx_word' id='word_1_627' title='bbox 3831 3852 3871 3896; x_wconf 90' lang='lat' dir='ltr'><strong>a</strong></span> <span class='ocrx_word' id='word_1_628' title='bbox 3913 3838 4100 3914; x_wconf 85' lang='lat' dir='ltr'><strong>tergo</strong></span> <span class='ocrx_word' id='word_1_629' title='bbox 4143 3829 4340 3896; x_wconf 89' lang='lat' dir='ltr'><strong>Milo-</strong></span> <span class='ocrx_word' id='word_1_630' title='bbox 4397 3884 4406 3897; x_wconf 91' lang='lat'><strong>.</strong></span> 
     </span>
     <span class='ocr_line' id='line_1_98' title="bbox 2387 3914 4343 4000; baseline -0.002 -15"><span class='ocrx_word' id='word_1_631' title='bbox 2387 3940 2543 3985; x_wconf 90' lang='lat' dir='ltr'><strong>nem</strong></span> <span class='ocrx_word' id='word_1_632' title='bbox 2596 3918 3027 3985; x_wconf 88' lang='lat' dir='ltr'><strong>adorirentur.</strong></span> <span class='ocrx_word' id='word_1_633' title='bbox 3119 3919 3356 3987; x_wconf 90' lang='lat' dir='ltr'><strong>Livius</strong></span> <span class='ocrx_word' id='word_1_634' title='bbox 3411 3917 3519 3984; x_wconf 91' lang='lat' dir='ltr'><strong>lib.</strong></span> <span class='ocrx_word' id='word_1_635' title='bbox 3562 3916 3750 3981; x_wconf 89' lang='lat' dir='ltr'><strong>VII.:</strong></span> <span class='ocrx_word' id='word_1_636' title='bbox 3795 3914 3930 3981; x_wconf 82' lang='lat' dir='ltr'><strong>Via</strong></span> <span class='ocrx_word' id='word_1_637' title='bbox 3978 3916 4343 4000; x_wconf 88' lang='lat' dir='ltr'><strong>patentiore</strong></span> 
     </span>
     <span class='ocr_line' id='line_1_99' title="bbox 2387 4002 4342 4088; baseline -0.002 -18"><span class='ocrx_word' id='word_1_638' title='bbox 2387 4006 2471 4071; x_wconf 89' lang='lat' dir='ltr'><strong>ad</strong></span> <span class='ocrx_word' id='word_1_639' title='bbox 2537 4006 2799 4071; x_wconf 88' lang='lat' dir='ltr'><strong>hostem</strong></span> <span class='ocrx_word' id='word_1_640' title='bbox 2865 4003 3228 4083; x_wconf 81' lang='lat' dir='ltr'><strong>ducuntur,</strong></span> <span class='ocrx_word' id='word_1_641' title='bbox 3308 4025 3506 4088; x_wconf 89' lang='lat' dir='ltr'><strong>quem</strong></span> <span class='ocrx_word' id='word_1_642' title='bbox 3569 4003 3924 4077; x_wconf 64' lang='lat' dir='ltr'><strong>,incautum</strong></span> <span class='ocrx_word' id='word_1_643' title='bbox 3986 4002 4342 4087; x_wconf 88' lang='lat' dir='ltr'><strong>improviso</strong></span> 
     </span>
     <span class='ocr_line' id='line_1_100' title="bbox 2387 4088 4342 4172; baseline -0.002 -14"><span class='ocrx_word' id='word_1_644' title='bbox 2387 4090 2653 4158; x_wconf 87' lang='lat' dir='ltr'><strong>adortae</strong></span> <span class='ocrx_word' id='word_1_645' title='bbox 2698 4098 2818 4157; x_wconf 90' lang='lat' dir='ltr'><strong>etc.</strong></span> <span class='ocrx_word' id='word_1_646' title='bbox 2908 4090 3097 4155; x_wconf 92' lang='lat' dir='ltr'><strong>Idem</strong></span> <span class='ocrx_word' id='word_1_647' title='bbox 3141 4089 3249 4155; x_wconf 90' lang='lat' dir='ltr'><strong>lib.</strong></span> <span class='ocrx_word' id='word_1_648' title='bbox 3294 4089 3526 4155; x_wconf 82' lang='lat' dir='ltr'>XXL:</span> <span class='ocrx_word' id='word_1_649' title='bbox 3583 4088 3682 4155; x_wconf 87' lang='lat' dir='ltr'><strong>Ut</strong></span> <span class='ocrx_word' id='word_1_650' title='bbox 3719 4109 3919 4172; x_wconf 90' lang='lat' dir='ltr'><strong>quum</strong></span> <span class='ocrx_word' id='word_1_651' title='bbox 3964 4088 4135 4155; x_wconf 84' lang='lat' dir='ltr'><strong>facto</strong></span> <span class='ocrx_word' id='word_1_652' title='bbox 4179 4109 4342 4172; x_wconf 89' lang='lat' dir='ltr'><strong>opus</strong></span> 
     </span>
     <span class='ocr_line' id='line_1_101' title="bbox 2386 4173 4339 4262; baseline -0.003 -18"><span class='ocrx_word' id='word_1_653' title='bbox 2386 4179 2494 4258; x_wconf 91' lang='lat' dir='ltr'><strong>sit,</strong></span> <span class='ocrx_word' id='word_1_654' title='bbox 2537 4176 2873 4242; x_wconf 88' lang='lat' dir='ltr'><strong>adoriatur</strong></span> <span class='ocrx_word' id='word_1_655' title='bbox 2917 4198 2957 4242; x_wconf 90' lang='lat' dir='ltr'><strong>a</strong></span> <span class='ocrx_word' id='word_1_656' title='bbox 3000 4186 3187 4262; x_wconf 88' lang='lat' dir='ltr'><strong>tergo</strong></span> <span class='ocrx_word' id='word_1_657' title='bbox 3230 4176 3508 4241; x_wconf 88' lang='lat' dir='ltr'><strong>hostem.</strong></span> <span class='ocrx_word' id='word_1_658' title='bbox 3599 4173 3869 4241; x_wconf 81' lang='lat' dir='ltr'><strong>Curtius</strong></span> <span class='ocrx_word' id='word_1_659' title='bbox 3912 4174 4079 4240; x_wconf 89' lang='lat' dir='ltr'><strong>libro</strong></span> <span class='ocrx_word' id='word_1_660' title='bbox 4115 4173 4339 4240; x_wconf 83' lang='lat' dir='ltr'><strong>Vm:</strong></span> 
     </span>
     <span class='ocr_line' id='line_1_102' title="bbox 2386 4260 4344 4348; baseline -0.002 -19"><span class='ocrx_word' id='word_1_661' title='bbox 2386 4261 2603 4345; x_wconf 77' lang='lat' dir='ltr'><strong>Quem</strong></span> <span class='ocrx_word' id='word_1_662' title='bbox 2645 4271 3211 4348; x_wconf 87' lang='lat' dir='ltr'><strong>praetergressum</strong></span> <span class='ocrx_word' id='word_1_663' title='bbox 3267 4261 3554 4347; x_wconf 79' lang='lat' dir='ltr'><strong>sylvam,</strong></span> <span class='ocrx_word' id='word_1_664' title='bbox 3610 4260 3722 4345; x_wconf 91' lang='lat' dir='ltr'><strong>qui</strong></span> <span class='ocrx_word' id='word_1_665' title='bbox 3773 4260 3849 4325; x_wconf 90' lang='lat' dir='ltr'><strong>in</strong></span> <span class='ocrx_word' id='word_1_666' title='bbox 3902 4283 3983 4326; x_wconf 89' lang='lat' dir='ltr'><strong>ea</strong></span> <span class='ocrx_word' id='word_1_667' title='bbox 4034 4260 4344 4326; x_wconf 88' lang='lat' dir='ltr'><strong>consede-</strong></span> 
     </span>
     <span class='ocr_line' id='line_1_103' title="bbox 2383 4345 4344 4431; baseline -0.002 -16"><span class='ocrx_word' id='word_1_668' title='bbox 2383 4358 2565 4429; x_wconf 89' lang='lat' dir='ltr'><strong>rant,</strong></span> <span class='ocrx_word' id='word_1_669' title='bbox 2620 4369 2705 4414; x_wconf 89' lang='lat' dir='ltr'><strong>ex</strong></span> <span class='ocrx_word' id='word_1_670' title='bbox 2747 4348 3101 4431; x_wconf 89' lang='lat' dir='ltr'><strong>improviso</strong></span> <span class='ocrx_word' id='word_1_671' title='bbox 3143 4346 3383 4425; x_wconf 89' lang='lat' dir='ltr'><strong>adorti,</strong></span> <span class='ocrx_word' id='word_1_672' title='bbox 3440 4367 3590 4412; x_wconf 89' lang='lat' dir='ltr'><strong>cum</strong></span> <span class='ocrx_word' id='word_1_673' title='bbox 3646 4345 3952 4412; x_wconf 89' lang='lat' dir='ltr'><strong>omnibus</strong></span> <span class='ocrx_word' id='word_1_674' title='bbox 3993 4348 4344 4412; x_wconf 81' lang='lat' dir='ltr'><strong>intereme-</strong></span> 
     </span>
     <span class='ocr_line' id='line_1_104' title="bbox 2385 4431 4339 4514; baseline -0.001 -14"><span class='ocrx_word' id='word_1_675' title='bbox 2385 4443 2561 4500; x_wconf 87' lang='lat' dir='ltr'><strong>runt.</strong></span> <span class='ocrx_word' id='word_1_676' title='bbox 2651 4434 2717 4498; x_wconf 93' lang='lat' dir='ltr'>N</span> <span class='ocrx_word' id='word_1_677' title='bbox 2716 4453 2792 4500; x_wconf 91' lang='lat' dir='ltr'><strong>ec</strong></span> <span class='ocrx_word' id='word_1_678' title='bbox 2848 4440 3070 4500; x_wconf 88' lang='lat' dir='ltr'><strong>tamen</strong></span> <span class='ocrx_word' id='word_1_679' title='bbox 3127 4434 3287 4499; x_wconf 88' lang='lat' dir='ltr'><strong>haec</strong></span> <span class='ocrx_word' id='word_1_680' title='bbox 3331 4431 3701 4498; x_wconf 88' lang='lat' dir='ltr'><strong>differentia</strong></span> <span class='ocrx_word' id='word_1_681' title='bbox 3737 4431 3976 4514; x_wconf 91' lang='lat' dir='ltr'><strong>ubique</strong></span> <span class='ocrx_word' id='word_1_682' title='bbox 4019 4440 4339 4499; x_wconf 90' lang='lat' dir='ltr'><strong>servatur.</strong></span> 
     </span>
    </p>

    <p class='ocr_par' dir='ltr' id='par_1_30' title="bbox 2378 4517 4342 5276">
     <span class='ocr_line' id='line_1_105' title="bbox 2561 4517 4342 4602; baseline -0.001 -17"><span class='ocrx_word' id='word_1_683' title='bbox 2561 4519 2819 4586; x_wconf 78' lang='lat' dir='ltr'><strong>Rursus</strong></span> <span class='ocrx_word' id='word_1_684' title='bbox 2883 4521 3129 4586; x_wconf 75' lang='lat' dir='ltr'><strong>silentio</strong></span> <span class='ocrx_word' id='word_1_685' title='bbox 3232 4519 3433 4584; x_wconf 90' lang='lat' dir='ltr'><strong>Prius</strong></span> <span class='ocrx_word' id='word_1_686' title='bbox 3499 4517 3847 4584; x_wconf 88' lang='lat' dir='ltr'><strong>consilium</strong></span> <span class='ocrx_word' id='word_1_687' title='bbox 3908 4518 4207 4602; x_wconf 90' lang='lat' dir='ltr'><strong>capiebat</strong></span> <span class='ocrx_word' id='word_1_688' title='bbox 4270 4520 4342 4583; x_wconf 90' lang='lat' dir='ltr'><strong>in</strong></span> 
     </span>
     <span class='ocr_line' id='line_1_106' title="bbox 2383 4606 4342 4688; baseline -0.002 -16"><span class='ocrx_word' id='word_1_689' title='bbox 2383 4615 2665 4672; x_wconf 89' lang='lat' dir='ltr'><strong>mortem</strong></span> <span class='ocrx_word' id='word_1_690' title='bbox 2732 4606 3031 4672; x_wconf 90' lang='lat' dir='ltr'><strong>hominis.</strong></span> <span class='ocrx_word' id='word_1_691' title='bbox 3187 4625 3272 4669; x_wconf 93' lang='lat' dir='ltr'><strong>on</strong></span> <span class='ocrx_word' id='word_1_692' title='bbox 3339 4624 3622 4686; x_wconf 90' lang='lat' dir='ltr'><strong>aequum</strong></span> <span class='ocrx_word' id='word_1_693' title='bbox 3686 4625 3828 4671; x_wconf 89' lang='lat' dir='ltr'><strong>esse</strong></span> <span class='ocrx_word' id='word_1_694' title='bbox 3890 4625 4342 4688; x_wconf 88' lang='lat' dir='ltr'><strong>percussorem</strong></span> 
     </span>
     <span class='ocr_line' id='line_1_107' title="bbox 2384 4690 4341 4775; baseline -0.002 -17"><span class='ocrx_word' id='word_1_695' title='bbox 2384 4713 2579 4759; x_wconf 91' lang='lat' dir='ltr'><strong>suum</strong></span> <span class='ocrx_word' id='word_1_696' title='bbox 2623 4693 3023 4775; x_wconf 89' lang='lat' dir='ltr'><strong>impunitum</strong></span> <span class='ocrx_word' id='word_1_697' title='bbox 3070 4691 3312 4756; x_wconf 86' lang='lat' dir='ltr'><strong>dimitti</strong></span> <span class='ocrx_word' id='word_1_698' title='bbox 3354 4712 3423 4756; x_wconf 92' lang='lat' dir='ltr'><strong>se</strong></span> <span class='ocrx_word' id='word_1_699' title='bbox 3468 4690 3763 4756; x_wconf 87' lang='lat' dir='ltr'><strong>sollicite.</strong></span> <span class='ocrx_word' id='word_1_700' title='bbox 3833 4690 4001 4756; x_wconf 86' lang='lat' dir='ltr'><strong>Esse</strong></span> <span class='ocrx_word' id='word_1_701' title='bbox 4043 4691 4341 4774; x_wconf 86' lang='lat' dir='ltr'><strong>irrogan-</strong></span> 
     </span>
     <span class='ocr_line' id='line_1_108' title="bbox 2384 4775 4341 4861; baseline -0.001 -18"><span class='ocrx_word' id='word_1_702' title='bbox 2384 4778 2536 4844; x_wconf 90' lang='lat' dir='ltr'><strong>dam</strong></span> <span class='ocrx_word' id='word_1_703' title='bbox 2578 4798 2857 4861; x_wconf 88' lang='lat' dir='ltr'><strong>poenam</strong></span> <span class='ocrx_word' id='word_1_704' title='bbox 2903 4775 3287 4854; x_wconf 86' lang='lat' dir='ltr'><strong>insidiatori,</strong></span> <span class='ocrx_word' id='word_1_705' title='bbox 3331 4776 3442 4860; x_wconf 91' lang='lat' dir='ltr'><strong>qui</strong></span> <span class='ocrx_word' id='word_1_706' title='bbox 3483 4777 3558 4840; x_wconf 91' lang='lat' dir='ltr'><strong>in</strong></span> <span class='ocrx_word' id='word_1_707' title='bbox 3593 4778 3733 4842; x_wconf 90' lang='lat' dir='ltr'><strong>eius</strong></span> <span class='ocrx_word' id='word_1_708' title='bbox 3767 4784 4046 4842; x_wconf 89' lang='lat' dir='ltr'><strong>mortem</strong></span> <span class='ocrx_word' id='word_1_709' title='bbox 4086 4776 4341 4860; x_wconf 89' lang='lat' dir='ltr'><strong>conspi-</strong></span> 
     </span>
     <span class='ocr_line' id='line_1_109' title="bbox 2382 4862 4341 4951; baseline 0 -22"><span class='ocrx_word' id='word_1_710' title='bbox 2382 4865 2658 4951; x_wconf 83' lang='lat' dir='ltr'><strong>raverit,</strong></span> <span class='ocrx_word' id='word_1_711' title='bbox 2711 4864 2817 4930; x_wconf 90' lang='lat' dir='ltr'><strong>cui</strong></span> <span class='ocrx_word' id='word_1_712' title='bbox 2868 4863 3133 4928; x_wconf 85' lang='lat' dir='ltr'><strong>fortuna</strong></span> <span class='ocrx_word' id='word_1_713' title='bbox 3185 4862 3381 4929; x_wconf 89' lang='lat' dir='ltr'><strong>toties</strong></span> <span class='ocrx_word' id='word_1_714' title='bbox 3435 4870 3831 4946; x_wconf 89' lang='lat' dir='ltr'><strong>pepercerat.</strong></span> <span class='ocrx_word' id='word_1_715' title='bbox 3919 4864 3982 4927; x_wconf 90' lang='lat' dir='ltr'>N</span> <span class='ocrx_word' id='word_1_716' title='bbox 3986 4883 4115 4927; x_wconf 90' lang='lat' dir='ltr'><strong>uno</strong></span> <span class='ocrx_word' id='word_1_717' title='bbox 4155 4863 4226 4926; x_wconf 92' lang='lat' dir='ltr'><strong>in</strong></span> <span class='ocrx_word' id='word_1_718' title='bbox 4270 4883 4341 4929; x_wconf 90' lang='lat' dir='ltr'><strong>se</strong></span> 
     </span>
     <span class='ocr_line' id='line_1_110' title="bbox 2379 4948 4338 5035; baseline -0.002 -19"><span class='ocrx_word' id='word_1_719' title='bbox 2379 4952 2600 5035; x_wconf 89' lang='lat' dir='ltr'><strong>ipsum</strong></span> <span class='ocrx_word' id='word_1_720' title='bbox 2646 4950 2845 5016; x_wconf 89' lang='lat' dir='ltr'><strong>vertit</strong></span> <span class='ocrx_word' id='word_1_721' title='bbox 2888 4948 3365 5015; x_wconf 88' lang='lat' dir='ltr'><strong>accusationem</strong></span> <span class='ocrx_word' id='word_1_722' title='bbox 3379 4999 3396 5027; x_wconf 89' lang='lat'><strong>,</strong></span> <span class='ocrx_word' id='word_1_723' title='bbox 3454 4957 3523 5014; x_wconf 89' lang='lat' dir='ltr'><strong>et</strong></span> <span class='ocrx_word' id='word_1_724' title='bbox 3563 4950 3771 5015; x_wconf 89' lang='lat' dir='ltr'><strong>vitam</strong></span> <span class='ocrx_word' id='word_1_725' title='bbox 3814 4970 4002 5015; x_wconf 92' lang='lat' dir='ltr'><strong>suam</strong></span> <span class='ocrx_word' id='word_1_726' title='bbox 4057 4948 4338 5014; x_wconf 85' lang='lat' dir='ltr'><strong>detesta-</strong></span> 
     </span>
     <span class='ocr_line' id='line_1_111' title="bbox 2380 5034 4338 5120; baseline -0.003 -17"><span class='ocrx_word' id='word_1_727' title='bbox 2380 5046 2511 5114; x_wconf 83' lang='lat' dir='ltr'><strong>tur,</strong></span> <span class='ocrx_word' id='word_1_728' title='bbox 2559 5057 2729 5120; x_wconf 87' lang='lat' dir='ltr'><strong>quae</strong></span> <span class='ocrx_word' id='word_1_729' title='bbox 2774 5044 2872 5100; x_wconf 83' lang='lat' dir='ltr'><strong>tot</strong></span> <span class='ocrx_word' id='word_1_730' title='bbox 2912 5034 3258 5100; x_wconf 87' lang='lat' dir='ltr'><strong>hominum</strong></span> <span class='ocrx_word' id='word_1_731' title='bbox 3303 5041 3549 5100; x_wconf 89' lang='lat' dir='ltr'><strong>mortes</strong></span> <span class='ocrx_word' id='word_1_732' title='bbox 3597 5056 3818 5103; x_wconf 92' lang='lat' dir='ltr'><strong>secum</strong></span> <span class='ocrx_word' id='word_1_733' title='bbox 3861 5034 4103 5100; x_wconf 88' lang='lat' dir='ltr'><strong>trahat.</strong></span> <span class='ocrx_word' id='word_1_734' title='bbox 4190 5034 4338 5101; x_wconf 89' lang='lat' dir='ltr'><strong>Mo-</strong></span> 
     </span>
     <span class='ocr_line' id='line_1_112' title="bbox 2378 5119 4339 5205; baseline -0.002 -17"><span class='ocrx_word' id='word_1_735' title='bbox 2378 5122 2690 5188; x_wconf 90' lang='lat' dir='ltr'><strong>riendum</strong></span> <span class='ocrx_word' id='word_1_736' title='bbox 2733 5122 2953 5205; x_wconf 87' lang='lat' dir='ltr'><strong>itaque</strong></span> <span class='ocrx_word' id='word_1_737' title='bbox 3002 5121 3129 5187; x_wconf 91' lang='lat' dir='ltr'><strong>sibi</strong></span> <span class='ocrx_word' id='word_1_738' title='bbox 3171 5119 3531 5198; x_wconf 88' lang='lat' dir='ltr'><strong>concludit,</strong></span> <span class='ocrx_word' id='word_1_739' title='bbox 3588 5121 3741 5204; x_wconf 89' lang='lat' dir='ltr'><strong>quia</strong></span> <span class='ocrx_word' id='word_1_740' title='bbox 3782 5120 4007 5186; x_wconf 91' lang='lat' dir='ltr'><strong>vivere</strong></span> <span class='ocrx_word' id='word_1_741' title='bbox 4050 5140 4182 5187; x_wconf 92' lang='lat' dir='ltr'><strong>non</strong></span> <span class='ocrx_word' id='word_1_742' title='bbox 4224 5141 4339 5203; x_wconf 90' lang='lat' dir='ltr'><strong>po-</strong></span> 
     </span>
     <span class='ocr_line' id='line_1_113' title="bbox 2378 5206 3340 5276; baseline -0.004 -1"><span class='ocrx_word' id='word_1_743' title='bbox 2378 5216 2511 5276; x_wconf 86' lang='lat' dir='ltr'><strong>test</strong></span> <span class='ocrx_word' id='word_1_744' title='bbox 2555 5209 2698 5273; x_wconf 89' lang='lat' dir='ltr'><strong>sine</strong></span> <span class='ocrx_word' id='word_1_745' title='bbox 2741 5206 3101 5272; x_wconf 84' lang='lat' dir='ltr'><strong>multorum</strong></span> <span class='ocrx_word' id='word_1_746' title='bbox 3146 5207 3340 5272; x_wconf 91' lang='lat' dir='ltr'><strong>malo.</strong></span> 
     </span>
    </p>
   </div>
  </div>
 </body>
</html>
