4984 5975
471 307 798 378 XXXVI
1655 305 2206 376 TRAOTATUS
2245 302 2835 372 THEOLOGIOI
2875 300 3317 372 MINORES.

483 498 707 564 minor
749 498 948 563 etiam
993 518 1143 582 spes
1187 504 1324 579 est,
1369 518 1572 582 quum
1612 495 2018 581 exemplaria
2057 494 2127 559 in
2168 493 2415 560 nostris
2456 493 2750 560 maxime
2805 493 2998 559 terris
3042 490 3381 561 divendita
3424 490 3581 556 olim
3634 498 3931 556 naturae
3954 512 4175 591 rerum
4221 511 4494 558 consen-

484 617 758 677 taneum
795 609 1115 677 videatur.
1203 608 1351 674 Iam
1396 630 1596 692 quum
1640 606 1981 674 ambarum
2025 607 2394 691 principum
2438 605 2623 689 copia
2664 603 2853 670 nobis
2894 626 3028 671 non
3070 604 3288 683 fuerit,
3335 602 3416 668 de
3458 623 3687 669 earum
3729 600 3939 683 textu,
3984 609 4306 697 quatenus
4342 622 4494 670 oum

483 741 561 787 eo
603 742 800 805 quem
837 720 1030 786 hodie
1073 720 1378 787 manibus
1412 726 1773 786 tractamus
1815 719 2166 802 conspiret,
2213 717 2426 783 dicere
2467 738 2601 782 non
2644 736 3007 801 possumus.
3082 716 3246 782 Post
3285 714 3714 780 basileensem
3750 713 3950 809 etiam
3983 714 4495 801 recognitionem

482 832 695 899 multa
738 832 820 898 ab
866 839 1092 898 autore
1131 840 1387 898 mutata
1429 853 1572 898 esse
1614 852 1749 896 non
1793 830 2121 898 credimus
2133 854 2150 911 ;
2196 849 2424 896 verum
2480 828 2657 893 inter
2708 829 2992 913 primam
3044 834 3113 894 et
3178 825 3534 893 secundam
3597 825 3950 892 editionem
4005 827 4319 892 maiorem
4375 824 4495 891 ali-

491 965 692 1028 quam
736 942 1177 1010 differentiam
1225 944 1671 1010 intercessisse
1715 942 1988 1008 minime
2032 940 2302 1009 dubium
2346 945 2462 1005 est.
2552 939 2636 1005 In
2678 960 2758 1005 ea
2798 938 3061 1024 quidem
3105 939 3504 1024 praefatione
3519 990 3535 1019 ,
3590 958 3787 1022 quam
3830 936 4150 1005 Calvinus
4192 937 4495 1005 Basileae

483 1076 726 1121 novam
761 1054 1013 1121 addidit
1055 1053 1136 1120 de
1180 1061 1430 1120 mutato
1469 1054 1621 1120 stilo
1667 1054 1850 1134 nihil,
1894 1052 2105 1131 multa
2138 1072 2295 1117 vero
2339 1050 2670 1117 habentur
2711 1048 2945 1135 quibus
2988 1070 3085 1131 ea,
3130 1071 3296 1135 quae
3340 1050 3420 1116 de
3464 1048 3858 1115 adversariis
3898 1048 4095 1134 paulo
4132 1050 4350 1115 acrius
4395 1056 4495 1115 at-

484 1187 612 1250 que
648 1166 945 1251 asperius
978 1164 1153 1232 dicta
1194 1162 1406 1233 videri
1438 1171 1765 1248 poterant,
1806 1163 2194 1248 simpliciter
2235 1168 2459 1229 tuetur
2502 1169 2568 1252 et
2607 1162 2917 1243 vindicat,
2962 1184 3082 1228 nec
3122 1161 3480 1257 quidquam
3521 1161 3825 1246 mitigare
3860 1161 4129 1245 quaerit,
4175 1160 4246 1226 id
4279 1160 4495 1228 solum

482 1297 760 1344 monens
774 1327 792 1356 ,
848 1299 932 1343 ne
984 1277 1140 1343 boni
1181 1277 1337 1356 viri,
1393 1277 1452 1344 si
1494 1276 1639 1361 quis
1697 1276 1906 1342 nimia
1949 1273 2256 1342 credendi
2297 1274 2607 1341 facilitate
2660 1275 2734 1340 in
2777 1273 3052 1340 eandem
3093 1274 3322 1340 falsam
3371 1274 3747 1357 opinionem
3790 1270 4098 1359 abreptus
4142 1274 4367 1354 fuerit,
4421 1272 4495 1338 in

486 1408 676 1454 suam
720 1387 1183 1454 contumeliam
1215 1388 1490 1454 trahant
1521 1409 1690 1473 quae
1730 1409 1866 1453 non
1909 1386 2042 1452 nisi
2071 1388 2146 1452 in
2184 1374 2558 1470 pervicaces
2601 1386 2963 1453 haereticos
2997 1392 3064 1451 et
3103 1385 3462 1453 malitiosos
3498 1385 3796 1452 veritatis
3836 1394 4319 1471 oppugnatores
4362 1385 4499 1450 sint

484 1499 834 1584 proposita.
906 1499 1008 1563 'ru
1052 1517 1210 1564 vero
1250 1520 1408 1566 cave
1451 1499 1615 1565 haec
1654 1500 1753 1563 ita
1794 1518 2033 1578 sumas,
2079 1498 2268 1582 quasi
2310 1496 2675 1565 basileense
2717 1497 3055 1582 exemplar
3087 1496 3466 1582 parisiensis
3509 1518 3751 1580 purum
3792 1505 4028 1581 putum
4071 1495 4497 1583 apographon

483 1608 703 1676 fuerit.
790 1607 1152 1677 Incidimus
1198 1611 1375 1676 enim
1416 1610 1482 1676 N
1483 1611 1730 1676 eocomi
1769 1610 1842 1675 in
1885 1609 2228 1694 epistolam
2271 1608 2541 1676 Calvini
2581 1607 2916 1690 ineditam,
2961 1609 3044 1674 ad
3088 1607 3641 1694 Christophorum
3684 1607 4124 1689 Libertinum,
4170 1607 4333 1675 alias
4376 1607 4496 1674 Li-

486 1721 724 1789 berteti
765 1721 875 1788 vel
908 1721 1117 1788 Fabri
1158 1722 1424 1787 nomine
1467 1721 1869 1807 appellatum
1883 1773 1901 1801 ,
1947 1720 2133 1789 verbi
2177 1720 2386 1787 divini
2426 1720 2808 1787 ministrum
2848 1728 2995 1786 tum
3039 1719 3353 1803 temporis
3395 1719 3604 1787 Bolae
3646 1724 3875 1803 postea
3907 1719 4189 1785 Tononii
4244 1721 4316 1785 in
4369 1718 4496 1787 Sa-

482 1830 723 1900 baudia
765 1832 1144 1918 degentem,
1204 1853 1259 1898 a.
1307 1831 1367 1899 d.
1411 1832 1539 1898 ΙΠ.
1597 1830 1761 1900 Idus
1804 1831 2214 1918 Septembris
2255 1832 2487 1898 incerti
2532 1832 2691 1899 anni
2734 1831 2878 1917 (qui
2919 1837 3169 1912 tamen,
3227 1832 3282 1896 si
3322 1830 3482 1915 quid
3514 1828 3847 1910 videmus,
3899 1834 4061 1895 1535
4104 1830 4260 1916 fuit)
4304 1832 4498 1896 Basi-

482 1945 629 2012 leae
670 1945 997 2029 scriptam,
1042 1945 1114 2008 in
1158 1965 1289 2028 qua
1330 1946 1505 2010 inter
1544 1944 1677 2010 alia
1718 1943 1882 2010 haec
1924 1943 2265 2029 leguntur:
2322 1942 2471 2009 Iam
2525 1943 2685 2008 mibi
2729 1964 2772 2007 a
2812 1943 3013 2009 nescio
3055 1962 3176 2026 quo
3218 1962 3419 2008 sermo
3462 1947 3565 2008 tuo
3602 1942 3897 2009 mandato
3952 1942 4233 2007 iniectus
4264 1941 4496 2025 suerat,

483 2057 557 2121 in
600 2054 801 2121 libello
841 2060 1054 2121 nostro
1099 2056 1176 2121 de
1217 2056 1581 2121 animarum
1633 2055 2100 2121 inmortalitate
2141 2074 2268 2120 non
2308 2054 2470 2120 satis
2513 2053 2628 2119 tibi
2658 2044 2924 2137 probari
2967 2055 3298 2137 quaedam.
3387 2052 3524 2139 qu
3575 2074 3718 2119 vero
3772 2058 4014 2119 tantum
4068 2052 4238 2119 abest
4279 2058 4352 2118 nt
4393 2058 4499 2121 tuo

481 2166 721 2233 iudicio
763 2166 1037 2249 offensus
1074 2167 1339 2250 fuerim,
1363 2171 1453 2232 ‘ut
1486 2166 1603 2233 hac
1643 2167 1917 2251 inqenua
1959 2166 2361 2250 simplicitate
2402 2167 2565 2231 mire
2604 2167 2732 2232 sim
2772 2166 3117 2233 delectatus.
3209 2165 3426 2248 Neque
3480 2165 3647 2229 enim
3702 2186 3779 2230 ea
3834 2170 3927 2231 est
3975 2183 4115 2229 mea
4165 2166 4501 2232 morositas

484 2281 572 2359 ut,
615 2297 810 2361 quam
847 2277 1010 2342 mibi
1039 2278 1333 2362 permitto
1374 2278 1601 2344 iudicii
1643 2277 1998 2358 libertatem,
2039 2278 2394 2360 ademptam
2435 2276 2592 2344 aliis
2632 2277 2830 2345 velim.
2902 2277 3004 2343 Ne
3046 2283 3253 2343 tamen
3292 2297 3428 2342 rem
3471 2282 3675 2343 actam
3717 2277 3952 2361 agendo
3990 2276 4241 2359 frustra
4279 2281 4336 2342 te
4376 2283 4500 2344 tor-

485 2409 709 2474 queo-9,
765 2389 994 2456 librum
1036 2391 1250 2472 ipsum
1278 2409 1489 2472 paene
1532 2410 1612 2455 ex
1651 2391 1887 2474 inteyro
1928 2390 2078 2456 scito
2120 2411 2162 2453 a
2203 2409 2299 2453 me
2351 2393 2673 2455 retextum.
2765 2388 2914 2455 Non
2965 2388 3185 2455 multis
3236 2388 3487 2471 quidem
3540 2392 3652 2454 aut
3702 2387 3941 2453 additis
3992 2392 4106 2452 aut
4159 2389 4500 2472 expunctis,

486 2502 599 2570 sed
625 2521 910 2585 prorsus
949 2503 1197 2567 inverso
1235 2502 1472 2583 ordine,
1515 2522 1878 2584 quanquam
1907 2520 2125 2584 panca
2166 2500 2478 2584 quaedam
2519 2500 2767 2580 sustuli,
2810 2500 2945 2567 alia
2984 2501 3227 2581 addidi,
3270 2500 3512 2565 mutavi
3552 2500 3742 2566 etiam
3782 2498 4101 2565 nonnulla.
4188 2499 4297 2565 Ea
4333 2502 4502 2567 enim

485 2615 908 2682 commentatio
961 2632 1153 2695 quam
1203 2610 1523 2678 Olivetano
1577 2612 1901 2698 leyendam
1949 2612 2246 2678 dederam
2298 2611 2690 2696 ooqitationes
2737 2630 2910 2677 meas
2961 2610 3306 2678 continebat
3353 2611 3560 2695 maqis
3610 2609 3683 2701 in
3737 2610 4113 2677 adversaria
4165 2618 4499 2697 conyestas,

487 2745 682 2809 quam
722 2730 882 2791 certo
922 2724 1325 2811 distinctam
1369 2724 1587 2789 ordine
1626 2724 1921 2808 diyestas,
1962 2723 2213 2789 etiamsi
2252 2722 2462 2804 forma
2505 2722 2812 2806 quaedam
2853 2727 3011 2789 esset
3051 2722 3316 2789 ordinis.
3401 2721 3576 2788 Eum
3615 2742 3841 2788 novum
3881 2721 4138 2805 librum,
4191 2725 4286 2790 sic
4336 2725 4503 2791 enim

487 2836 813 2919 appellare
869 2835 1038 2915 libet,
1091 2834 1179 2899 ad
1230 2840 1286 2900 te
1337 2836 1677 2916 misissem,
1732 2835 1796 2900 si
1847 2834 2109 2900 relectus
2159 2855 2203 2899 a
2255 2855 2354 2899 me
2407 2840 2578 2901 esset.
2671 2833 2796 2899 Sed
2847 2855 2926 2901 ex
2978 2855 3197 2917 quaa
3255 2833 3549 2918 Gaspare
3604 2834 3983 2917 descriptus,
4022 2855 4172 2927 ‘non
4226 2835 4498 2919 inspexi.

483 2949 687 3016 Patet
730 2969 813 3013 ex
854 2947 960 3014 his
976 2999 992 3026 ,
1039 2945 1391 3013 Calvinum
1433 2947 1679 3014 librum
1723 2968 1917 3015 suum
1960 2947 2055 3012 ita
2095 2953 2420 3027 mutasse,
2464 2947 2570 3013 sin
2614 2947 2834 3013 minus
2886 2947 2958 3012 in
3010 2945 3174 3031 ipsis
3229 2947 3604 3028 sententiis,
3660 2954 3732 3012 at
3784 2954 3960 3015 certe
4011 2948 4221 3033 quoad
4272 2970 4499 3016 rerum

490 3059 793 3126 ordinem
837 3066 904 3124 et
945 3060 1147 3126 totius
1185 3056 1640 3143 disputationis
1684 3067 1997 3139 tenorem,
2043 3065 2120 3124 ut
2161 3081 2312 3126 eum
2345 3065 2562 3126 totum
2596 3059 2846 3126 calamo
2882 3058 3379 3126 describendum
3414 3079 3644 3126 curare
3679 3058 3993 3142 debuerit,
4035 3068 4105 3128 et
4138 3062 4501 3146 parisiense

393 3233 402 3247 ,
489 3171 855 3257 exemplar,
911 3171 1087 3254 quod
1129 3192 1281 3237 cum
1322 3170 1674 3238 Olivetano
1718 3179 1789 3237 et
1831 3169 2306 3255 Ohristophoro
2347 3173 2975 3250 communicaverat,
3017 3191 3269 3238 meram
3311 3171 3382 3237 in
3426 3170 3804 3238 adversaria
3845 3172 4085 3240 factam
4129 3177 4503 3260 congeriem

486 3283 706 3352 dicere
747 3284 1052 3368 potuerit.
1140 3283 1269 3348 Est
1321 3283 1524 3368 igitur
1564 3282 1674 3348 hio
1730 3281 1902 3367 quod
1954 3303 2351 3367 magnopere
2402 3283 2846 3367 deploremus:
2900 3283 3191 3367 primum
3243 3282 3492 3350 scilicet
3532 3282 3794 3351 Calvini
3844 3305 4009 3370 opus
4061 3284 4499 3373 theologicum

485 3395 700 3483 quoad
742 3395 1101 3481 genuinam
1145 3414 1334 3460 suam
1376 3401 1446 3459 et
1487 3391 1785 3461 nativam
1829 3395 2108 3460 formam
2150 3395 2338 3461 nobis
2382 3394 2798 3479 deperditum
2853 3416 2998 3462 esse
3012 3447 3030 3476 ,
3087 3391 3273 3461 cuius
3329 3415 3489 3461 sane
3541 3395 3792 3462 iactura
3832 3417 3970 3465 non
4011 3405 4147 3463 tam
4191 3398 4503 3464 scientiae
4572 3393 4585 3402 ’

485 3508 694 3594 ipsius
735 3506 843 3576 vel
887 3505 1047 3571 adeo
1093 3506 1401 3573 ecclesiae
1445 3506 1786 3573 commoda
1827 3506 2073 3591 tangit,
2132 3526 2330 3590 quam
2371 3507 2445 3572 in
2486 3508 2735 3573 autoris
2752 3507 2917 3575 'vita
2971 3506 3350 3593 diligentius
3403 3504 3774 3574 enarranda
3824 3507 4133 3576 lacunam
4186 3510 4345 3576 facit
4382 3511 4503 3576 vix

482 3621 860 3688 coniectura
901 3617 1123 3701 aliqua
1162 3618 1574 3701 explendam.

792 3728 899 3796 Ad
945 3728 1222 3795 eandem
1274 3729 1704 3796 basileensem
1750 3729 2439 3816 Psychopannychiae
2489 3730 3002 3815 recognitionem
3055 3730 3388 3815 pertinere
3429 3730 3741 3799 videntur
3782 3751 3949 3817 quae
4001 3723 4286 3817 legimus
4338 3733 4503 3800 satis

493 3844 769 3910 obscure
812 3841 1007 3923 dicta,
1052 3842 1124 3906 in
1168 3840 1441 3925 epistola
1481 3841 1763 3925 quadam
1805 3841 2196 3927 Wolfgangi
2240 3841 2584 3926 Capitonis
2627 3843 2697 3907 in
2740 3839 3136 3907 bibliotheca
3178 3841 3536 3928 genevensi
3579 3849 3931 3911 asservata.
4013 3841 4203 3925 Quae
4236 3843 4504 3927 quidem

488 3955 632 4022 sine
675 3954 780 4020 die
824 3961 892 4020 et
932 3953 1197 4020 consule
1241 3955 1679 4038 Argentorato
1724 3954 1807 4020 ad
1853 3953 2257 4021 Martianum
2301 3954 2677 4021 Lucanium
2721 3952 3047 4037 quendam
3100 3954 3303 4020 missa
3355 3960 3484 4032 est,
3529 3975 3763 4020 verum
3821 3975 3953 4021 non
4006 3955 4333 4022 nescimus
4376 3957 4502 4025 sub

486 4066 612 4133 hoc
652 4067 920 4133 nomine
962 4067 1184 4150 ipsum
1227 4065 1583 4133 Calvinum
1624 4066 1927 4133 Basileae
1972 4064 2322 4146 delituisse,
2367 4074 2723 4150 antequam
2764 4065 3054 4131 italicum
3089 4066 3220 4131 iter
3251 4064 3739 4150 aggrederetur,
3784 4065 4138 4149 eademque
4171 4067 4500 4153 subscrip-

485 4179 667 4246 tione
709 4191 904 4244 usum
947 4177 1149 4243 fuisse
1191 4179 1262 4243 in
1303 4176 1419 4242 illa
1460 4176 1669 4243 altera
1712 4177 1988 4261 epistola
2030 4178 2216 4244 ouius
2257 4175 2449 4242 modo
2490 4178 2938 4262 fragmentum
2980 4163 3337 4245 attulimus.
3426 4178 3573 4244 Iam
3630 4175 3743 4243 ille
3797 4176 3961 4242 haec
4017 4176 4100 4242 ad
4143 4176 4498 4245 Nostrum:

493 4290 739 4356 Gustus
775 4289 926 4355 libri
968 4290 1066 4353 twt
1102 4288 1431 4371 perplacet.
1523 4286 1818 4355 Penitius
1859 4309 2211 4374 coynoscere
2249 4288 2326 4355 de
2366 4292 2484 4354 toto
2525 4310 2649 4355 non
2705 4290 2885 4355 licuit
2922 4293 3181 4373 propter
3220 4290 3498 4357 minutos
3547 4293 3604 4355 et
3656 4288 3816 4354 mibi
3869 4286 4192 4373 illeyibiles
4245 4290 4498 4358 charac-

484 4407 657 4466 teres.
746 4400 850 4466 De
892 4401 1140 4480 edendo,
1177 4400 1239 4465 si
1278 4419 1391 4465 nos
1434 4401 1643 4480 audis,
1685 4400 1936 4466 omnino
1966 4400 2257 4483 proferes
2296 4389 2626 4467 consilinm
2667 4401 2737 4465 in
2779 4406 3023 4483 tempus
3061 4402 3453 4468 eonnnodius.
3542 4398 3692 4465 Iam
3742 4399 3926 4465 sectis
3978 4401 4190 4467 omnia
4218 4408 4499 4485 perstre-

473 4517 644 4594 punt
681 4517 739 4578 et
784 4511 1094 4578 Germani
1136 4531 1369 4594 mayna
1410 4512 1765 4578 calamitate
1803 4511 2135 4597 reliyionis
2175 4512 2417 4595 experti
2455 4517 2620 4592 sunt,
2664 4530 2917 4604 errores·
2944 4512 3355 4596 expuynando
3390 4512 3539 4594 fieri
3579 4511 3976 4593 illustriores,
4017 4513 4320 4579 rationem
4352 4534 4497 4579 vero

487 4624 904 4689 certissimam
947 4642 1079 4688 esse
1119 4623 1476 4704 consulendi
1518 4623 1773 4704 afflictis
1829 4624 2100 4691 ecelesiis
2152 4625 2625 4690 accuratissime
2675 4622 3057 4708 depinyendo
3113 4622 3449 4689 Christum.
3542 4621 3667 4688 Sed
3717 4627 3774 4687 et
3832 4629 4261 4707 aryumentnm
4313 4624 4493 4709 illud,

487 4734 652 4817 quod
692 4740 874 4800 extra
918 4713 1277 4819 analoyiam
1313 4734 1465 4816 fidei
1506 4740 1816 4818 utcunque
1860 4723 2182 4816 tractatur,
2223 4734 2777 4819 foecundissimum
2820 4736 2939 4801 erit
2975 4736 3287 4802 rixarum.
3373 4733 3623 4801 Deinde
3675 4737 3820 4799 sunt
3867 4739 4120 4802 autores
4157 4735 4492 4819 splendidi,

484 4865 642 4928 qnos
679 4845 892 4912 deiecit
938 4845 1257 4912 Dominus
1307 4868 1351 4912 a
1390 4848 1753 4931 pertinacia
1797 4847 2156 4913 istiusmodi
2198 4849 2433 4912 erroris
2471 4846 2868 4929 affirmandi,
2919 4867 3183 4928 quorum
3235 4846 3454 4912 studia
3504 4865 3718 4912 vereor
3757 4867 3834 4911 ne
3882 4846 4323 4928 incendantur,
4379 4854 4498 4914 aut

482 4962 641 5024 certe
679 4978 756 5023 ne
785 4978 1062 5040 prorsus
1098 4959 1284 5041 fidem
1326 4979 1515 5041 quam
1554 4958 1852 5026 haetenus
1892 4949 2206 5024 coluerunt
2243 4958 2678 5042 despondeant.
2744 4956 3008 5024 Mallem
3048 4959 3239 5023 etiam
3280 4959 3712 5040 auspicareris
3754 4959 4065 5026 scribendi
4104 4958 4493 5027 industriam

485 5070 556 5134 in
591 5076 954 5155 aryumento
985 5070 1446 5153 plausibiliora
1533 5070 1792 5137 Deinde
1834 5071 2060 5154 paucis
2104 5067 2185 5135 de
2228 5091 2348 5135 sua
2390 5070 2597 5153 ipsius
2640 5067 3035 5159 α’γραμμασίᾳ
3076 5070 3438 5137 interiectis
3487 5069 3651 5138 haec
3709 5070 3920 5137 addit:
3976 5069 4179 5136 Putas
4231 5071 4495 5138 sudores

477 5181 637 5248 istos
677 5201 802 5247 non
839 5202 998 5248 sane
1025 5184 1329 5267 periisse,
1376 5183 1488 5249 sed
1517 5187 1775 5267 postera
1817 5182 1954 5249 dies
1977 5182 2374 5250 'occasionem
2393 5180 2719 5264 praebebit
2750 5180 2880 5246 alio
2915 5180 3132 5247 babitu
3148 5181 3308 5282 &illos
3340 5184 3509 5266 ipsos
3541 5184 3919 5251 venditandi.
4000 5182 4270 5266 Tempus
4301 5184 4493 5251 etiam
