4984 5975
588 306 708 370 139

579 492 831 558 solebat
883 493 1129 557 iactare
1173 488 1495 574 Caligula.
1582 489 1811 571 Lycus
1864 487 2039 570 apud
2085 487 2408 555 Senecam
2465 490 2531 554 in

582 577 873 645 Hercule
914 578 1204 641 furente:
1967 650 1970 653 ⁴

824 680 925 743 Qui
960 685 1133 733 morte
1170 684 1396 731 cunctos
1433 677 1582 730 luere
1619 677 1945 744 supplicium
1978 678 2149 746 iubet,

821 746 1460 881 fflssffisstts
1476 765 1488 798 ²
1506 744 1741 868 stim*
1755 746 1973 870 &3⁸⁸⁹

581 900 780 985 Apud
822 900 1103 967 eundem
1150 902 1394 966 Atreus
1420 896 1469 982 ¹)
1512 899 1586 963 in
1627 900 2154 983 Agamemnone:

786 987 956 1043 Rudis
993 994 1078 1041 est
1112 993 1372 1055 tyrannus
1407 993 1579 1040 morte
1616 986 1707 1058 qui
1743 1000 1973 1053 poenam
2009 986 2189 1055 exigit.

580 1074 759 1140 Hinc
804 1082 1036 1146 taurus
1056 1069 1454 1149 Phalaridis,
1501 1078 1569 1134 ct
1589 1070 1872 1136 Neronis
1914 1070 2198 1138 ludibria
2229 1071 2303 1135 in
2338 1069 2535 1136 Obri-

580 1161 856 1239 stianos,
925 1164 999 1223 ut
1052 1158 1344 1222 ferarum
1401 1156 1608 1239 tergis
1661 1157 1939 1223 contecti
1990 1157 2244 1223 laniatu
2297 1176 2531 1222 canum

579 1244 949 1312 interirent.

760 1330 963 1411 Quum
996 1328 1338 1395 crudelitas
1369 1349 1550 1393 versa
1584 1329 1656 1392 iu
1690 1325 2088 1414 voluptatem]
2137 1326 2535 1410 Quanquam

579 1417 761 1483 enim
812 1414 1188 1497 philosophi
1244 1435 1374 1479 non
1429 1419 1668 1496 putant
1721 1434 2097 1495 quenquam
2152 1436 2193 1480 a
2245 1411 2534 1478 naturali

580 1502 725 1587 lege
769 1501 862 1565 ita
906 1498 1282 1574 desciscere,
1328 1509 1404 1564 ut
1441 1498 1647 1564 animi
1689 1519 1888 1565 causa
1920 1500 2135 1565 malus
2168 1501 2273 1577 sit,
2320 1499 2534 1565 nescio

578 1597 805 1653 tamen
849 1585 1172 1669 quomodo
1215 1585 1284 1649 id
1329 1607 1453 1651 usu
1497 1585 1681 1652 venit
1695 1636 1709 1662 ,
1767 1593 1845 1649 ut
1886 1587 2174 1668 gratuito
2218 1587 2352 1651 sint
2391 1585 2535 1667 qui-

586 1673 740 1738 dam
782 1671 942 1735 mali
967 1679 1154 1736 tanta
1188 1670 1499 1754 peccandi
1527 1669 1802 1736 libidine
1836 1671 2257 1748 insanientes,
2302 1678 2381 1736 ut
2410 1670 2534 1736 hoc

581 1761 798 1843 ipsum
841 1777 1112 1839 peccare
1156 1755 1450 1836 delectet,
1497 1758 1691 1821 etiam
1739 1757 1794 1822 si
1841 1778 2036 1822 causa
2079 1778 2210 1823 non
2256 1757 2359 1822 sit.

759 1843 1081 1924 Serpentes
1109 1844 1427 1924 parvulae
1465 1841 1726 1928 fallunt]
1774 1841 1985 1907 Ludit
2027 1845 2145 1908 suo
2188 1864 2369 1907 more
2412 1841 2536 1907 ali·

623 1941 738 1996 uot
779 1929 1120 2006 similibuS,
1166 1947 1334 2012 quae
1377 1927 1599 1993 omnia
1639 1929 1713 1992 in
1755 1950 1902 1994 eam
1946 1930 2340 1995 sententiam
2390 1936 2536 1992 ten-

580 1952 766 2092 dunt,
811 2036 939 2096 quo
981 2014 1179 2079 latius
1221 2022 1559 2098 grassatur
1604 2014 1871 2098 tyranni
1917 2015 2207 2092 saevitia,
2250 2034 2325 2080 eo
2364 2013 2461 2078 illi
2497 2034 2538 2077 a

582 2099 883 2185 pluribus
928 2100 1354 2165 metuendum
1398 2121 1557 2165 esse.

769 2184 891 2252 Ubi
933 2187 1153 2268 aliqua
1185 2182 1574 2271 mensuram]
1621 2182 1856 2265 Qualis
1899 2185 2014 2249 illa
2052 2206 2221 2269 quae
2254 2185 2540 2249 Romam

583 2272 790 2336 missa
844 2278 947 2336 est
1000 2293 1040 2335 a
1082 2271 1341 2355 Regulo
1358 2322 1373 2350 ‚
1432 2280 1854 2354 portentosae
1909 2269 2385 2355 magnitudinis
2400 2321 2415 2348 ,
2473 2276 2542 2335 et

584 2357 783 2423 fidem
826 2377 1217 2422 excessurae
1230 2408 1247 2434 ,
1308 2358 1438 2422 nisi
1482 2364 1582 2423 tot
1626 2358 1980 2440 scriptores
2032 2379 2165 2423 uno
2220 2378 2333 2423 ore
2384 2377 2540 2422 con-

583 2450 837 2509 stanter
878 2442 1302 2508 affirmarent.

756 2527 1083 2615 Ballistis]
1141 2528 1571 2595 Ballistarum
1617 2530 1839 2594 variae
1897 2529 2147 2594 formae
2191 2535 2381 2593 erant
2422 2547 2540 2591 an-

584 2615 801 2699 tiquis,
846 2613 1398 2699 quemadmodum
1455 2622 1728 2697 apparet
1781 2636 1865 2679 ex
1916 2612 2084 2680 libro
2126 2614 2248 2678 VI.
2305 2613 2543 2681 tertiae

586 2700 847 2776 decadis
881 2700 1060 2766 Livii
1103 2699 1214 2764 ubi
1259 2699 1561 2766 ballistae
1604 2701 1884 2764 maiores
1921 2707 1988 2764 et
2018 2700 2325 2777 minores,
2372 2699 2544 2766 sicut

585 2787 961 2868 scorpiones
1011 2785 1293 2850 maiores
1338 2793 1403 2849 et
1442 2786 1731 2850 minores
1746 2836 1763 2863 ,
1818 2785 2094 2850 etitem
2151 2783 2538 2866 catapultae.

585 2871 774 2936 Haec
818 2881 1041 2935 autem
1083 2871 1214 2934 tria
1254 2872 1348 2936 sic
1384 2871 1558 2935 inter
1595 2890 1665 2935 se
1703 2869 2036 2946 differunt,
2074 2870 2248 2952 quod
2284 2869 2544 2934 ballista

520 3032 529 3039 ,
587 2957 973 3023 evibrantur
1014 2954 1281 3038 lapides,
1327 2956 1628 3039 quamvis
1662 2953 1993 3021 interdum
2036 2957 2238 3021 etiam
2273 2954 2540 3040 spicula,

588 3050 663 3109 ut
718 3040 910 3107 docet
950 3040 1057 3106 Ve
1102 3042 1269 3106 etius
1313 3041 1480 3106 libro
1534 3040 1654 3105 IV.
1740 3040 2130 3124 Catapultae
2146 3092 2162 3119 ,
2219 3049 2541 3125 quantum

588 3147 858 3211 possum
901 3128 1041 3190 inte
1096 3126 1108 3139 ⁸
1161 3147 1270 3192 ere
1316 3148 1398 3191 ex
1441 3126 1786 3206 Vitruvio,
1830 3126 2110 3211 Vegetio
2151 3134 2218 3192 et
2259 3126 2543 3192 Marcel-

589 3215 726 3278 lino
768 3213 1117 3278 machinae
1156 3212 1429 3278 fuerunt
1470 3213 1662 3278 multi
1706 3213 1994 3292 artificii,
2049 3210 2283 3296 quibus
2339 3213 2543 3296 sagite

590 3308 695 3364 tae
737 3298 1250 3377 eiaculabantur‚
1294 3319 1459 3381 quae
1502 3307 1727 3365 tamen
1772 3299 2080 3364 abierunt
2121 3300 2194 3363 in
2238 3298 2545 3381 desuetu-

590 3384 831 3451 dinem.
925 3382 1322 3534 Scorpiones
1367 3385 1573 3451 latino
1615 3386 1880 3450 nomine
1895 3437 1910 3464 ,
1957 3406 2168 3469 neque
2209 3385 2378 3451 forte
2418 3384 2544 3448 im-

589 3471 869 3555 proprio,
908 3470 1099 3553 appel
1126 3491 1238 3535 are
1271 3471 1468 3537 liceat
1503 3472 1737 3536 aetatis
1770 3478 2036 3537 nostrae
2073 3470 2542 3537 arcuballistas.

588 3558 855 3635 Dicitur
887 3555 1152 3622 ballista
1182 3578 1225 3621 a
1260 3555 1458 3622 verbo
1488 3577 1722 3640 graeco
1757 3547 1988 3640 βάλλω,
2023 3556 2196 3641 quod
2230 3566 2331 3624 est
2358 3556 2541 3621 iacio.

767 3641 1040 3708 Possunt
1080 3644 1266 3708 verba
1306 3641 1488 3729 dare]
1535 3642 1723 3724 Quae
1766 3643 2015 3708 scilicet
2056 3643 2243 3727 prius
2286 3650 2543 3721 nocent,

632 3749 785 3794 nam
826 3727 1198 3811 praevideri
1254 3728 1715 3813 praecaverim
1757 3730 2024 3812 possint.
2093 3728 2318 3794 Verba
2362 3728 2540 3806 dare,

588 3814 1273 3965 ιῗῗῖῗιῗέῗῇω
1304 3815 1887 3966 ἑῗέιηῖἶὼῂᾈαπ
1930 3814 2421 3965 4⁰⁰⁰1fi1t‘30u3'ffl
2463 3813 2544 3877 ““

1098 3923 1146 3964 x
1187 3921 1264 3967 eo
1593 3952 1607 3979 ‚
1654 3922 1741 3984 qu
1866 3922 1975 3985 qui
2010 3922 2078 3965 m
2256 3921 2293 3964 e
2358 3919 2544 3984 mag-

589 3986 789 4050 nifica
830 3985 1239 4067 pollicentur,
1284 3986 1455 4051 nihil
1498 3987 1634 4052 fere
1677 3994 2036 4070 praestant.
2108 3985 2340 4052 Cicero
2381 3985 2545 4051 Phi-

590 4071 745 4153 lipp.
790 4069 1021 4135 xm:
1068 4070 1340 4138 Scilicet
1379 4071 1582 4138 verba
1625 4071 1945 4151 dedimus,
1992 4070 2386 4156 decepimus,
2432 4071 2545 4135 ubi

592 4154 879 4239 explicat
922 4156 1082 4238 quid
1124 4159 1213 4221 sit
1233 4159 1437 4224 verba
1468 4157 1642 4223 dare.
1714 4155 2220 4242 Quadrigarius:
2269 4159 2375 4222 Ea
2409 4159 2550 4221 Lu-

593 4242 741 4307 cani
795 4242 908 4307 ubi
964 4244 1376 4309 resciverunt
1437 4265 1552 4326 per
1611 4243 1903 4309 fallacias
1957 4242 2082 4308 sibi
2135 4243 2339 4311 verba
2394 4240 2550 4307 data

596 4349 755 4394 esse.
846 4325 1102 4393 Seneca
1142 4328 1250 4394 lib.
1298 4329 1419 4393 VI.
1464 4330 1707 4413 Epist:
1766 4329 1871 4394 Ne
1912 4329 2115 4394 verba
2157 4330 2345 4395 nobis
2390 4327 2549 4393 den-

593 4422 735 4491 tur,
794 4420 861 4478 et
916 4434 1059 4479 esse
1114 4415 1183 4479 in
1239 4415 1369 4479 illis
1423 4413 1669 4499 aliquid
1714 4416 1936 4499 magni
1980 4437 2056 4481 ac
2100 4415 2335 4481 secreti
2377 4414 2548 4480 iudi-

595 4519 840 4564 cemus.

597 4761 747 4836 [pag.
790 4763 937 4835 133]
1270 4757 1574 4825 CAPUT
1618 4756 1878 4823 XXVI.

740 4873 1217 4961 'Grudelitatem
1262 4896 1660 4977 privatorum
1714 4916 1952 4979 quoque
2004 4896 2258 4961 serviles
2322 4915 2551 4959 manus

595 4978 711 5046 sub
755 4986 913 5045 certo
954 4981 1160 5047 crucis
1188 4980 1473 5063 periculo
1514 4981 1684 5047 ultae
1718 4986 1897 5047 sunt:
1940 4988 2369 5066 tyrannam,
2411 5000 2553 5064 yen-

766 5097 1006 5104 ⁴7-—

701 5152 800 5234 ·1)·
837 5151 947 5208 Ea.
981 5154 1185 5208 Amet.—
1230 5150 1748 5276 aegisthus,dquod
1800 5154 1961 5207 unice
2021 5158 2239 5208 rectum,
2323 5150 2552 5204 Atreum

595 5227 819 5291 scripsit
849 5227 1015 5278 maor
1046 5234 1338 5277 summae
1369 5223 1531 5290 lapsu
1604 5228 1831 5289 acapna.

2227 299 2355 366 DE
2402 294 2952 366 CLEMENTIA

2530 4698 2536 4705 ’
2656 4698 2832 4756 stare
2876 4690 3153 4755 salutem
3195 4687 3521 4771 gregatim
3565 4705 3642 4750 ac

4474 289 4593 353 140

2636 492 2724 551 tes
2759 485 3118 567 populique,
3162 486 3218 546 et
3258 501 3521 562 quorum
3561 486 3698 545 erat
3731 480 3987 555 malum,
4029 483 4091 543 et
4125 478 4177 542 ii
4212 475 4442 559 quibus
4478 477 4591 540 im-

2638 570 2926 648 minebat,
2949 568 3306 635 exscindere
3326 568 3607 650 ayyressi
3639 571 3799 650 suut.
3857 564 4229 661 Aliquando
4259 583 4381 628 sua
4405 584 4596 644 prae·

2636 657 2812 722 sidia
2854 657 2924 721 in
2965 656 3139 736 ipsos
3179 657 3724 731 consurrexerimt,
3756 650 3990 732 perfidi
4218 693 4233 728 ‚
4278 654 4336 713 et
4377 649 4596 730 impie-

2636 749 2836 820 tatem,
2882 747 2937 807 et
2975 741 3316 823 feritam,
3361 744 3417 803 et
3458 736 3766 820 quidqaid
3803 737 3881 801 ab
3927 736 4061 801 illis
4103 734 4475 811 didicerant,
4521 736 4596 797 iu

2636 829 3271 911 ipsoseoeereuemmt.
3368 821 4672 906 Quidenimpotestabeoquisquam·

2636 933 2907 997 sperare,
2951 932 3133 994 quem
3173 911 3412 976 malum
3454 909 3660 974 docuit
3674 909 3708 971 ,9
3799 908 3944 971 Non
3998 907 4118 972 diu
4169 913 4437 986 apparet
4493 927 4595 970 ne·

2637 1001 2870 1082 quitia,
2913 1017 3020 1063 nec
3061 1002 3365 1079 quantum
3406 995 3655 1060 videtur
3684 999 3914 1075 peccat.
4008 991 4131 1056 Sed
4182 997 4348 1071 puta
4397 997 4597 1056 tutam

2636 1106 2766 1151 esse
2806 1084 3242 1161 crudelitatem,
3289 1082 3474 1164 quale
3513 1081 3651 1146 eius
3689 1098 3951 1163 reynum
3995 1078 4132 1143 est?
4226 1077 4372 1141 Non
4410 1078 4595 1143 aliud

2636 1175 3252 1323 fflffssismomm
3241 1167 3635 1318 ²532AEss
3638 1163 4435 1333 '²⁸t“’213‘.:aa²⁶''e‘⁶‘00nf²⁶⁶2‘2⁰0{⁶⁸
4470 1182 4600 1313 ²:2³3:

2638 1344 2901 1424 luptates
2954 1305 3132 1424 ipsae
3187 1341 3501 1412 timendum
3567 1304 3688 1401 nob
3742 1301 4026 1401 convicia
4076 1354 4297 1398 secura
4354 1299 4595 1412 ineunt,

2637 1431 2708 1494 in
2750 1428 2975 1510 quibus
3016 1427 3236 1510 linqua
3276 1425 3533 1491 sollicite
3574 1425 3762 1494 etiarn
3803 1422 3998 1486 ebriis
4039 1419 4440 1486 custodienda
4485 1425 4592 1486 est.

2644 1514 2788 1579 Non
2830 1513 3200 1594 spectacula,
3257 1532 3334 1575 ea:
3389 1511 3616 1592 quibus
3670 1509 3936 1573 materia
3977 1506 4264 1573 criminis
4305 1526 4382 1570 ac
4412 1507 4596 1587 peri-

2637 1601 2764 1667 culi
2806 1600 3150 1681 quaeritur.
3236 1598 3648 1677 Apparentur
3689 1594 3852 1671 lieet,
3905 1593 4144 1673 iuquit,
4200 1611 4441 1675 mayna
4481 1592 4603 1655 im-
4619 1630 4634 1638 -

2625 1705 2845 1768 pensa,
2885 1690 2940 1749 et
2979 1685 3175 1768 reyiis
3216 1683 3453 1765 opibus,
3498 1686 3552 1746 et
3594 1679 3908 1761 anirum
3951 1679 4282 1758 exquisitis
4323 1678 4600 1742 nomini-

2638 1774 2782 1838 bus.-
2822 1791 3001 1851 quem
3041 1776 3247 1835 tamen
3289 1790 3322 1833 e
3363 1768 3510 1833 ludo
3552 1767 3622 1832 in
3660 1785 3963 1831 carcerem
3999 1764 4092 1828 ire
4126 1762 4343 1827 iuvet?
4421 1763 4600 1843 Quod

2638 1858 2826 1926 istud,
2871 1856 2970 1920 dii
3013 1856 3173 1933 boni,
3214 1856 3457 1921 malum
3492 1853 3629 1919 est?
3669 1852 3953 1928 occidere,
3999 1851 4256 1927 saevire,
4300 1849 4599 1913 delectari

2640 1963 2789 2009 sono
2836 1948 3197 2007 catenarum
3217 1990 3232 2020 ‚
3298 1947 3355 2005 et
3400 1940 3636 2005 civium
3685 1939 3900 2019 capita
3946 1935 4272 2001 decidere?
4328 1954 4602 2016 quocun-

2640 2050 2759 2111 que
2800 2033 3049 2093 ventum
3104 2033 3219 2106 est,
3282 2025 3547 2091 multwm
3591 2023 3928 2107 sanquinis
3980 2021 4292 2104 fundere?
4348 2025 4604 2101 nepem
4693 2061 4700 2066 -

2641 2135 2756 2180 suo
2796 2120 3026 2180 terrere
3068 2134 3142 2179 ac
3181 2113 3456 2196 fuyare?
3527 2111 3698 2191 Quae
3739 2109 3877 2174 alia
3913 2107 4043 2171 vita
4084 2111 4256 2185 esset,
4299 2107 4358 2171 si
4399 2106 4607 2172 lecim

2642 2201 2900 2282 ursique
2941 2204 3268 2283 reynaren-t
3282 2198 3318 2263 2
3365 2198 3425 2263 si
3468 2195 3850 2276 serpentibus
3892 2194 3963 2257 in
4002 2213 4134 2272 nos,
4179 2212 4253 2258 ac
4288 2192 4606 2258 noxiosis-

2642 2289 2801 2354 simo
2849 2287 3071 2367 cuique
3112 2285 3384 2350 animali
3427 2283 3687 2346 daretur
3717 2278 4045 2361 potestas?
4131 2278 4274 2342 Illa
4328 2278 4608 2343 rationis

2643 2373 2942 2454 expertia,
2986 2377 3042 2437 et
3083 2392 3128 2435 a
3156 2371 3332 2435 nobis
3374 2367 3791 2434 inmanitatis
3824 2366 4083 2430 crimine
4115 2364 4436 2441 dumata,
4462 2362 4610 2430 aba·

2643 2460 2839 2524 tinent
2881 2458 3051 2536 suis,
3107 2462 3164 2522 et
3204 2461 3340 2522 tuta
3382 2460 3472 2520 est
3508 2455 3672 2518 iuter
3722 2453 3898 2534 feras
3943 2449 4292 2515 similitudo
4332 2469 4605 2515 morum.

2648 2545 2846 2626 Apud
2887 2543 3164 2609 homines
3200 2548 3406 2607 tamen
3447 2559 3556 2604 uec
3597 2537 4054 2603 a‘necessariis
4096 2534 4350 2617 quidem
4391 2534 4611 2601 rabies

2645 2628 3135 2711 teutperatsibi:
3178 2628 3287 2693 sed
3328 2623 3970 2704 extemasuaqueiu
4012 2619 4431 2703 aequohabet,
4478 2642 4610 2702 quo

2635 2716 2843 2797 possit
2895 2714 3283 2780 exercitatior
3336 2734 3379 2776 a
3432 2710 3823 2794 sinyulovum
3875 2708 4093 2773 deinde
4146 2704 4469 2786 caedibus,
4533 2708 4611 2773 in

2647 2800 2845 2865 exitia
2883 2800 3161 2882 yentium
3203 2818 3477 2879 serpere:
3533 2801 3588 2861 et
3643 2796 3898 2860 iniicere
3951 2792 4121 2859 tectis
4165 2794 4365 2875 iynem
4379 2841 4394 2868 ,
4454 2813 4611 2859 ara-

2643 2891 2929 2967 trumque
2971 2886 3229 2949 vetustis
3270 2884 3531 2949 urbibus
3575 2883 3874 2958 inducere,
3906 2880 4253 2960 potentiam
4280 2882 4467 2960 putat
4481 2903 4500 2942 .·
4552 2885 4612 2945 et

2643 2992 2845 3037 uuum
2884 2971 3080 3036 occidi
3122 2975 3232 3035 aut
3273 2970 3554 3049 alterum,
3586 2988 3828 3051 parum
3865 2965 4344 3047 imperatorium
4383 2964 4613 3031 credit.

2649 3058 2806 3123 Nisi
2858 3058 3064 3123 eodem
3113 3062 3377 3139 tempore
3423 3076 3577 3140 yrex
3629 3055 4004 3119 miserorum
4058 3050 4366 3116 subiectus
4417 3052 4610 3133 stetit,

2646 3144 3071 3210 crudelitatem
3110 3164 3297 3207 suam
3337 3143 3410 3207 iu
3450 3143 3730 3207 ordinem
3771 3142 4044 3204 coactae»
4068 3141 4275 3219 putat.
4369 3134 4614 3203 Felici—

2647 3236 2749 3295 tas
2789 3230 2924 3309 illa,
2958 3229 3175 3294 nudas
3207 3229 3472 3294 salutem
3503 3229 3674 3305 dare,
3721 3230 3775 3290 et
3808 3225 3896 3290 ad
3926 3225 4122 3289 vitam
4154 3221 4233 3287 ab
4269 3225 4418 3300 [pag.
4451 3229 4612 3303 184]

2647 3336 2796 3398 ipsa
2827 3321 3018 3380 morte
3049 3335 3347 3393 revocare,
3384 3320 3440 3379 et
3470 3313 3696 3379 mereri
3730 3311 4048 3378 clementia
4082 3309 4362 3373 civicam.
4436 3308 4615 3374 Ναὶ-
4737 3342 4740 3351 <

2650 3404 2782 3469 lum
2822 3407 3250 3467 oruamentum
3279 3401 3603 3482 principis
3637 3397 3897 3481 fastiyio
3949 3396 4209 3478 diqnius
4241 3393 4618 3474 pulchrius-

2648 3485 4215 3570 queest,quamillacorouaobcivesservatos.
4279 3479 4616 3547 Nerikos-

2647 3575 2795 3639 tilia
2852 3593 3038 3638 arma
3102 3574 3373 3639 detracta
3422 3573 3633 3650 victis,
3708 3590 3831 3634 nou
3895 3587 4125 3632 currus
4186 3564 4616 3632 barbarorum

2648 3661 2952 3743 sanquine
2993 3659 3246 3736 cruenti,
3291 3678 3416 3723 non
3447 3661 3643 3739 parta
3685 3656 3840 3721 bello
3881 3653 4100 3735 spolia.
4171 3651 4345 3718 Haec
4377 3652 4616 3719 divina

2643 3746 2920 3829 potentia
2965 3750 3080 3824 est,
3134 3745 3438 3828 yreqatim
3480 3763 3555 3807 ac
3594 3741 3836 3822 publice
3886 3758 4165 3804 servare.-
4217 3737 4445 3802 multos
4489 3760 4615 3804 au-
4683 3804 4690 3815 ,

2649 3837 2768 3897 tem
2821 3830 3117 3909 occidere,
3171 3835 3225 3895 et
3279 3830 3605 3893 indiscrete
3619 3878 3633 3907 ‚
3689 3825 3964 3891 incendii
4006 3844 4080 3889 ac
4120 3824 4354 3890 ruinae
4386 3829 4616 3905 peteu-

2821 4001 2969 4067 Hoc
3025 4010 3159 4065 toto
3215 4001 3428 4082 capite
3485 3999 3728 4083 partim
3771 3996 4020 4080 colligit
4061 4016 4258 4078 quam
4299 3995 4388 4061 sit
4429 3998 4620 4078 peri·

2652 4088 2947 4155 culosum
3004 4106 3311 4152 exercere
3365 4085 3821 4152 crudelitatem
3871 4090 3940 4147 et
3982 4081 4352 4159 saevitiam,
4413 4084 4618 4149 cuius

2652 4182 2752 4238 tot
2776 4175 3099 4239 exsistant
3124 4172 3441 4252 vindices,
3464 4171 3708 4254 partim
3734 4171 3936 4235 etiam
3968 4168 4026 4232 si
4059 4167 4347 4231 maxime
4381 4178 4616 4233 tutum

2654 4261 2759 4336 sit,
2804 4257 3090 4325 ostendit
3135 4260 3228 4323 ita
3271 4256 3526 4325 foedam
3570 4264 3639 4321 et
3675 4254 4054 4320 horribilem
4095 4264 4214 4335 per
4254 4272 4326 4317 se
4370 4253 4617 4320 crude-

2653 4347 2860 4412 litatis
2904 4346 3132 4410 faciem
3149 4397 3163 4423 ,
3219 4354 3296 4410 ut
3345 4344 3469 4410 hac
3513 4343 3653 4408 sola
3694 4343 3950 4406 ratione
3993 4337 4414 4404 exsecrabilis
4461 4361 4628 4406 esse

2655 4432 2877 4516 possit.
2967 4432 3254 4496 Demum
3301 4430 3586 4514 explicat
3628 4448 3828 4511 quam
3870 4426 4064 4510 longe
4105 4424 4334 4490 abesse
4373 4424 4624 4492 debeat

2655 4540 2696 4583 a
2743 4518 3037 4602 principe
3082 4518 3390 4582 immanis
3434 4515 3546 4581 hic
3586 4514 3887 4579 affectus:
3933 4512 4162 4577 ruinae
4204 4517 4273 4575 et
4312 4510 4620 4578 incendii

2654 4605 3018 4687 potentiam
3062 4624 3207 4669 esse
3220 4653 3236 4681 ,
3281 4600 3584 4685 perdere:
3636 4598 3950 4750 pringliiffi
3983 4597 4404 4757 fflgstatem
4449 4619 4620 4663 con·-

3728 4707 3774 4748 u
4158 4702 4216 4746 o.

2831 4774 3270 4840 Crudelitatem
3279 4774 3684 4854 privatorum
3745 4771 4240 4854 Argumentum
4271 4787 4316 4833 a
4345 4768 4618 4848 minori.

2658 4858 2736 4926 Si
2779 4862 2958 4926 enim
3001 4860 3194 4937 servi,
3238 4858 3352 4942 qui
3394 4859 3489 4923 ita
3529 4858 3817 4942 proiecto
3853 4863 4011 4922 sunt
4041 4853 4282 4933 animo,
4323 4863 4402 4919 ut
4434 4854 4622 4921 nihil

2658 4947 2995 5030 egregium
3051 4943 3365 5020 audeant,
3419 4943 3546 5008 ulti
3600 4949 3759 5007 sunt
3800 4943 4208 5025 privatorum
4251 4938 4622 5007 crudelita-

2657 5039 2809 5109 tem,
2845 5031 2958 5113 qui
2990 5050 3129 5095 non
3163 5036 3300 5094 tam
3334 5029 3531 5113 longe
3564 5029 3820 5112 lateque
3854 5029 4159 5094 saeviunt
4189 5046 4386 5109 quam
4422 5027 4622 5108 prin-

2656 5117 2848 5198 cipes,
2893 5114 3089 5199 idque
3129 5113 3252 5180 sub
3294 5122 3472 5181 certo
3515 5115 3747 5181 moi-fis
3780 5113 4098 5198 periculo:
4142 5133 4263 5179 cm·
4293 5132 4428 5178 non
4461 5134 4624 5181 m·-

2657 5202 2758 5286 gis
2800 5200 2986 5266 liberi
3000 5253 3015 5278 ,
3061 5202 3171 5284 qui
3213 5199 3302 5266 ad
3341 5202 3635 5268 animosa
3675 5201 3967 5268 facinora
4008 5199 4148 5265 nati
4187 5206 4362 5277 sunt,
4408 5198 4620 5265 ulcin-
