4984 5975
600 302 724 363 219
847 286 857 301 ·
2046 348 2047 357 Ν
2120 273 3068 355 PsYoHoPANNYomA.
3895 332 3902 338 .
4479 287 4605 349 220

597 488 897 561 ultimam
956 484 1523 568 repromissionem
1540 535 1553 561 ,
1612 503 1697 547 ne
1740 482 1882 547 sine
1926 481 2112 545 nobis
2153 479 2545 562 perficeren-
2593 478 2599 503 ¹

596 580 722 649 tur.
790 572 996 637 Cuius
1031 571 1213 636 verbi
1249 571 1303 635 si
1351 571 1813 652 proprietatem
1849 567 2319 639 observassent,
2374 584 2546 627 nun-

596 678 791 742 quam
835 658 1271 722 concitassent
1323 662 1543 720 tantas
1596 648 1843 720 turbasss
1931 653 2179 717 Mirum
2226 648 2549 733 quomodo
2651 705 2658 713 .

594 745 960 809 caecutiant
1010 744 1081 806 in
1135 749 1325 807 tanta
1376 742 1541 806 luce.
1640 740 1775 805 Sed
1829 738 1950 822 hoc
2005 738 2214 820 magis
2282 736 2544 812 mirum,

637 826 765 893 uod
806 849 1044 911 panem
1086 829 1275 910 nobis
1317 848 1436 911 pro
1480 826 1802 910 lapidibus
1846 825 2218 907 porrigunt:
2265 822 2389 885 hoc
2426 829 2545 897 est,

638 935 755 979 um
799 914 1036 979 volunt
1078 913 1429 997 impellere,
1474 914 1817 977 sustinent.

767 1086 913 1149 Iam
973 1084 1145 1168 quod
1203 1083 1283 1149 de
1340 1084 1638 1149 Thabita·
1669 1093 1974 1148 narratur
2018 1083 2087 1144 in
2131 1081 2318 1147 Actis
2364 1082 2546 1163 Apo·

599 1171 914 1236 stolorum
952 1172 1127 1246 (Act.
1171 1176 1227 1249 9,
1266 1171 1399 1254 40),
1437 1178 1676 1252 putant
1711 1167 1900 1235 valde
1933 1169 2199 1232 firmum
2235 1167 2355 1232 sibi
2403 1186 2546 1230 esse

595 1256 914 1323 columen.
958 1255 1147 1337 Quae
1172 1278 1371 1337 quum
1391 1255 1712 1337 discipula
1734 1254 1966 1319 fuisset
1990 1254 2038 1332 1)
2053 1252 2324 1330 Christi,
2352 1250 2548 1334 plena

596 1341 784 1407 bonis
825 1342 1126 1425 operibus
1163 1354 1231 1405 et
1262 1342 1710 1432 eleemosynis,
1753 1340 2069 1404 suscitata
2112 1345 2214 1402 est
2247 1360 2331 1402 ex
2373 1358 2547 1400 mor-

596 1430 728 1494 tuis
755 1450 795 1492 a
826 1429 1042 1493 Petro.
1105 1427 1430 1491 Iniuriam
1460 1428 1646 1491 aiunt
1679 1427 1917 1490 factam
1962 1424 2298 1501 Thabitae,
2344 1423 2401 1487 si
2436 1443 2548 1485 ve-

595 1535 745 1578 rum
791 1513 1098 1590 dicimus-3,
1157 1515 1407 1578 animas
1451 1512 1697 1577 solutas
1741 1532 1781 1574 a
1824 1530 2090 1593 corpore
2134 1531 2282 1575 cum
2310 1510 2451 1573 Deo
2486 1515 2553 1571 et

598 1600 671 1663 in
693 1600 838 1664 Deo
883 1600 1127 1675 vivere,
1172 1597 1339 1681 quod
1385 1606 1689 1663 revocata
1735 1598 1819 1661 sit
1862 1616 1902 1660 a
1943 1596 2265 1660 consortio
2310 1595 2438 1659 Dei
2482 1601 2551 1658 et

544 1696 553 1704 '
598 1685 791 1750 beata
818 1684 932 1748 illa
957 1686 1111 1763 vita,
1137 1686 1209 1749 in
1248 1684 1369 1749 hoc
1393 1705 1575 1748 mare
1596 1682 1939 1747 malorum.
2001 1679 2210 1761 Quasi
2236 1700 2392 1745 vero
2415 1700 2572 1761 non¹

597 1770 787 1836 liceat
842 1770 1017 1835 idem
1069 1780 1299 1836 contra
1351 1791 1460 1835 eos
1513 1780 1904 1850 retorquere.
1994 1767 2167 1830 Nam
2212 1768 2354 1832 sive
2398 1765 2550 1829 dor-

599 1856 857 1933 miebat,
907 1857 1045 1920 sive
1089 1855 1255 1919 nihil
1290 1866 1450 1932 erat,
1496 1855 1647 1937 quia
1690 1861 1913 1918 tamen
1950 1852 2256 1917 defuncta
2299 1860 2442 1916 erat
2479 1852 2550 1914 in

599 1942 908 2019 DominO,
954 1943 1146 2005 beata
1189 1949 1346 2005 erat.
1436 1941 1584 2005 Non
1628 1939 1836 2023 igitur
1879 1937 2267 2020 expediebat
2301 1937 2396 2000 illi
2446 1958 2548 2000 16-

600 2028 741 2092 dire
798 2029 866 2092 in
911 2027 1082 2091 hanc
1128 2028 1361 2104 vitam,
1380 2028 1438 2109 ²)
1482 2046 1680 2108 quam
1722 2025 2102 2090 confecerat.
2189 2023 2390 2088 Hunc
2434 2043 2549 2086 no-

603 2113 759 2178 dum
802 2134 998 2194 quem
1042 2112 1468 2196 colligarunt,
1512 2112 1759 2194 priores
1802 2110 1926 2192 ipsi
1975 2109 2347 2174 dissolvant.
2441 2105 2550 2173 Si-

601 2196 865 2281 quidem
909 2218 1191 2280 aequum
1234 2208 1335 2263 est
1377 2218 1486 2263 eos
1523 2196 1585 2262 le
1637 2197 1648 2210 ’
1697 2216 1948 2278 parere,
1995 2216 2190 2278 quam
2235 2194 2379 2258 aliis
2424 2195 2549 2257 im-

599 2291 871 2368 ponunt.
941 2281 1334 2366 Quanquam
1362 2284 1548 2349 nobis
1620 2282 1930 2348 'ssolvere
1956 2280 2142 2346 facile
2164 2288 2281 2346 est.
2330 2278 2551 2360 Quae-

599 2390 859 2452 cunque
913 2389 1033 2435 nos
1088 2378 1353 2434 maneat
1405 2390 1546 2434 sors
1589 2377 1740 2452 post
1781 2376 2059 2432 mortem
2076 2418 2090 2444 ,
2138 2365 2312 2448 quod
2357 2363 2437 2429 de
2481 2386 2552 2430 66

602 2457 696 2520 ait
750 2455 1032 2534 Paulus,
1096 2456 1491 2520 transfertur
1547 2454 1629 2518 ad
1681 2475 1907 2518 omnes
1962 2452 2220 2517 fideles:
2268 2460 2343 2516 ut
2385 2451 2553 2516 mori

601 2540 789 2607 nobis
830 2543 918 2607 sit
958 2541 1234 2620 lucrum,
1273 2550 1340 2605 et
1372 2561 1513 2604 esse
1559 2560 1710 2605 cum
1755 2539 2020 2604 Christo
2063 2537 2299 2602 melius
2345 2536 2548 2617 (Phil.

608 2631 663 2705 1,
712 2628 843 2710 21).
932 2627 1025 2692 Et
1068 2633 1287 2691 tamen
1332 2626 1581 2691 Paulus
1627 2625 1801 2703 dicit,
1845 2622 2395 2706 Epaphroditum,
2441 2622 2552 2703 qui

602 2724 778 2777 certe
814 2715 885 2776 in
922 2734 1191 2776 numero
1223 2718 1338 2791 [fol.
1379 2715 1486 2788 40]
1514 2710 1806 2775 fidelium
1836 2719 1994 2785 erat,
2032 2706 2552 2773 misericordiam

602 2808 1073 2879 consequutnm
1102 2820 1141 2861 a
1174 2797 1479 2873 Domine,
1517 2796 1686 2878 quod
1724 2798 2097 2859 infirmatus
2133 2793 2216 2857 ad
2250 2802 2549 2871 mortem,

602 2883 993 2948 revaluisset
1038 2882 1239 2964 (Phil.
1280 2888 1336 2959 2,
1378 2886 1506 2965 27).
1598 2881 1717 2945 Isti
1763 2879 2057 2962 quidem,
2111 2879 2226 2961 qui
2283 2889 2420 2942 tam
2464 2879 2553 2941 ir-

604 2978 985 3034 reverenter
1042 2976 1109 3031 et
1162 2989 1391 3050 parum
1451 2967 1661 3032 sobrie
1716 2974 2007 3031 tractant
2046 2966 2173 3030 Dei
2216 2987 2282 3029 m
2333 2963 2550 3042 steria,

2648 486 2950 542 mortuus
2999 488 3101 541 est
3153 490 3221 541 et
3277 475 3666 553 resurrexit,
3728 482 3804 537 ut
3869 475 4038 540 vivis
4107 472 4485 539 dominetur
4537 480 4608 540 et

2649 565 2925 628 mortuis
2967 563 3188 647 (Rom.
3243 565 3337 639 14,
3387 565 3474 642 9).

2821 682 3082 748 Vocant
3118 690 3185 746 et
3206 680 3536 745 Davidem
3575 682 3642 744 in
3680 701 3916 745 causae
3954 701 4112 744 suae
4139 680 4600 763 patrocinium,

2648 778 2912 834 nostrae
2958 768 3280 850 optimum
3335 777 3713 850 patronum:
3767 764 3882 829 sed
3930 763 4090 830 adeo
4147 766 4291 832 sine
4334 764 4600 849 pudore,

2652 866 2767 919 aut
2788 856 2989 918 etiam
3019 875 3216 919 sensu
3242 852 3593 927 communi,
3629 860 3707 914 ut
3741 850 3988 935 pudeat
4024 871 4099 916 ac
4134 853 4358 935 pigeat
4390 851 4605 917 multa

2645 961 2812 1023 quae
2853 941 2931 1003 ab
2978 960 3053 1003 66
3098 947 3491 1021 argumenta
3534 946 3941 1014 mutuantur,
3990 937 4254 1005 referre.
4359 935 4605 1003 Omnia

2650 1035 2867 1089 tamen
2924 1045 3091 1107 quae
3136 1024 3216 1088 ab
3261 1023 3391 1087 illis
3448 1024 3751 1104 usurpari
3809 1021 4213 1102 audivimus,
4263 1022 4432 1087 bona
4474 1023 4606 1089 fide·

2652 1133 2691 1176 a
2752 1111 2935 1174 nobis
3006 1111 3388 1174 referentur.
3489 1108 3757 1173 Audent
3812 1109 4097 1190 primum
4163 1107 4346 1189 istud
4405 1110 4605 1174 citare

2654 1194 2853 1279 (Psal.
2905 1199 3005 1273 82,
3055 1195 3150 1278 6):
3192 1195 3335 1279 Ego
3383 1192 3515 1258 dixi
3554 1192 3642 1257 dii
3688 1195 3972 1272 estis„et
4013 1194 4138 1258 filii
4181 1195 4421 1259 excelsi
4464 1216 4604 1259 om-

2653 1304 2796 1347 nes:
2835 1304 2954 1346 vos
2995 1290 3234 1359 autem,
3287 1282 3456 1345 sicut
3501 1280 3818 1357 homines,
3867 1281 4253 1360 moriemini,
4292 1290 4411 1346 etc.
4505 1282 4604 1346 Ac

2652 1370 3191 1450 interpretantur,
3231 1366 3383 1431 deos
3420 1364 3688 1448 quidem
3709 1372 3774 1429 et
3807 1365 3976 1428 filios
4014 1366 4139 1429 Dei
4177 1386 4320 1430 esse
4358 1364 4602 1443 fideles,

2655 1454 2768 1518 sed
2811 1455 2978 1518 mori
3024 1462 3090 1517 ct
3130 1451 3362 1518 cadere
3406 1474 3555 1517 cum
3598 1451 3918 1533 reprobis:
3966 1460 4044 1514 ut
4086 1472 4292 1534 aequa
4336 1453 4420 1516 sit
4463 1473 4605 1517 sors

2652 1548 3110 1622 utrorumque,
3169 1537 3372 1603 donec
3437 1538 3921 1618 separabuntur
3986 1538 4140 1620 agni
4205 1538 4285 1601 ab
4353 1536 4601 1602 hoedis.

2653 1624 3171 1708 Respondemus,
3211 1625 3377 1706 quod
3418 1646 3453 1686 a
3493 1623 3760 1687 Christo
3795 1623 4165 1705 accepimus
4203 1624 4460 1706 (Ioann.
4508 1628 4603 1695 10,

2657 1711 2798 1794 34):
2836 1709 2972 1775 illic
3016 1709 3236 1807 vocari
3273 1709 3446 1783 (1666,
3485 1707 3569 1773 ad
3606 1730 3763 1790 quos
3801 1730 4014 1773 sermo
4051 1709 4177 1773 Dei
4214 1708 4425 1774 factus
4473 1720 4602 1774 est:

2654 1797 2775 1861 hoc
2812 1804 2928 1873 est,
2975 1796 3100 1860 Dei
3149 1796 3513 1859 ministros:
3565 1792 3811 1859 iudices
3847 1793 4121 1873 scilicet,
4162 1795 4273 1878 qui
4310 1793 4604 1878 gladium

2652 1884 2724 1946 in
2758 1896 2963 1946 manu
2987 1890 3243 1964 gerunt,
3275 1890 3615 1962 acceptum
3645 1902 3684 1942 a
3708 1880 3866 1944 Deo.
3915 1880 4007 1943 Et
4033 1880 4089 1944 si
4127 1877 4382 1948 deesset
4416 1881 4602 1945 nobis

2653 1966 2903 2033 Christi
2937 1967 3409 2049 interpretatiO,
3455 1986 3741 2047 ususque
3785 1966 4164 2047 scripturae,
4208 1967 4321 2048 qui
4365 1964 4603 2048 ubique

2653 2053 2965 2131 concinit,
3025 2053 3209 2117 locus
3247 2053 3386 2133 ipse
3419 2072 3536 2133 per
3561 2073 3631 2116 66
3657 2050 3815 2115 satis
3838 2050 4054 2115 clarus
4078 2058 4195 2128 est,
4224 2073 4354 2133 quo
4382 2051 4601 2117 obiur-

2655 2147 2898 2222 gantur
2940 2138 3055 2221 qui
3097 2136 3390 2201 iudicant
3432 2136 3878 2219 iniquitatem,
3937 2148 4003 2200 et
4057 2137 4252 2202 facies
4306 2146 4603 2220 peccato-

2655 2246 2803 2288 rum
2850 2230 3140 2289 sumunt.
3231 2223 3322 2287 Hi
3367 2222 3680 2288 dicuntur
3723 2220 3830 2300 dii,
3876 2221 4049 2305 quod
4093 2242 4444 2306 personam
4478 2222 4602 2286 Dei

2655 2311 3010 2388 sustinent,
3067 2331 3273 2393 quum
3327 2308 3471 2374 aliis
3530 2316 3861 2391 praesunt.
3953 2305 4088 2373 Sed
4145 2307 4599 2387 admonentur,

2654 2397 2953 2460 futurum
2997 2395 3120 2461 sibi
3164 2393 3462 2471 iudicem,
3510 2395 3613 2459 cui
3657 2393 3977 2457 rationem
4013 2393 4291 2459 reddant
4322 2394 4603 2460 functio-

2656 2481 2776 2547 nis.
2869 2481 2977 2545 En
3022 2482 3369 2564 specimen.

2794 2624 2806 2638 ·
2838 2600 3201 2665 Audiamus
3246 2598 3555 2663 alterum:
3602 2592 3831 2664 Exibit
3874 2599 4145 2680 spiritus
4186 2601 4344 2676 eius,
4391 2609 4460 2666 et
4503 2623 4602 2666 16-

2659 2698 2952 2753 vertetur
2996 2687 3066 2748 in
3109 2693 3352 2749 terram
3398 2706 3599 2749 suam.
3691 2683 3774 2747 In
3817 2683 3932 2749 illa
3977 2684 4080 2749 die
4124 2687 4435 2766 peribunt
4468 2708 4601 2751 om-

2658 2794 2775 2837 nes
2816 2772 3239 2855 cogitationes
3272 2791 3500 2834 eorum
3537 2769 3742 2851 (Psal.
3789 2775 3922 2847 140,
3957 2777 4045 2853 4).
4108 2770 4239 2836 Ubi
4274 2773 4604 2854 accipiunt

2658 2857 2962 2941 spiritum
3008 2878 3125 2940 pro
3169 2866 3398 2930 vento,
3455 2856 3786 2919 hominem
3845 2856 4181 2920 abiturum
4223 2859 4292 2921 in
4341 2866 4601 2936 terram,

2660 2948 2776 3023 [fol.
2816 2949 2924 3022 41]
2972 2942 3134 3007 nihil
3179 2943 3477 3006 futurum
3521 2941 3648 3007 nisi
3691 2950 3953 3018 terram,
4001 2941 4332 3025 perituras
4376 2965 4603 3010 omnes

604 3054 1117 3119 misericordiam
1172 3052 1364 3117 istam
1423 3054 2017 3135 interpretarentur
2081 3050 2281 3116 crude
2313 3051 2552 3115 'tatem.
2603 3037 2608 3112 Ι
2657 3029 3099 3114 Cogitationes,
3134 3050 3302 3127 (ΙΠΐξθ
3329 3029 3561 3126 ’ΠἘῘΨῙῨ
3596 3035 4029 3104 remanerent,
4068 3029 4127 3094 Si
4160 3040 4333 3094 0⁸80ss
4365 3031 4602 3095 animi*-

604 3141 741 3205 Nos
790 3160 942 3203 vero
986 3137 1494 3203 misericordiam
1538 3138 1858 3202 sentimus
1902 3147 1970 3200 et
2011 3137 2307 3213 fatemur,
2353 3156 2554 3218 quum
2603 3133 2608 3204 ἰ
2657 3116 2719 3180 N
2723 3138 2795 3180 03
2838 3135 2995 3179 Vffl'O
3052 3135 3182 3179 ⁰⁰¹²
3239 3121 3333 3178 ¹¹³³
3390 3114 3661 3179 subules
3720 3133 3973 3178 'summ‘
4030 3114 4144 3179 sed
4201 3136 4322 3198 P1'0
4380 3127 4606 3181 00813ῐὸ

606 3227 743 3291 sint
797 3224 1043 3307 gradus
1097 3224 1579 3289 misericordiae
1636 3225 1788 3301 Dei,
1848 3222 2235 3288 sanctificari
2292 3222 2552 3296 electos,

605 3311 959 3395 glorificari
1003 3311 1454 3375 sanctificatos.
1524 3310 1758 3374 Nonne
1801 3310 2002 3393 igitur
2040 3306 2555 3373 misericordiam

607 3417 794 3463 suam
838 3402 1101 3461 exercet
1142 3396 1497 3473 Dominus,
1545 3417 1744 3477 quum
1798 3415 1920 3459 nos
1974 3395 2182 3478 magis
2224 3414 2300 3457 ac
2342 3393 2553 3476 magis

605 3482 1010 3548 sanctificat?
1103 3481 1280 3561 Quid
1335 3482 1389 3546 si
1432 3481 1750 3556 ⁴voluntas
1804 3481 1935 3545 Dei
1990 3488 2089 3544 est
2144 3479 2552 3562 magnificari

605 3569 675 3633 in
710 3590 978 3651 corpore
1017 3579 1238 3632 nostro
1272 3589 1389 3650 per
1428 3569 1651 3645 vitam,
1689 3574 1765 3630 ut
1805 3567 1900 3631 ait
1942 3565 2194 3631 Paulus
2238 3564 2444 3648 (Phil.
2499 3571 2550 3641 l,

606 3660 747 3734 20),
780 3676 1004 3719 nonne
1041 3653 1486 3719 misericordia
1527 3652 1671 3718 est?
1742 3651 1916 3732 Quid
1953 3650 2302 3734 quod,Deo
2337 3649 2551 3733 legem

603 3740 1071 3805 miraculorum
1108 3739 1321 3805 dicere
1355 3760 1490 3804 non
1524 3745 1819 3803 nostrum
1854 3736 1997 3803 est?
2088 3734 2390 3884 Satisque
2434 3743 2551 3813 est,

606 3828 662 3892 si
716 3828 786 3890 in
838 3826 967 3891 illis
1025 3825 1277 3890 eluceat
1335 3824 1580 3889 autoris
1624 3824 1847 3908 gloria
1939 3821 2117 3903 Quid
2166 3822 2223 3887 si
2314 3822 2554 3887 'camus

605 3913 829 3976 Deum
864 3933 996 3975 non
1032 3911 1433 3976 consuluisse
1470 3910 1790 3974 'thabitae
1826 3908 2197 3984 commodis,
2236 3906 2350 3973 sed
2393 3928 2555 3989 pau-

606 4017 795 4080 peres
838 3998 1199 4079 respexisse
1220 3997 1252 4059 ?
1300 3997 1382 4061 ad
1427 4018 1704 4078 quorum
1748 4003 1923 4060 certe
1964 4014 2190 4076 preces
2243 3994 2557 4059 suscitata

607 4089 724 4160 est,
769 4083 1073 4146 flentium
1108 4091 1176 4146 et
1210 4081 1696 4148 ostendentium
1732 4088 1965 4158 vestes,
2003 4100 2166 4162 quas
2204 4079 2557 4144 consuebat

608 4167 739 4232 illis
782 4167 1081 4231 Thabita.
1149 4168 1344 4234 Hanc
1387 4169 1565 4233 enim
1590 4169 1910 4231 rationem
1946 4164 2212 4231 vivendi
2258 4165 2555 4230 sufficere
2605 4193 2610 4212 =

608 4254 731 4319 sibi
789 4252 1093 4318 credebat
1144 4254 1422 4331 Paulus,
1465 4274 1668 4336 quum
1703 4252 1910 4317 multo
1954 4251 2185 4316 melius
2222 4261 2394 4317 esset
2434 4250 2552 4328 illi,

608 4339 693 4405 ad
735 4339 954 4403 Deum
1001 4339 1311 4422 migrare:
1390 4339 1484 4403 Et
1528 4360 1730 4422 quum
1764 4339 1982 4403 Deum
2025 4339 2367 4402 misertum
2413 4357 2555 4401 6666

606 4422 1045 4508 Epaphroditi
1065 4423 1354 4502 dixisset,
1382 4426 1680 4491 subiecit:
1708 4424 1855 4489 Non
1891 4423 2103 4489 solum
2138 4432 2357 4487 autem
2392 4424 2551 4502 eius,

607 4510 723 4574 sed
767 4519 833 4575 et
853 4512 1001 4586 mei,
1032 4530 1115 4573 ne
1141 4510 1474 4573 tristitiam
1502 4532 1700 4594 super
1718 4511 2049 4576 tristitiam
2076 4510 2402 4575 haberem.
2449 4508 2555 4572 Ite

608 4617 805 4675 nunc,
844 4603 910 4660 et
947 4596 1090 4660 Deo
1127 4593 1336 4660 dicam
1379 4593 1602 4661 dicite:
1647 4596 1819 4678 quod
1859 4596 2205 4660 mulierem
2244 4596 2318 4658 in
2358 4593 2553 4657 mini-

610 4682 814 4746 steria
846 4700 1210 4765 pauperum
1252 4680 1546 4746 sedulam
1582 4680 1865 4746 reddidit
1898 4681 2313 4764 pauperibus.
2382 4679 2554 4743 Nam

607 4774 683 4831 ut
715 4774 971 4832 constet
1002 4765 1189 4832 nobis
1223 4767 1437 4851 operis
1481 4768 1662 4846 ratio,
1702 4767 1826 4833 hoc
1861 4775 2035 4833 certe
2072 4765 2378 4832 Ohristus
2411 4784 2552 4828 me—

606 4853 759 4932 ruit,
808 4860 885 4918 ut
924 4852 1320 4937 glorificetur
1363 4855 1428 4917 in
1474 4853 1613 4919 vita
1654 4862 1900 4931 nostra,
1947 4860 2015 4918 et
2057 4853 2126 4917 in
2156 4860 2393 4916 morte:
2440 4851 2552 4932 qui

746 5071 802 5138 1)
841 5081 1003 5141 66661,
1042 5072 1177 5128 1576
1213 5091 1351 5147 seqq.
1524 5076 1585 5138 2)
1626 5075 1719 5130 Sic
1751 5076 2089 5129 restituimus
2121 5073 2399 5128 lectionem
2469 5085 2551 5123 os-

606 5146 754 5195 cente
796 5155 958 5195 sensa
1003 5149 1054 5198 et
1099 5150 1430 5212 arqumento.
1517 5143 1735 5198 Gallica
1780 5144 1956 5198 versio
2002 5143 2312 5196 mentitur.
2410 5139 2552 5192 'nti-

606 5210 826 5280 quiores
848 5215 1037 5265 tamen
1069 5213 1202 5267 libri
1233 5229 1417 5267 omnes
1453 5210 1797 5265 1542—1576
1830 5212 2054 5266 habent:
2089 5213 2242 5265 viam.

2658 3202 2948 3268 crassitie
2965 3253 2979 3277 ‚
3027 3200 3338 3282 scapham
3353 3251 3367 3278 ,
3415 3220 3727 3265 vocamus
3772 3198 4083 3282 scapham
4100 3252 4116 3278 ,
4163 3215 4229 3264 et
4271 3202 4604 3284 spiritum,

2658 3289 2978 3370 spiritum.
3069 3284 3204 3367 Qui
3248 3285 3401 3349 dum
3449 3286 3586 3350 exit
3629 3286 3709 3350 ab
3754 3285 4052 3363 homine,
4112 3286 4254 3368 ipse
4297 3287 4491 3352 hemo
4535 3289 4608 3352 in

2657 3385 2904 3438 terram
2962 3392 3151 3437 suam
3209 3373 3597 3448 revertitur,
3659 3371 3739 3435 de
3799 3391 3929 3453 qua
3983 3381 4284 3455 sumptus
4341 3381 4473 3452 est,
4531 3383 4608 3438 ut

2659 3459 2892 3524 diffuse
2935 3457 3427 3542 explicavimus.
3518 3457 3755 3522 Restat
3797 3464 3872 3521 ut
3912 3456 4271 3536 videamus,
4317 3458 4476 3541 quid
4519 3461 4606 3524 sit

2658 3544 3084 3628 cogitationes
3127 3544 3356 3626 perire.
3447 3542 3930 3621 Admonemur,
3987 3564 4071 3607 ne
4125 3545 4606 3610 constituamus

2657 3630 2963 3696 fiduciam
3006 3631 3076 3694 in
3119 3628 3508 3708 hominibuS,
3554 3650 3718 3709 quae
3765 3628 3957 3694 debet
4000 3649 4143 3694 6666
4184 3629 4604 3696 immortalis:

2658 3717 2823 3781 foret
2861 3717 3035 3780 enim
3082 3716 3336 3781 incerta
3378 3723 3445 3778 61
3487 3735 3723 3798 parum
3767 3714 4036 3792 stabilis,
4081 3736 4284 3797 quum
4316 3716 4454 3780 vita
4487 3717 4607 3781 ho-

2658 3802 2914 3865 minum
2945 3802 3072 3867 cito
3105 3811 3530 3885 pertranseat.
3598 3799 3704 3864 Ad
3739 3799 3910 3881 quod
3947 3800 4472 3883 significandum,
4510 3802 4608 3866 di·-

2658 3888 2759 3951 xit
2799 3887 3014 3969 perire
3049 3908 3274 3952 eorum
3310 3887 3758 3969 cogitationes:
3808 3885 3928 3950 hoc
3963 3894 4083 3964 est,
4117 3886 4436 3969 quidquid
4468 3910 4609 3953 mo-

2659 3973 2988 4037 liebantur
3031 3972 3190 4036 dum
3235 3973 3555 4050 viverent,
3603 3970 3907 4053 dissipari
3950 3982 4016 4036 et
4056 3972 4127 4036 in
4171 3981 4451 4038 ventum
4496 3974 4609 4038 ab-

2659 4061 2771 4124 ire.
2862 4058 2956 4125 Ut
3013 4059 3167 4124 alibi
3222 4058 3425 4140 (Psal.
3467 4064 3605 4136 112,
3670 4058 3801 4140 10):
3859 4057 4176 4122 Peccator
4231 4058 4486 4125 videbit
4543 4069 4611 4125 et

2659 4146 2998 4221 irascetur,
3045 4144 3348 4209 dentibus
3391 4145 3526 4209 suis
3571 4145 3804 4208 fremet
3856 4154 3923 4208 et
3976 4144 4295 4221 tabescet,
4353 4144 4610 4211 deside-

2659 4232 2833 4295 rium
2878 4243 3287 4313 peccatorum
3340 4230 3607 4313 peribit:
3669 4227 3842 4311 quod
3886 4229 4045 4294 alias
4089 4228 4357 4309 dicitur,
4417 4231 4612 4298 dissi-

2660 4317 2820 4399 pari.
2911 4315 3236 4381 Dominus
3281 4315 3556 4398 dissipat
3598 4313 3872 4380 consilia
3915 4316 4212 4398 gentium
4259 4316 4467 4396 (Psal.
4504 4321 4610 4397 33,

2670 4406 2790 4484 10).
2880 4403 3081 4468 Item:
3140 4404 3314 4467 Inite
3357 4400 3728 4477 consilium,
3774 4414 3842 4463 et
3885 4399 4305 4484 dissipabitur
4349 4403 4505 4488 (Ies.
4544 4407 4609 4483 8,

2667 4491 2790 4568 10).
2858 4486 3054 4574 Quod
3085 4488 3435 4553 verborum
3467 4485 3833 4568 periphrasi
3875 4485 4070 4551 beata
4110 4487 4298 4572 virgo
4343 4488 4418 4553 in
4453 4511 4614 4556 oan-

2657 4574 2786 4743 ῗΙῖο
2811 4574 3236 4657 significavit:
3267 4572 3595 4654 Dispersit
3616 4571 3927 4653 superbos
3951 4579 4169 4638 mente
4183 4574 4235 4656 ¹)
4262 4574 4479 4640 cordis
4501 4575 4618 4640 sui

2753 4680 2849 4724 uc.
2899 4665 2947 4736 l,
2989 4661 3118 4742 51).

2827 4779 3158 4844 Tertium:
3201 4778 3293 4841 Et
3327 4775 3704 4842 recordatus
3740 4788 3857 4854 est,
3893 4780 4046 4861 quia
4078 4798 4228 4844 caro
4260 4789 4436 4857 sunt,
4473 4782 4619 4864 spi-

2655 4865 2826 4931 ritus
2869 4864 3136 4940 vadenS,
3180 4870 3248 4926 et
3290 4882 3421 4926 non
3465 4860 3724 4928 rediens
3768 4864 3972 4947 (Psal.
4010 4869 4109 4941 78,
4150 4866 4277 4946 39).
4347 4866 4438 4930 Et
4472 4869 4618 4949 spi-

2653 4953 2858 5016 ritum
2912 4969 3032 5031 pro
3079 4955 3279 5012 vento
3332 4948 3618 5031 positum
3632 5000 3647 5026 ,
3708 4957 3785 5013 ut
3835 4949 3969 5015 fere
4009 4949 4271 5033 ubique,
4328 4961 4619 5017 conten-

2795 5136 2854 5202 1)
2896 5134 2988 5189 Sic
3030 5136 3366 5189 restituimus
3399 5151 3466 5189 ex
3514 5135 3759 5207 Vmata.
3827 5138 4092 5206 niv-ceps
4134 5137 4418 5195 mendose.-
4458 5156 4623 5196 men·

2657 5207 2743 5272 tis,
2780 5204 2928 5273 quod
2960 5210 3199 5259 caeterae
3232 5210 3519 5261 nudarunt
3550 5207 3638 5259 in.-
3675 5222 3853 5262 sensu.
4519 5255 4564 5292 ο
