4984 5975
637 343 758 403 211

640 536 742 592 tot
781 526 938 593 locis
974 544 1049 589 ac
1084 524 1423 599 similibus,
1465 523 1785 606 syllabam
1820 541 2021 587 unam
2055 520 2136 585 de
2172 540 2399 585 somno
2433 539 2587 603 pro-

644 614 814 677 ferre
870 618 1162 694 possunt.
1233 610 1467 691 Atqui,
1513 608 1771 673 etiamsi
1804 606 2115 692 vigilent,
2173 625 2395 672 carere
2525 626 2588 669 s-

643 706 800 764 sunt
833 695 1058 779 gloria.
1127 693 1349 775 Quare
1391 715 1593 777 quum
1626 693 1843 759 insani
1883 694 1971 757 sit
2007 692 2309 769 hominis,
2344 712 2392 754 n
2474 712 2589 755 um

642 781 973 847 temerarii
992 832 1007 858 ,
1065 782 1208 844 sine
1263 781 1588 862 scriptura
1643 778 1915 844 definire
1969 778 2049 843 de
2088 778 2195 856 iis,
2253 797 2421 859 quae
2464 777 2615 841 sub·

642 886 911 933 sensum
934 866 1233 930 ‘hominis
1266 887 1403 930 non
1437 865 1708 930 cadunt:
1751 885 1878 947 quo
1910 863 2182 929 tandem
2215 862 2407 928 vultu
2439 882 2589 945 per-

643 962 815 1038 gunt
856 951 1200 1016 temulenti
1243 950 1355 1017 isti
1398 959 1465 1015 et
1507 952 1663 1015 novi
1698 950 2126 1034 dogmatistae
2163 949 2235 1012 in
2271 948 2590 1013 defensio-

643 1060 799 1103 nem
845 1038 1077 1116 somni,
1124 1058 1320 1120 quem
1366 1059 1499 1101 non
1545 1044 1935 1120 acceperunt
1978 1055 2064 1100 ex
2119 1055 2229 1100 ore
2273 1032 2586 1099 Domini?

642 1123 789 1189 Hoc
845 1124 1022 1188 sanis
1078 1131 1145 1187 et
1199 1122 1430 1188 sobriis
1489 1124 1650 1187 satis
1711 1142 1853 1188 esse
1896 1122 2123 1204 possit:
2183 1141 2310 1203 quo
2354 1140 2590 1204 agnos-

644 1218 797 1274 cant
850 1229 1151 1273 somnum
1206 1210 1407 1273 istum
1470 1208 1763 1292 improbe
1814 1208 2126 1291 confingi,
2197 1206 2310 1289 qui
2363 1214 2589 1287 aperto

642 1295 769 1359 Dei
829 1294 1026 1359 verbo
1080 1286 1341 1378 probari
1402 1315 1534 1359 non
1562 1294 1814 1376 ‘possit
1883 1292 2017 1359 Sed
2062 1314 2183 1376 age
2196 1342 2212 1369 ,
2256 1291 2376 1356 hos
2419 1290 2591 1355 locos

645 1380 857 1445 obiter
901 1379 1312 1455 disseramus,
1341 1382 1389 1463 ¹)
1445 1402 1530 1445 ne
1584 1379 1739 1462 quid
1782 1378 2210 1462 simpliciores
2259 1385 2587 1453 moveant,

645 1487 852 1549 quum
913 1465 1192 1530 audiunt
1246 1465 1525 1530 salutem
1589 1466 1956 1530 animarum
2020 1466 2089 1528 in
2143 1462 2317 1528 diem
2367 1461 2590 1527 iudicii

646 1551 914 1616 differri.
978 1551 1281 1617 Primum
1322 1551 1487 1615 illud
1528 1550 1789 1633 quidem
1832 1551 1903 1614 in
1948 1551 2240 1616 confesso
2286 1570 2429 1614 esse
2473 1568 2589 1613 vo-

642 1637 881 1713 lumus,
928 1637 1100 1719 quod
1142 1638 1273 1701 iam
1316 1648 1468 1701 ante
1512 1638 1906 1720 explicatum
1950 1657 1991 1700 a
2033 1636 2218 1701 nobis
2261 1643 2393 1713 est,
2434 1635 2590 1699 bea-

645 1722 996 1787 titudinem
1040 1730 1332 1787 nostram
1375 1743 1634 1805 semper
1685 1723 1759 1786 in
1802 1742 1999 1787 eursu
2043 1741 2212 1797 6666,
2256 1741 2463 1803 usque
2508 1719 2590 1784 ad

646 1808 817 1872 diem
862 1807 1072 1884 illum,
1116 1809 1228 1891 qui
1270 1829 1533 1872 omnem
1575 1829 1839 1872 cursum
1882 1806 2144 1873 claudet
2178 1814 2244 1894 et
2278 1806 2589 1870 termina—

647 1892 766 1957 bit:
822 1895 919 1957 ita
972 1893 1324 1958 electorum
1378 1892 1683 1977 gloriam,
1741 1900 1809 1958 et
1859 1892 2129 1958 ultimae
2186 1892 2325 1974 spei
2368 1893 2587 1969 finem,

590 2056 600 2069 ,
647 1978 730 2045 ad
765 2000 916 2043 eum
952 1980 1170 2063 ipsum
1204 1979 1373 2044 diem
1415 1986 1730 2063 spectare,
1766 1988 1843 2043 ut
1874 1978 2291 2062 impleantur.
2313 1977 2371 2060 2)
2414 1977 2589 2041 Nam

647 2064 769 2128 hoc
806 2066 964 2128 satis
997 2065 1170 2129 inter
1203 2065 1784 2142 omuesconvenit,
1830 2063 2085 2129 nullam
2118 2083 2260 2128 esse
2296 2062 2403 2128 vel
2438 2063 2588 2127 bea-

648 2150 978 2227 titudinis,
1037 2150 1143 2214 vel
1200 2150 1442 2233 gloriae
1497 2150 1998 2234 perfectionem,
2055 2149 2181 2214 nisi
2235 2148 2588 2230 perfectam

650 2255 797 2299 cum
833 2235 976 2299 Deo
1011 2236 1554 2301 coniunctionem.
1622 2235 1774 2301 Huc
1809 2256 2036 2300 omnes
2071 2232 2422 2312 tendimus,
2458 2233 2589 2298 huc

647 2340 1102 2405 properamus,
1158 2321 1287 2386 huc
1329 2343 1554 2386 omnes
1597 2322 1957 2405 scripturae
1997 2322 2301 2398 mittunt,
2346 2328 2415 2385 et
2455 2318 2590 2383 Dei

646 2407 1126 2489 promissiones.
1205 2405 1398 2486 Quod
1464 2409 1642 2471 enim
1711 2407 1914 2472 semel
1968 2406 2278 2472 Abrahae
2342 2406 2590 2469 dictum

647 2502 773 2565 est,
828 2491 909 2555 ad
965 2513 1083 2557 nos
1138 2493 1333 2556 etiam
1376 2494 1688 2575 pertinet:
1747 2492 2118 2570 Abraham,
2174 2511 2295 2575 ego
2337 2511 2589 2556 merces

647 2587 763 2642 tua
816 2597 1054 2661 magna
1109 2578 1308 2642 nimis
1361 2578 1560 2659 (Gen.
1612 2584 1707 2652 15,
1755 2580 1839 2662 l).
1921 2579 2108 2643 Haec
2172 2597 2329 2661 ergo
2387 2597 2590 2660 quum

649 2664 735 2727 sit
788 2665 1140 2729 constituta
1192 2664 1493 2728 omnibus
1546 2684 1822 2743 merces,
1877 2665 1987 2746 qui
2041 2684 2190 2729 cum
2247 2661 2590 2728 Abraham

647 2760 897 2829 partem
944 2749 1217 2813 habent:
1258 2746 1483 2813 Deum
1524 2749 1877 2832 possidere,
1924 2757 1991 2815 et
2032 2770 2107 2814 eo
2146 2750 2294 2827 frui,
2328 2754 2591 2831 praeter

548 2852 557 2856 ·
646 2854 860 2915 quam,
906 2844 973 2898 et
1017 2834 1191 2898 ultra
1225 2856 1438 2916 quam,
1484 2834 1735 2899 nullam
1779 2835 1976 2901 aliam
2019 2841 2325 2919 appetere
2368 2834 2586 2900 liceat:

647 2918 1028 2987 coniiciendi
1085 2927 1242 2985 sunt
1282 2919 1436 2984 illuc
1480 2920 1682 2999 oculi,
1740 2942 1940 3004 quum
1976 2920 2063 2985 de
2106 2919 2590 3003 exspectatione

648 3017 871 3070 nostra
913 3007 1146 3089 agitur.
1214 3004 1576 3084 Hactenus,
1620 3009 1691 3071 ni
1725 3007 1937 3084 fallor,
1983 3008 2431 3072 assentiuntur
2470 3026 2587 3069 no·

648 3090 750 3156 bis
794 3091 1155 3156 adversarii
1199 3092 1422 3156 nostri.
1484 3092 1703 3174 Atque
1746 3092 1923 3157 istud
1967 3114 2229 3157 rursum
2264 3092 2467 3168 nobis,
2515 3098 2591 3156 ut

645 3197 854 3259 spero,
901 3176 1273 3256 concedent,
1320 3198 1596 3260 regnum
1632 3177 1812 3256 illud,
1858 3178 1941 3242 ad
1977 3177 2149 3260 quod
2181 3176 2407 3242 fideles
2439 3197 2589 3260 pos-

646 3262 992 3327 sidendum
1037 3275 1383 3340 vocantur,
1428 3262 1600 3345 quod
1645 3277 1712 3328 et
1754 3264 1935 3329 salus
1976 3263 2160 3340 alibi,
2207 3271 2276 3327 et
2316 3283 2584 3341 merces,

644 3359 714 3411 et
765 3348 973 3431 gloria
1016 3357 1465 3430 nuncupatur,
1522 3370 1654 3413 non
1707 3348 1888 3414 aliud
1931 3370 2103 3426 esse,
2163 3368 2357 3431 quam
2400 3348 2585 3413 illam

643 3454 791 3498 cum
833 3434 978 3498 Deo
1024 3434 1360 3498 unionem:
1405 3444 1481 3498 ut
1522 3435 1771 3500 scilicet
1810 3437 1877 3499 in
1920 3434 2065 3500 Deo
2107 3434 2299 3519 plene
2339 3436 2500 3512 sint,
2547 3456 2587 3499 a

643 3518 785 3583 Deo
842 3518 1273 3602 impleantur,
1330 3520 1584 3603 ipsique
1637 3521 1923 3587 vicissim
1969 3522 2113 3585 Deo
2165 3519 2583 3598 adhaereant,

638 3603 859 3670 Deum
916 3605 1108 3687 plene
1166 3605 1566 3688 possideant,
1628 3628 1831 3671 unum
1900 3605 2179 3689 denique
2233 3628 2382 3673 cum
2439 3608 2584 3671 Deo

638 3692 788 3756 sint.
858 3688 971 3756 Sic
1015 3691 1193 3756 enim
1238 3690 1396 3755 dum
1440 3693 1510 3755 in
1553 3692 1739 3756 fonte
1777 3705 1934 3757 sunt
1976 3693 2188 3756 omnis
2229 3692 2584 3776 plenitudi-

637 3777 769 3854 nis,
827 3776 1131 3841 ultimam
1182 3782 1425 3841 metam
1483 3779 1820 3862 attingunt
1862 3778 2077 3843 omnis
2119 3777 2433 3850 iustitiae,
2480 3798 2584 3842 sa—

638 3862 941 3943 pientiae,
979 3863 1254 3946 gloriae:
1291 3862 1524 3944 quibus
1561 3862 2118 3929 benedictionibus
2145 3871 2401 3928 constat
2434 3884 2583 3946 reg-

639 3968 801 4009 num
843 3948 987 4012 Dei.
1056 3947 1230 4012 Nam
1266 3947 1333 4013 id
1369 3970 1512 4013 esse
1546 3949 1855 4013 ultimum
1890 3957 2208 4031 punctum
2246 3951 2431 4032 regni
2456 3950 2584 4013 Dei

639 4032 1000 4095 insinuavit
1040 4033 1308 4108 Paulus,
1346 4055 1547 4116 quum
1589 4035 1835 4116 inquit:
1880 4034 1975 4100 Ut
2018 4035 2106 4102 sit
2146 4035 2332 4099 Deus
2363 4036 2584 4099 omnia

638 4117 712 4179 in
766 4116 1065 4181 omnibus
1118 4119 1203 4200 (l,
1231 4117 1378 4183 Cor.
1428 4124 1521 4198 15,
1565 4120 1695 4202 28).
1776 4117 1851 4185 Si
1906 4122 2091 4186 Deus
2147 4120 2260 4184 illo
2316 4119 2582 4184 demum
2631 4141 2636 4208 ς

640 4201 745 4266 die
789 4222 943 4266 vere
986 4201 1115 4266 erit
1153 4205 1372 4268 omnia
1418 4204 1487 4268 in
1529 4205 1859 4283 omnibus,
1917 4217 1987 4270 et
2036 4226 2188 4270 suos
2232 4204 2455 4270 fideles
2500 4205 2584 4270 ad

638 4288 889 4353 iustum
933 4286 1201 4351 modum
1239 4288 1552 4370 implebit,
1598 4311 1734 4354 non
1775 4290 2015 4374 absque
2059 4311 2257 4356 causa
2292 4289 2428 4356 dies
2471 4291 2584 4355 ille

640 4373 871 4438 salutis
914 4382 1176 4438 nostrae
1216 4372 1470 4452 dicitur,
1516 4385 1670 4439 ante
1718 4398 1910 4459 quem
1960 4399 2090 4442 non
2136 4398 2361 4443 omnes
2405 4376 2582 4441 salu-

641 4460 726 4523 tis
768 4465 1028 4523 nostrae
1071 4461 1329 4523 numeri
1373 4460 1749 4543 implentur.
1813 4461 1995 4543 Quos
2038 4464 2213 4529 enim
2239 4464 2423 4528 Deus
2456 4464 2581 4527 im-

638 4544 792 4627 plet,
838 4544 885 4607 ii
928 4544 1290 4626 implentur
1332 4547 1634 4613 omnibus
1678 4547 1953 4627 divitiis,
1998 4570 2160 4632 quas
2205 4569 2412 4632 neque
2450 4549 2580 4613 lin-

639 4649 772 4714 gua
814 4629 1026 4711 eloqui
1044 4681 1059 4707 ,
1103 4651 1228 4695 nec
1272 4631 1449 4696 auris
1492 4634 1826 4718 percipere
1842 4685 1858 4712 ,
1904 4656 2022 4700 nec
2066 4635 2294 4700 oculus
2337 4636 2577 4714 videre,

639 4736 759 4781 nec
805 4737 995 4780 mens
1049 4715 1442 4800 cogitatione
1496 4720 1751 4802 assequi
1805 4728 2020 4801 potest
2073 4722 2136 4804 (l
2181 4720 2331 4786 Cor.
2382 4726 2440 4800 2,
2488 4721 2576 4805 9).

638 4801 823 4867 Haec
866 4800 994 4866 duo
1039 4801 1097 4866 si
1140 4808 1330 4867 extra
1365 4807 1877 4870 controversiam
1912 4809 2031 4883 [fol.
2057 4812 2164 4884 33]
2210 4814 2385 4886 sunt,
2408 4808 2579 4872 frus-

638 4895 745 4952 tra
796 4887 1104 4952 nituntur
1167 4889 1376 4954 nostri
1444 4887 1803 4974 hypnologi
1868 4892 2253 4957 convincere
2322 4901 2580 4958 sanctos
2629 4953 2635 4986 ἱ

640 4972 770 5038 Dei
812 4993 1066 5052 servos,
1121 4972 1247 5039 hac
1289 4975 1431 5038 vita
1481 4974 1849 5053 defunctos,
1904 4977 2197 5042 nondum
2256 4978 2269 4990 ’

640 5079 781 5125 esse
822 5060 892 5123 in
936 5080 1216 5143 regnum
1257 5060 1416 5137 Dei,
1474 5081 1555 5124 ex
1611 5080 1685 5123 66
1727 5060 1902 5143 quod
1946 5062 2077 5128 illis
2120 5062 2399 5129 dicetur:
2443 5063 2580 5127 Ve-

2156 272 3108 398 PSYOHOPANNYdHIA.

775 5247 833 5312 1)
871 5247 1226 5303 edisseramus
1262 5248 1435 5302 Amet.
1640 5240 1700 5316 2)
1735 5225 2036 5317 impleatur,
2075 5247 2212 5302 1552
2246 5265 2383 5318 ειη.

4372 412 4386 426 ⁸
4511 335 4630 397 212

2691 519 2856 596 nite,
2900 516 3226 601 possidete
3281 537 3595 600 regnum,
3655 526 3772 583 etc.
3821 519 4091 603 (Matth.
4132 523 4233 599 25,
4271 521 4386 606 34)
4443 531 4510 587 et
4549 526 4632 590 si-

2690 603 2972 669 milibus.
3039 603 3437 686 Promptum
3473 604 3649 668 enim
3684 604 3868 670 nobis
3907 614 4007 670 est
4041 606 4466 689 respondere:
4506 631 4634 677 non

2690 687 2835 754 ideo
2877 709 3052 753 nunc
3096 688 3352 753 nullum
3399 710 3541 754 esse
3590 710 3663 754 re
3755 712 3896 769 um,
3953 692 4109 775 quia
4151 693 4448 758 nondum
4489 718 4632 778 per-
4671 690 4676 695 ’

2691 775 2936 839 fectum
2980 782 3099 838 est.
3189 773 3326 840 Sed
3368 784 3598 840 contra
3690 777 3916 843 ’cimus
3965 786 4123 844 tunc
4165 781 4634 861 perficiendum

2691 881 2854 939 esse,
2897 858 3070 942 quod
3107 861 3240 924 iam
3284 860 3661 925 inchoatum
3707 872 3824 941 est,
3871 865 4058 929 cuius
4100 865 4199 930 rei
4239 865 4439 930 fidem
4483 880 4634 935 tunc

2693 944 2958 1011 demum
3000 946 3244 1011 factam
3295 967 3335 1011 a
3389 967 3496 1010 me
3541 947 3719 1027 volo,
3775 947 3884 1012 ubi
3941 948 4204 1032 planam
4258 952 4503 1031 fecero,
4556 975 4636 1020 ex

2693 1031 2890 1098 certis
2949 1032 3423 1114 scripturarum
3480 1034 3904 1116 argumentis.
3993 1035 4162 1099 Nam
4222 1044 4290 1100 et
4345 1037 4486 1104 dies
4529 1040 4634 1107 ille

2692 1138 2970 1201 regnum
3005 1116 3134 1181 Dei
3170 1115 3425 1197 dicitur,
3459 1120 3615 1207 quia
3649 1127 3807 1184 tunc
3844 1142 3997 1185 vere
4031 1120 4330 1188 subiiciet
4364 1125 4490 1189 sibi
4525 1146 4638 1209 po-

2693 1210 2961 1268 testates
3004 1202 3430 1282 adversarias,
3477 1202 3796 1269 Satanam
3839 1207 4186 1272 interficiet
4230 1210 4468 1292 spiritu
4513 1214 4638 1280 oris

2694 1290 2814 1366 sui,
2857 1297 2922 1352 et
2961 1286 3255 1353 destruet
3294 1288 3727 1355 illustratione
3770 1290 4093 1358 adventus
4138 1295 4261 1371 sui,
4305 1297 4446 1379 ipse
4485 1319 4640 1364 vero

2695 1383 2869 1439 totus
2922 1375 2991 1438 in
3045 1373 3270 1441 electis
3329 1377 3464 1440 suis
3519 1375 3842 1442 habitabit
3893 1386 3960 1442 et
4014 1382 4316 1462 regnabit
4370 1383 4431 1467 (1
4494 1382 4636 1450 Cor.

2699 1465 2798 1538 15,
2838 1463 2947 1539 243
2999 1464 3034 1522 2
3074 1459 3303 1526 Thess.
3341 1465 3399 1539 2,
3438 1462 3526 1543 8).
3616 1462 3844 1545 Neque
3897 1463 4072 1528 enim
4131 1465 4321 1530 aliter
4361 1490 4642 1553 regnare

2694 1545 2850 1610 olim
2902 1546 2976 1609 in
3028 1566 3099 1610 66
3143 1546 3327 1611 Deus
3376 1556 3621 1628 potest,
3677 1569 3874 1630 quam
3930 1552 4233 1633 regnavit
4286 1553 4367 1618 ab
4422 1556 4639 1621 initio:

2694 1632 2879 1698 cuius
2932 1632 3258 1696 maiestati
3313 1632 3481 1697 nihil
3536 1633 3842 1701 accedere
3897 1645 4012 1700 aut
4054 1635 4362 1703 decedere
4405 1650 4639 1722 potest.

2695 1715 2831 1782 Sed
2874 1738 3155 1801 regnum
3198 1718 3342 1783 eius
3387 1717 3652 1797 dicitur,
3707 1720 3878 1802 quod
3920 1722 4219 1788 omnibus
4263 1727 4641 1793 manifesta-

2694 1803 2886 1868 bitur.
2976 1803 3086 1867 An
3132 1823 3285 1869 vero
3340 1801 3498 1868 dum
3553 1825 3819 1871 oramus
3878 1817 3964 1870 ut‘
4006 1829 4284 1891 regnum
4342 1814 4486 1877 eius
4531 1813 4642 1879 ad-

2693 1888 2946 1967 veniat,
3003 1889 3363 1972 cogitamus
3419 1912 3595 1956 nunc
3652 1891 3906 1957 nullum
3951 1892 4138 1958 esse?
4226 1895 4318 1959 Et
4361 1897 4473 1961 ubi
4521 1901 4642 1964 erit

2692 1971 2901 2038 illud?
2991 1974 3297 2057 Regnum
3351 1976 3480 2039 Dei
3536 1977 3714 2042 intra
3767 1998 3886 2042 vos
3941 1985 4044 2044 est
4108 1980 4300 2063 (Luc.
4356 1987 4454 2060 17,
4509 1985 4637 2069 21).

2692 2059 2958 2143 Regnat
3007 2061 3211 2144 igitur
3256 2060 3442 2125 Deus
3496 2064 3630 2126 iam
3678 2085 3854 2129 nunc
3897 2064 3969 2128 in
4015 2064 4241 2131 electis
4295 2067 4434 2133 suis
4480 2091 4642 2153 quos

2694 2146 2832 2229 agit
2872 2145 3107 2229 spiritu
3152 2167 3286 2210 suo.
3375 2148 3642 2231 Regnat
3683 2158 3750 2212 et
3793 2156 4022 2215 contra
4075 2150 4437 2233 diabolum,
4496 2176 4642 2239 pee-

2693 2239 2911 2296 catum
2947 2241 3015 2295 et
3035 2240 3330 2310 mortem,
3369 2232 3526 2297 dum
3562 2234 3742 2299 iubet
3776 2255 3812 2298 e
3847 2235 4134 2302 tenebris
4168 2237 4383 2305 lucem
4419 2241 4643 2323 splen-

2694 2316 2974 2395 descere,
3018 2336 3149 2399 qua
3191 2318 3678 2384 confundantur
3721 2341 3905 2385 error
3948 2336 4014 2386 et·
4063 2322 4521 2392 mendacium:
4579 2337 4642 2393 et

2694 2401 2851 2466 dum
2895 2401 3212 2485 prohibet,
3258 2425 3344 2468 ne
3378 2413 3657 2469 noceant
3690 2414 4044 2488 potestates
4079 2410 4510 2476 tenebrarum
4543 2414 4640 2494 iis,

2693 2489 2803 2569 qui
2847 2489 3110 2571 signum
3150 2490 3308 2572 agni
3340 2490 3413 2553 in
3448 2490 3661 2556 fronte
3696 2502 3955 2575 gerunt.
4019 2494 4304 2578 Regnat,
4348 2497 4642 2580 inquam,

2691 2575 2826 2637 iam
2846 2596 3042 2652 nunc,
3080 2576 3264 2640 cuius
3306 2585 3383 2639 ut
3423 2597 3702 2659 regnum
3741 2576 4068 2656 adveniat,
4113 2601 4392 2647 oramus.
4458 2584 4643 2670 Reg-

2693 2669 2810 2723 nat
2843 2658 3109 2741 quidem
3144 2659 3298 2724 dum
3335 2671 3643 2744 operatur
3677 2664 3954 2728 virtutes
3998 2665 4068 2728 in
4111 2668 4268 2743 suis,
4316 2666 4478 2733 dum
4519 2669 4645 2737 Sa-

2692 2751 2886 2811 tanae
2927 2745 3142 2828 legem
3186 2745 3360 2811 dicit.
3430 2745 3564 2812 Sed
3607 2756 3763 2814 tunc
3807 2770 4085 2833 regnum
4128 2752 4267 2817 eius
4311 2753 4641 2836 adveniet,

2692 2850 2895 2912 quum
2947 2830 3340 2913 implebitur.
3429 2832 3820 2915 Implebitur
3874 2848 4090 2901 autem
4107 2888 4122 2915 ‚
4181 2858 4383 2920 quum
4443 2842 4646 2924 plane

2691 2916 3134 2982 manifestabit
3182 2917 3457 3001 gloriam
3505 2921 3868 2987 maiestatis
3909 2942 4063 2987 suae
4104 2923 4327 2990 electis
4368 2928 4516 2995 suis
4562 2927 4645 2994 ad

2692 3001 2999 3081 salutem,
3037 3004 3332 3087 reprobis
3363 3004 3445 3070 ad
3476 3007 3939 3072 confusionem.
4000 3007 4175 3089 Quid
4209 3018 4439 3078 autem
4459 3015 4642 3080 aliud

2691 3089 2800 3153 vel
2831 3088 3174 3154 dicendum
3210 3090 3314 3154 vel
3346 3091 3738 3156 credendum
3783 3101 3884 3158 est
3923 3093 4005 3159 de
4046 3095 4308 3162 electis?
4355 3118 4644 3180 quorum

2690 3195 2969 3258 regnum
3015 3185 3116 3240 est
3171 3183 3238 3240 et
3279 3177 3516 3259 gloria,
3572 3179 3643 3242 in
3697 3199 3903 3262 regno
3945 3180 4074 3246 Dei
4129 3181 4414 3265 glorioso
4476 3208 4641 3264 6666,

2689 3270 2756 3324 et
2797 3282 2946 3326 cum
2989 3261 3134 3325 Deo
3169 3261 3378 3326 veluti
3421 3283 3716 3346 regnare,
3764 3273 3830 3328 et
3872 3265 3940 3329 in
3985 3286 4059 3330 eo
4105 3267 4398 3350 gloriari:
4452 3271 4645 3336 deni-

2688 3366 2813 3428 que
2848 3345 3108 3412 divinae
3140 3347 3387 3429 gloriae
3420 3351 3770 3432 participes
3805 3370 3963 3414 esse.
4019 3351 4165 3417 Hoc
4198 3354 4466 3436 quidem
4491 3378 4644 3443 reg-

2688 3453 2868 3510 num,
2914 3433 3176 3497 tametsi
3219 3433 3516 3500 nondum
3557 3433 3897 3500 advenisse
3942 3434 4066 3503 dici
4074 3445 4200 3514 tur,
4248 3447 4476 3506 tamen
4521 3444 4643 3507 ali·

2686 3537 2816 3600 qua
2858 3540 2941 3583 ex
2982 3527 3168 3602 parte
3212 3529 3506 3601 spectare
3550 3520 3720 3587 licet.
3787 3521 3961 3586 Nam
4004 3523 4074 3586 in
4118 3545 4322 3609 regno
4357 3526 4494 3592 Dei
4540 3531 4642 3593 in-

2687 3603 2941 3686 cipiunt
2980 3624 3142 3682 esse,
3186 3607 3298 3686 qui
3319 3609 3618 3689 ‘regnum
3653 3606 3784 3672 Dei
3826 3607 4298 3690 quodammodo
4342 3613 4528 3678 intra
4571 3636 4645 3680 se

2689 3689 2951 3766 habent,
2998 3701 3065 3754 et
3107 3711 3257 3756 cum
3301 3689 3444 3756 Deo
3488 3700 3798 3777 regnant:
3846 3693 4159 3759 adversus
4202 3717 4362 3778 quos
4405 3709 4644 3781 portae

2686 3775 3045 3840 inferorum
3092 3777 3467 3857 praevalere
3510 3787 3846 3861 nequeunt
3887 3779 4157 3860 (Matth.
4204 3787 4297 3861 16,
4347 3786 4475 3868 18).
4557 3786 4646 3850 In

2683 3860 2831 3925 Deo
2875 3860 3324 3941 iustificantur,
3373 3863 3454 3928 de
3487 3864 3724 3946 quibus
3760 3864 4007 3931 dictum
4052 3875 4180 3932 est:
4226 3867 4308 3931 In
4341 3870 4645 3937 Domino

2685 3946 3146 4012 iustificabitur
3188 3957 3256 4012 et
3297 3948 3669 4014 laudabitur
3716 3970 3907 4015 omne
3960 3972 4187 4017 semen
4222 3953 4431 4019 Israel
4480 3957 4646 4040 (Ies.

2686 4038 2788 4108 45,
2833 4035 2965 4113 25).
3052 4032 3147 4098 Ut
3187 4046 3455 4116 prorsus
3497 4056 3775 4120 regnum
3825 4037 3997 4102 istud
4041 4040 4129 4103 sit
4170 4039 4486 4107 ecclesiae
4533 4064 4648 4108 ae-

2687 4116 2987 4192 difioatio‚
3034 4139 3149 4183 seu
3195 4121 3520 4202 profectus
3564 4121 3874 4199 fidelium,
3920 4144 4117 4205 quem
4160 4125 4345 4190 nobis
4389 4126 4648 4195 descri-

2688 4203 2786 4267 bit
2828 4203 3106 4269 Paulus:
3163 4206 3275 4286 qui
3329 4228 3447 4288 per
3489 4227 3715 4273 omnes
3758 4217 4045 4283 aetatum
4089 4209 4334 4292 gradus
4378 4212 4647 4279 adoles-

2686 4296 2841 4355 cunt
2897 4290 2968 4353 in
3025 4293 3240 4354 virum
3293 4293 3657 4376 perfectum
3716 4293 3986 4378 (Ephes.
4040 4301 4110 4373 4,
4169 4298 4292 4378 13).
4383 4297 4648 4365 Vident

2630 4435 2636 4470 ξ
2687 4375 2838 4440 boni
2895 4376 3005 4440 isti
3061 4378 3187 4441 viri
3247 4377 3444 4442 huius
3501 4381 3687 4462 regni
3738 4379 4083 4462 principia,
4143 4381 4367 4447 vident
4419 4386 4648 4451 incre-

2684 4468 2937 4526 menta:
2977 4463 3200 4526 statim
3236 4471 3430 4545 atque
3466 4464 3628 4529 haec
3661 4464 3903 4529 abeunt
3936 4487 4019 4530 ex
4053 4467 4276 4547 oculis,
4311 4488 4449 4534 non
4470 4469 4648 4535 dant

2684 4545 2836 4611 fidei
2876 4545 3108 4626 locum,
3152 4570 3273 4614 nec
3306 4551 3630 4615 sustinent
3676 4549 3957 4630 credere,
4000 4552 4171 4635 quod
4215 4574 4348 4618 non
4382 4554 4648 4622 habent

2682 4653 2840 4716 prae
2885 4633 3090 4699 oculis
3134 4636 3368 4701 carnis.
3455 4635 3549 4699 At
3588 4655 3746 4699 vero
3792 4635 3984 4720 longe
4029 4638 4220 4704 aliter
4263 4641 4644 4721 apostolus:

2683 4718 2961 4796 Mortui,
3006 4720 3238 4802 inquit,
3293 4720 3475 4785 estis:
3533 4729 3601 4783 et
3642 4720 3783 4786 vita
3826 4731 4043 4788 vestra
4095 4724 4477 4792 abscondita
4533 4739 4648 4794 est

2682 4826 2833 4871 cum
2876 4803 3143 4871 Christo
3181 4806 3251 4869 in
3295 4806 3457 4871 Deo.
3547 4804 3770 4887 Quum
3813 4815 4034 4874 autem
4077 4809 4384 4876 Christus
4426 4834 4646 4898 appa-

2685 4891 2912 4968 ruerit,
2959 4892 3096 4956 vita
3139 4899 3375 4970 vestra,
3422 4899 3580 4957 tunc
3624 4899 3692 4958 et
3731 4914 3847 4958 vos
3892 4895 4088 4961 simul
4130 4918 4278 4961 cum
4321 4898 4467 4980 ipso
4513 4919 4644 4983 ap-

2682 4976 3000 5059 parebitis
3041 4976 3111 5040 in
3155 4976 3364 5060 gloria
3408 4975 3684 5060 (Coloss.
3726 4982 3783 5058 3,
3826 4985 3880 5044 3.
3922 4982 4013 5064 4).
4091 4980 4320 5047 Vitam
4361 4983 4642 5066 quidem

2685 5060 3134 5127 absconditam
3176 5061 3363 5128 nobis
3413 5064 3645 5129 tribuit
3695 5086 3844 5130 cum
3890 5065 4182 5145 Christe,
4240 5070 4449 5151 capite
4505 5075 4642 5149 [fel.

2688 5151 2796 5224 34]
2853 5155 3075 5211 nostro
3093 5198 3106 5224 ,
3165 5147 3340 5230 apud
3394 5149 3645 5215 Deum:
3715 5152 3991 5236 gloriam
4047 5152 4272 5218 differt
4323 5155 4395 5218 in
4451 5153 4640 5221 diem

2631 5257 2636 5282 ι
2683 5231 2926 5317 gloriae
2972 5231 3264 5311 Christi,
3311 5235 3424 5318 qui
3467 5245 3544 5301 ut
3600 5247 3796 5321 caput
3851 5249 3953 5305 est
4006 5238 4347 5319 eeclesiae,
4405 5240 4644 5306 trahet
