4984 5975
2060 344 2798 414 Puofflooifflux
2936 328 2943 337 “
4246 349 4467 418 xxv

425 556 745 603 oceanum
789 542 857 601 et
894 540 1190 601 monstra
1231 534 1548 614 natantia,
1593 535 1738 601 sine
1780 533 2153 620 epigraphe.
2240 534 2521 600 Praeter
2563 534 2832 602 titulum
2884 537 3087 601 etiam
3143 536 3455 623 ultimum
3507 536 3803 604 eiusdem
3844 537 4170 607 ternionis
4220 538 4455 607 folium

431 646 649 714 denuo
693 648 869 733 typis
909 652 1257 712 exaratum
1300 652 1402 711 est
1444 653 1513 713 et
1555 646 1820 731 quidem
1861 645 2226 711 minoribus
2270 666 2468 729 quam
2507 645 2776 729 reliqua.

740 757 1098 843 Appendix
1141 757 1465 826 Senecam
1507 759 1848 825 continens
1890 759 1962 823 in
2003 757 2307 824 omnibus
2351 755 2835 842 exemplaribus
2878 756 3110 825 eodem
3148 758 3348 824 titulo
3391 767 3685 839 ornatur,
3731 759 3867 828 scil.
3907 759 4257 829 Stoeriano
4302 781 4462 829 cum

436 878 598 936 nota
636 871 795 936 anni
841 875 1023 936 1611.

1847 1068 1947 1137 111.
2013 1082 2269 1139 Eun-10
2300 1080 3038 1139 AMSTELODAMENSIS.'

743 1222 848 1289 De
893 1220 1177 1288 editione
1230 1240 1502 1306 operum
1546 1219 1811 1288 Calvini
1866 1221 2437 1288 amstelodamensi
2496 1221 2750 1305 egimus
2803 1222 2871 1286 in
2914 1221 3412 1308 Prolegomenis
3453 1220 3834 1290 Volumim's
3888 1223 4100 1290 nostri
4148 1221 4349 1307 primi
4388 1243 4458 1307 p.

429 1331 597 1399 XII.
688 1332 896 1399 Cuius
942 1334 1224 1399 'Domum
1263 1331 1460 1399 VIII.
1508 1330 1756 1397 obtinet
1799 1331 2094 1400 collectio
2135 1339 2544 1401 tractatuum
2586 1330 3103 1416 theologicorum
3144 1331 3448 1401 omnibus
3503 1335 3801 1400 numeris
3844 1334 3930 1400 ad
3971 1334 4189 1400 Bezae
4231 1354 4459 1401 exem-

431 1444 582 1529 plar
634 1445 1038 1510 conformata
1052 1496 1069 1524 ,
1135 1450 1388 1510 textum
1455 1451 1677 1509 tamen
1740 1444 2227 1528 castigatiorem
2281 1444 2618 1511 exhibens.
2708 1443 3070 1511 Terniones
3124 1452 3284 1511 sunt
3336 1445 3683 1530 sexaginta
3738 1444 3871 1512 duo
3884 1495 3903 1526 ,
3969 1444 4252 1531 paginae
4299 1448 4456 1512 ³744.

429 1556 661 1623 Etiam
703 1555 813 1623 hic
854 1553 1010 1620 libri
1048 1553 1340 1622 Senecae
1387 1556 1746 1639 separafim
1787 1556 2015 1622 excusi
2056 1556 2465 1622 ternionibus
2509 1555 2815 1639 quinque,
2862 1556 3124 1640 paginis
3172 1560 3253 1623 59
3299 1561 3581 1624 exstant.

2376 1879 2500 1946 VI.

1813 2050 2140 2117 EDI'I'IO
2188 2049 2568 2119 S'I'OERII
2612 2050 3050 2119 GALLICA.

738 2190 956 2289 Idem!
979 2223 1089 2289 ille
1145 2222 1421 2290 Iacobus
1466 2221 1661 2288 Stoer
1714 2223 2166 2307 typographus
2222 2224 2642 2307 genevensis,
2710 2224 2823 2307 qui
2864 2223 3080 2289 Bezae
3132 2222 3408 2288 latinam
3448 2224 3884 2291 Tractatuum
3935 2223 4458 2291 calvinianorum

425 2335 880 2419 collectionem
921 2335 1136 2401 den-uo
1181 2335 1359 2419 typis
1400 2333 1743 2400 mandavit
1756 2385 1771 2413 ‚
1833 2333 2062 2400 eodem
2106 2355 2276 2400 anno
2328 2338 2488 2398 1611
2539 2335 2742 2400 etiam
2783 2334 3086 2418 gallicam
3132 2356 3218 2399 ex
3260 2335 3521 2402 officina
3562 2354 3683 2401 sua
3723 2336 3968 2401 iterum
4009 2332 4274 2420 prodire
4317 2335 4460 2400 ius·

425 2449 536 2513 sit.
605 2446 694 2511 In
727 2468 857 2529 qua
890 2443 1327 2524 describenda,
1365 2465 1741 2529 quanquam
1775 2446 2029 2529 prioris,
2071 2445 2244 2528 quod
2286 2445 2370 2510 ad
2415 2452 2677 2511 textum
2711 2446 2965 2525 attinet,
3011 2465 3253 2528 purum
3284 2452 3520 2528 putum
3557 2446 3982 2530 apographon
4019 2454 4139 2528 est,
4184 2458 4458 2529 propter

423 2559 878 2625 additamenta
918 2556 1240 2643 quaedam
1283 2565 1422 2622 tam
1466 2558 1540 2622 in
1583 2558 1798 2623 fronte
1841 2577 2040 2641 quam
2079 2557 2153 2621 in
2197 2558 2371 2626 calce
2413 2556 2566 2623 libri
2610 2557 2804 2624 obvia
2843 2555 3212 2641 paullulum
3254 2554 3610 2623 subsistere
3651 2578 3786 2623 non
3827 2558 3944 2624 abs
3989 2578 4062 2624 re
4102 2562 4247 2628 erit.
4338 2562 4454 2628 mi-

431 2671 616 2737 tulus
658 2669 767 2736 hic
809 2676 934 2736 est:

739 2780 1156 2848 REOVEIL
1208 2780 1218 2865 Ι
1268 2766 1504 2850 DES
1568 2766 2277 2852 OPVSOVLES
2333 2766 2344 2871 Ι
2404 2778 2561 2846 G’est
2602 2779 2647 2843 ὰ
2688 2779 2842 2859 dire,
2903 2772 2914 2857 Ι
2989 2764 3233 2848 Petis
3330 2764 3716 2849 'Praictez
3820 2768 3927 2851 de
4021 2771 4142 2855 M.
4237 2773 4449 2858 Iean

431 2880 763 2965 Calain.
836 2879 848 2984 Ι
917 2890 1100 2956 LES
1167 2888 1352 2957 VNS
1399 2889 1535 2956 RE
1545 2889 1670 2956 VE
1679 2889 1793 2956 Vs
1844 2876 1974 2956 ΕΤ
2024 2890 2563 2974 6636161521
2611 2912 2728 2957 sur
2782 2891 2839 2956 ze
2889 2885 3116 2970 Lama,-
3169 2886 3260 2953 tes
3312 2892 3524 2955 autres
3585 2890 3924 2958 translatez
3977 2896 4054 2961 ae
4110 2895 4307 2962 Latin
4367 2916 4448 2964 a·

425 2997 728 3088 francof-3.
781 3008 793 3086 Ι
842 3000 1401 3071 DEVXIESME
1454 2976 1864 3083 EDITION‚
1919 3004 1929 3090 Ι
1977 3003 2526 3089 Soigneusement
2567 3003 2816 3083 releue‚
2873 3009 2942 3068 et
2968 2995 3288 3067 enrichie
3331 3000 3447 3067 des
3505 3003 3993 3090 tesmoignages
4038 3004 4118 3074 de
4172 3007 4449 3078 l’Escri·

429 3123 585 3181 ture
626 3114 915 3194 Saincte,
961 3114 1077 3181 des
1128 3115 1138 3199 Ι
1187 3113 1518 3180 Docteurs
1560 3115 1856 3194 anciens,
1916 3124 1985 3180 et
2039 3115 2122 3181 (16
2176 3136 2523 3199 remarque
2566 3114 2648 3180 de
2698 3114 2935 3181 l’ordre
2991 3112 3105 3178 des
3160 3111 3471 3177 matieres
3519 3111 3530 3197 Ι
3578 3115 3841 3181 traitees
3891 3139 4016 3201 par
4055 3117 4397 3188 l'.Auteur
4439 3121 4454 3208 Ι

436 3225 840 3282 PREFAOE
878 3225 1005 3279 DE
1049 3225 1132 3280 M.
1187 3224 1655 3280 THEODORE
1695 3224 1823 3279 DE
1863 3224 2139 3282 BESZE
2165 3227 2221 3280 A
2259 3225 2636 3281 MADAME
2670 3229 2680 3296 Ι
2720 3224 2969 3283 RENEE
3014 3223 3115 3278 DE
3162 3221 3472 3291 FRANCE,
3516 3221 3799 3281 Duchom
3843 3226 3912 3282 de
3957 3228 4235 3286 Ferrum.-
4280 3234 4454 3302 auec!

433 3321 819 3403 QVATRE
878 3318 1278 3400 INDICES,
1343 3322 1353 3404 Ι
1410 3321 1464 3386 Ι.
1522 3319 1662 3387 Des
1706 3322 2018 3388 Traictez.
2131 3322 2223 3388 II.
2271 3321 2408 3388 Des
2459 3342 2773 3407 passages
2830 3319 2919 3387 du
2974 3319 3151 3384 Vieil
3206 3324 3274 3383 et
3317 3316 3408 3381 du
3448 3317 3516 3384 N
3515 3339 3769 3386 ouueau
3815 3322 4225 3405 Testament‚
4282 3326 4458 3393 alle-

435 3455 604 3520 guez
663 3443 732 3500 et
775 3434 786 3516 Ι
825 3432 1183 3519 expliquez.
1272 3431 1399 3496 ΙΠ.
1460 3430 1601 3497 Des
1655 3441 1996 3498 sentences
2052 3431 2169 3499 des
2212 3431 2558 3501 Docteurs.
2645 3432 2811 3498 ΠΠ.
2870 3431 3009 3498 Des
3062 3429 3372 3495 matieres
3424 3428 3434 3515 Ι
3480 3432 3779 3499 notables
3832 3434 4098 3502 traioees
4154 3457 4240 3502 en
4291 3443 4441 3505 tous

435 3545 537 3612 les
597 3543 983 3628 opuseules.
1041 3544 1051 3629 ι
1101 3551 1457 3619 (mmmm.)
1500 3544 1532 3627 ιι
1574 3543 1641 3607 A
1691 3543 2107 3624 GENEVE
2158 3544 2170 3629 ι
2220 3533 2357 3615 Do
2415 3533 3006 3645 l'Imprimerie
3069 3532 3177 3616 de
3237 3527 3492 3617 Iacob
3556 3529 3829 3615 Stoer.
3896 3539 3909 3643 Ι
3977 3546 4072 3612 Μ.
4094 3546 4353 3614 non.

745 3657 850 3722 De
893 3656 1191 3723 officinae
1234 3654 1619 3722 Stoerianae
1664 3656 2051 3722 emblemate
2094 3678 2295 3741 supra
2338 3655 2643 3723 diximus.
2735 3657 2974 3723 'I'ernio
3016 3656 3499 3741 praeliminaris
3542 3655 3707 3722 haec
3749 3653 3977 3721 habet:
4026 3655 4169 3721 Fol.
4195 3660 4276 3722 ·2.
4325 3679 4456 3724 ex-

433 3767 702 3833 hibetur
745 3768 994 3853 effigies
1037 3767 1302 3835 Calvini
1344 3765 1815 3852 xylographice
1859 3789 2170 3852 expressa
2183 3821 2201 3850 ,
2256 3774 2323 3834 et
2364 3769 2686 3835 hactenus
2730 3768 2996 3835 diversa
3036 3770 3118 3836 ab
3163 3789 3241 3836 ea
3282 3788 3449 3854 quae
3498 3769 3570 3833 in
3624 3766 3842 3852 priore
3882 3766 4164 3834 editione
4206 3768 4449 3851 fuerat,

433 3878 556 3945 sed
595 3877 827 3945 eodem
869 3879 1101 3965 adagio
1143 3886 1389 3944 ornata.
1480 3876 1702 3962 Supra
1743 3901 1889 3944 eam
1931 3879 2202 3963 legitur:
2253 3877 2615 3945 Pourtraict
2652 3881 2729 3946 de
2774 3878 2867 3945 M
2914 3879 3174 3947 IEAN
3209 3878 3388 3948 GAL
3402 3878 3588 3962 VIN,
3629 3878 3706 3944 de
3752 3877 3974 3961 Noyon
4015 3898 4093 3945 en
4129 3877 4453 3963 Picarda’e,

441 3989 718 4057 Pastwr
771 3992 848 4056 de
900 3989 1160 4074 l’Eylise
1215 3990 1291 4054 de
1340 3990 1602 4070 Germe,
1658 4009 1802 4056 avec
1843 4011 1931 4055 un
1981 3992 2312 4057 sommam
2354 3992 2429 4057 (16
2469 4011 2548 4056 sa
2589 3992 2687 4056 vie
2728 3996 2783 4057 et
2823 3997 3010 4073 mort,
3055 4014 3192 4075 par
3238 3992 3355 4060 Th.
3409 3992 3485 4057 (16
3537 3988 3753 4055 Besae.
3852 3988 4003 4056 Η66
4044 3991 4447 4059 curriculum

439 4100 636 4182 vitae,
680 4101 967 4186 adeoque
1001 4103 1212 4185 ipsam
1255 4101 1538 4185 effigiem
1582 4101 1924 4185 descripsit
1966 4103 2178 4168 editor
2201 4125 2304 4203 ⁸ex
2346 4103 2563 4168 Bezae
2605 4104 2945 4169 notissimo
2988 4103 3157 4204 libr?
3200 4104 3314 4188 qui
3355 4102 3623 4168 titulum
3664 4100 3891 4167 habet:
3934 4100 4021 4168 Ic
4037 4123 4261 4184 ones,
4305 4103 4350 4170 i.
4394 4125 4455 4170 e.

439 4234 690 4280 verae
743 4213 1150 4298 imagines
1208 4212 1573 4279 virorum
1630 4212 2090 4280 illustrium
2134 4221 2324 4281 caett.
2378 4213 2670 4300 primum
2715 4236 2887 4280 anno
2938 4219 3102 4281 1580
3153 4215 3389 4294 latine,
3446 4220 3594 4278 tum
3640 4232 3812 4278 anno
3855 4222 4167 4297 sequente
4211 4214 4446 4299 gallice

437 4324 633 4391 edito.
723 4323 857 4406 Qui
912 4346 1113 4407 quum
1171 4323 1365 4389 hodie
1428 4325 1761 4390 rarissime
1798 4334 2101 4392 occurrat
2153 4328 2372 4410 ipsum
2415 4333 2679 4392 textum
2719 4327 2844 4393 hoc
2897 4326 3037 4392 loco
3093 4346 3418 4411 apponere
3459 4322 3670 4390 lubet:
3725 4323 4036 4391 D’autant
4076 4344 4192 4407 que
4235 4325 4291 4390 Ζ6
4331 4330 4451 4391 tes-

440 4437 764 4521 moiynaqe
816 4436 904 4501 du
954 4435 1064 4517 fils
1105 4456 1279 4519 pour
1330 4455 1445 4500 son
1483 4455 1641 4516 pere
1695 4453 1770 4502 ne
1803 4442 1955 4519 peut
1995 4457 2128 4518 pas
2168 4443 2327 4504 estre
2369 4438 2460 4505 du
2501 4443 2630 4504 tout
2669 4437 2818 4504 hors
2858 4438 2934 4504 (16
2972 4425 3276 4521 §cuppane
3326 4441 3509 4521 qu'on
3555 4436 3869 4519 coynoisse
3909 4436 4080 4517 donc,
4126 4438 4161 4502 ὃ
4204 4435 4456 4518 Calvia,

425 4549 1186 4631 partesdeportemmw‚
1241 4567 1357 4629 que
1411 4553 1478 4612 tu
1530 4549 2236 4615 asestewnexcelzent
2290 4550 2791 4615 instrumentcn
2845 4550 2912 4616 la
2966 4546 3480 4615 maiadeDieu
3535 4546 4458 4629 toutpuissantattowtbon,

437 4660 556 4741 qai
584 4679 719 4742 par
756 4665 859 4724 ton
899 4660 1221 4724 ministere
1271 4680 1315 4723 a
1358 4659 1718 4742 paracheve
1770 4661 1836 4724 la
1878 4661 2303 4725 restawation
2359 4660 2434 4725 (16
2477 4661 2546 4726 la
2597 4679 2784 4742 vraye
2835 4660 3100 4744 reliqion
3113 4710 3129 4740 ‚
3181 4659 3645 4725 heureusement
3685 4659 4123 4725 encommmcee
4154 4678 4289 4740 par
4331 4679 4461 4727 cer-

437 4772 612 4835 tain-s·
652 4775 864 4835 autres
913 4771 1204 4854 quelques
1245 4770 1471 4835 αηηὲεε
1514 4777 1932 4854 anparavant.
2024 4767 2152 4836 Gar
2193 4775 2338 4838 c’est
2376 4775 2474 4852 toy
2513 4770 2966 4853 speculatorum,
3023 4771 3067 4834 ὰ
3106 4769 3176 4836 la
3226 4769 3499 4836 doctrine
3513 4820 3530 4850 ‚
3585 4770 3889 4854 diligyence
3942 4775 4003 4835 et
4053 4769 4180 4835 eece
4227 4768 4459 4835 ardoent

443 4880 673 4964 auquel
705 4882 771 4946 la
808 4880 1051 4947 Franco
1086 4887 1142 4947 et
1185 4881 1493 4950 z’Escosse
1526 4903 1594 4949 se
1635 4884 1889 4950 revident
1928 4882 2274 4948 redevabzes
2315 4883 2406 4948 du
2445 4882 2964 4948 restablissement
3001 4882 3090 4947 du
3131 4901 3426 4965 royaume
3467 4883 3543 4948 (16
3580 4879 3793 4947 clu-ist
3827 4901 3914 4946 au
3949 4881 4169 4947 milieu
4211 4880 4462 4948 d’elles:

442 4991 542 5057 les
577 4999 786 5059 autres
827 4992 1096 5078 EyliseS,
1141 5014 1428 5076 capot-ses
1469 5015 1546 5060 en
1587 4994 1838 5062 nombre
1881 4995 2068 5077 inlini
2107 5013 2242 5075 par
2282 4999 2411 5060 tout
2451 4994 2509 5060 le
2549 4993 2793 5072 monde,
2836 4992 3174 5074 confess-ent
3211 4997 3412 5060 t’estre
3448 4993 3852 5078 qrandement
3892 4991 4154 5076 obliyees
4182 5011 4355 5073 pour
4395 5013 4461 5059 66

445 5105 686 5187 reyard.
772 5105 876 5170 De
928 5104 1058 5170 6616
1111 5112 1328 5188 soyent
1380 5107 1703 5185 tesmoinS,
1749 5107 2229 5188 premierment
2285 5110 2374 5172 tes
2427 5107 2617 5172 liures
2656 5106 2770 5187 qm?
2812 5104 3056 5167 vivront
3093 5103 3136 5167 ὰ
3189 5105 3455 5186 iamiar,
3506 5108 3564 5169 et
3604 5123 3722 5187 que
3761 5108 3900 5168 tous
3942 5101 4214 5168 hommes
4257 5102 4457 5169 dom

437 5219 506 5279 d
544 5216 883 5371 croignum
923 5215 1128 5298 Dieu,
1172 5219 1618 5301 rammi-ssent
1658 5223 1814 5283 estre
1855 5218 2102 5284 dre-9832
2143 5236 2288 5284 avec
2329 5216 2408 5282 td
2447 5219 2777 5299 iuyemmt,
2832 5213 2909 5278 de
2948 5213 3010 5278 si
3048 5215 3247 5282 solide
3284 5215 3628 5296 micion,
3672 5219 3729 5280 et
3769 5214 3923 5279 d’un
3961 5213 4106 5368 stglc
4157 5212 4219 5276 si
4274 5211 4449 5290 beau,

705 5319 883 5374 alvini
913 5335 1096 5389 opera.
1179 5318 1291 5375 Vol.
1339 5319 1397 5374 V.
