4984 5975
538 335 625 398 87

541 490 714 605 quob
754 526 1162 604 &annorum
1205 516 1633 596 exsecrabilia,
1690 536 1764 582 ac
1806 514 2010 580 brevis
2040 517 2317 596 potestas
2359 510 2499 577 est?

555 607 723 689 Quid
763 611 1014 671 interest
1046 607 1210 670 inter
1242 610 1581 687 tyrannum
1619 607 1766 681 [pag.
1794 606 1903 680 78]
1939 606 1996 666 et
2027 619 2230 684 reyem
2244 598 2280 663 ἓ
2353 596 2504 679 Spe-

543 694 671 759 cies
713 693 876 756 enim
917 692 1064 774 ipsa
1099 692 1408 772 fortunae,
1455 709 1528 753 ac
1572 688 1822 753 licentia
1844 708 1976 768 par
2008 690 2127 751 est.-
2170 685 2302 749 nisi
2337 684 2504 765 quod

545 778 814 859 tyrorum.
837 778 909 841 in
942 778 1254 856 voluptate
1287 776 1605 840 saeviunt:
1649 794 1823 858 reyes
1856 792 1978 837 non
2013 772 2144 836 nisi
2178 790 2254 836 ex
2289 789 2503 848 causa,

544 882 621 929 ae
651 863 1020 929 necessitate.

735 946 814 1014 Ut
836 948 1307 1030 dispositionem
1342 947 1535 1011 huius
1575 946 1805 1027 capitis
1844 939 2189 1029 intelligas]
2240 937 2503 1023 Operae

544 1034 835 1118 pretium
871 1043 972 1098 est
1005 1034 1342 1117 superiora
1377 1034 1445 1096 in
1482 1030 1938 1114 compendium
1974 1028 2298 1112 colligere.
2339 1026 2502 1089 ‘Ad-

547 1118 910 1185 monendus
952 1120 1079 1183 fuit
1120 1119 1421 1201 exemplo
1467 1118 1676 1194 Nero,
1735 1115 2194 1182 crudelitatem
2237 1111 2503 1195 regibus

549 1227 691 1271 esse
750 1206 1182 1289 perniciosam
1198 1256 1211 1281 ,
1280 1224 1445 1287 quae
1511 1224 1642 1268 uno
1706 1201 1960 1267 sublato
2016 1200 2203 1265 hoste
2261 1197 2503 1261 multos

549 1293 809 1358 excitet.
918 1290 1434 1356 Mansuetudine
1512 1297 1579 1354 et
1656 1288 2004 1354 clementia
2082 1283 2503 1351 securitatem

549 1378 898 1443 certiorem
954 1377 1338 1459 comparari.
1427 1377 1772 1458 Augustus
1814 1373 1885 1437 in
1931 1371 2307 1454 exemplum
2349 1390 2503 1453 pro·

549 1463 803 1546 positus
846 1470 973 1541 est,
1019 1462 1130 1545 qui
1173 1462 1435 1526 iuvenis
1480 1460 1723 1538 adhuc,
1780 1467 1848 1523 et
1890 1458 2123 1523 aetatis
2165 1456 2325 1523 vitio
2369 1456 2502 1519 ira-

551 1546 836 1624 cundus,
884 1555 1205 1631 potestate
1249 1569 1369 1613 sua
1410 1569 1569 1612 usus
1614 1554 1714 1611 est
1756 1546 1827 1609 in
1870 1544 2234 1610 multorum
2276 1541 2500 1624 perni-

553 1634 737 1698 ciem.
805 1634 888 1697 In
923 1655 1074 1699 eum
1114 1642 1296 1698 ortae
1330 1633 1831 1716 conjurationes,
1876 1651 2041 1713 quas
2075 1649 2275 1711 quum
2319 1646 2501 1692 acer-

552 1720 718 1784 rime
773 1719 1067 1803 puniret,
1123 1719 1290 1783 nihil
1343 1719 1572 1802 poenis
1627 1717 1989 1800 profectum
2049 1723 2169 1781 est.
2257 1711 2501 1812 Nullus

553 1813 820 1870 exortus
865 1813 969 1870 est
1009 1810 1160 1887 post
1214 1805 1293 1869 L.
1341 1804 1594 1870 Cinnae
1638 1804 2093 1886 impunitatem
2136 1800 2248 1883 qui
2291 1799 2353 1863 ei
2394 1819 2501 1861 m-

552 1890 917 1957 sidiaretur.
1007 1890 1163 1955 Alia
1215 1890 1450 1955 deinde
1507 1890 1942 1955 subiiciuntur
2005 1885 2307 1969 exempla
2370 1884 2500 1950 cle-

551 1978 858 2054 mentiae,
904 1996 1071 2058 quae
1114 1983 1379 2060 gratum
1418 1975 1971 2056 favorabilemque
2013 1973 2150 2039 suis
2193 1969 2498 2048 reddidit,

552 2083 720 2145 quac
765 2072 832 2126 et
875 2062 1124 2126 viventi
1182 2062 1490 2140 salutem,
1548 2070 1615 2125 et
1663 2068 1921 2125 mortuo
1966 2060 2247 2144 gratiam
2289 2057 2501 2123 conci-

550 2147 755 2213 liavit.
846 2148 908 2211 N
912 2169 1039 2214 unc
1082 2169 1165 2212 ex
1209 2148 1694 2230 comparatione
1734 2152 1934 2230 auget
1975 2145 2257 2211 Neronis
2313 2164 2501 2207 man-

554 2234 987 2299 suetudinem.
1079 2235 1155 2299 Si
1200 2235 1376 2298 enim
1421 2236 1529 2298 Au
1624 2234 1712 2298 sti
1753 2233 1916 2297 vitia
1959 2253 2107 2298 cum
2148 2227 2502 2296 virtutibus

551 2328 942 2403 pensantur,
1010 2318 1416 2385 crudelitatis
1474 2340 1511 2384 o
1563 2320 1696 2383 ‘um
1754 2315 2275 2384 mansuetudinis
2330 2314 2505 2380 tollit

553 2406 849 2490 gratiam.
936 2405 1113 2470 Nero
1158 2406 1361 2489 igitur
1403 2405 1599 2490 longe
1648 2404 2159 2488 gratiosissimus
2202 2422 2346 2468 esse
2390 2400 2502 2465 de-

552 2493 679 2570 bet,
721 2492 832 2574 qui
879 2490 1065 2556 nulla
1109 2492 1271 2557 vitia
1314 2490 1664 2557 admiscuit
1708 2490 2077 2556 virtutibus.

459 2643 464 2654 ,
730 2578 803 2642 Si
849 2580 916 2641 in
961 2583 1265 2642 certamen
1304 2574 1702 2664 iuvenilium]
1751 2574 1826 2642 Si
1870 2598 2022 2642 cum
2065 2582 2185 2639 tua
2227 2572 2504 2638 iuvenili

551 2663 1056 2728 mansuetudine
1100 2670 1528 2747 componatur
1569 2662 1856 2745 Augusti
1898 2657 2334 2726 mansuetudo
2369 2658 2505 2723 iam

554 2750 759 2824 senis,
817 2759 883 2812 et
939 2750 1175 2813 aetatis
1226 2760 1360 2812 tem
1409 2756 1678 2812 eratura
1727 2748 1861 2812 iam
1911 2745 2248 2811 moderati.
2338 2746 2503 2807 Am-

549 2834 858 2918 plificatio
903 2834 983 2898 ab
1029 2841 1258 2899 aetate.
1394 2833 1714 2898 enectutis
1754 2833 2020 2915 propria
2062 2838 2164 2896 est
2205 2823 2504 2895 modera-

553 2920 668 2997 tio,
714 2920 1044 2984 iuventuti
1086 2918 1406 2983 naturalis
1450 2926 1552 2983 est
1601 2917 2139 3001 intemperantia:
2197 2936 2324 2999 quo
2376 2914 2502 2978 mi-

554 3005 826 3071 rabilius
871 3012 988 3083 est,
1034 3006 1342 3070 iuvenem
1387 3005 1530 3069 seni
1572 3001 2016 3069 moderatione
2059 3012 2412 3085 praestare.
2448 3013 2461 3027 ·

731 3090 951 3154 Fuerit
982 3088 1362 3177 moderatus]
1411 3088 1767 3167 Confessio,
1803 3110 2003 3172 quum
2040 3108 2180 3152 rem
2217 3087 2505 3170 aliquam

555 3175 973 3243 concedimus
989 3226 1004 3253 ‚
1065 3174 1297 3241 deinde
1353 3176 1696 3241 inferimus
1736 3174 1909 3259 quod
1954 3172 2023 3238 id
2065 3172 2241 3257 quod
2281 3172 2505 3256 posui-

556 3283 723 3340 mus,
768 3261 1078 3326 infirmet.
1203 3318 1212 3343 ,

731 3346 970 3429 Nempe
1020 3353 1169 3428 post
1223 3346 1574 3433 Actiacum·
1618 3367 1793 3412 mare
1888 3346 2177 3411 Multum
2247 3346 2505 3411 romani

555 3433 896 3518 sanguinis
940 3432 1159 3498 fusum
1194 3430 1404 3501 videri
1452 3438 1669 3515 potest
1727 3455 1766 3498 a
1849 3434 2146 3511 Actium,
2194 3452 2504 3516 promon-

553 3520 794 3585 torium
841 3520 1178 3585 Ambracii
1216 3519 1424 3598 sinus,
1467 3517 1580 3584 ubi
1624 3517 1869 3584 Caesar
1910 3518 2319 3602 expugnavit
2361 3518 2502 3582 An-

553 3606 825 3671 tonium.
935 3605 1108 3670 Nam
1166 3604 1281 3670 diu
1345 3605 1569 3688 aequis
1634 3605 1882 3670 viribus
1945 3626 2034 3687 pu
2130 3612 2315 3669 atum
2382 3611 2499 3683 est,

552 3690 851 3775 partibus
930 3693 1237 3775 utrinque
1314 3692 1630 3756 acerrime
1716 3690 2049 3756 dimicanti
2097 3712 2204 3767 us,
2296 3689 2504 3754 donec

554 3779 901 3862 sexaginta
942 3776 1329 3861 Cleopatrae
1368 3798 1601 3855 nach,
1648 3796 1815 3859 quae
1858 3783 2010 3859 post
2049 3796 2326 3860 magnas
2369 3775 2502 3839 col-

547 3864 796 3929 locatae
832 3875 1036 3943 erant,
1074 3864 1297 3948 fugam
1333 3868 1764 3945 capessentes,
1801 3862 1947 3928 aliis
1984 3870 2300 3926 terrorem
2336 3862 2501 3925 inie-

551 3955 799 4015 cerunt.
890 3949 969 4015 Si
1022 3957 1246 4014 tamen
1289 3970 1520 4014 verum
1574 3955 1676 4014 est
1727 3947 1904 4031 quod
1958 3946 2184 4014 scribit
2231 3946 2501 4012 Plutar-

549 4034 744 4112 chus,
804 4056 886 4113 e,x
935 4035 1329 4100 Antonianis
1384 4055 1517 4099 non
1573 4054 1773 4116 supra
1829 4034 2117 4117 quinque
2171 4032 2381 4097 millia
2424 4054 2501 4098 eo

549 4118 797 4202 praelio
840 4122 1301 4201 occubuerunt.
1370 4118 1818 4201 Quamobrem
1861 4120 2104 4184 mirum
2149 4129 2251 4184 est
2293 4118 2501 4184 Sene-

551 4226 696 4271 cam
754 4205 937 4270 clade
994 4205 1151 4270 belli
1193 4207 1642 4290 Philippensis
1695 4206 2184 4288 praetermissa,
2240 4205 2313 4268 in
2371 4200 2512 4287 qua’

548 4292 671 4356 flos
715 4311 1027 4355 romanae
1081 4292 1436 4359 nobilitatis
1491 4291 1768 4370 interiit,
1825 4290 1996 4356 hanc
2049 4290 2238 4373 quasi
2294 4291 2502 4374 insig-

551 4397 704 4441 nem
749 4396 1303 4443 commemorasse.
2259 4410 2268 4425 ·

728 4461 878 4527 Post
915 4462 1154 4544 fractas
1196 4465 1268 4527 in
1316 4463 1542 4529 Sicilia
1584 4460 1854 4612 classes}
1894 4463 2046 4528 Non
2082 4469 2329 4528 temere
2366 4462 2499 4527 ullo

548 4546 721 4612 bello
765 4556 884 4612 aut
923 4546 1118 4630 plura
1162 4560 1277 4613 aut
1318 4551 1565 4614 maiora
1608 4550 1829 4632 pericu
1857 4568 1897 4612 a
1937 4547 2097 4612 adiit
2129 4549 2497 4633 Augustus,

550 4633 767 4716 inquit
810 4633 1262 4716 Tranquillus,
1307 4656 1504 4716 quam
1548 4634 1717 4701 bello
1760 4632 1984 4700 Siculo
2028 4644 2258 4701 contra
2298 4634 2499 4700 Pom-

546 4720 788 4803 peium.
878 4719 998 4784 Bis
1062 4720 1239 4784 enim
1292 4719 1564 4785 classem
1629 4720 2127 4804 tempestatibus
2192 4720 2498 4785 obrutam

550 4805 786 4871 amisit.
876 4804 1084 4887 quue
1126 4826 1245 4888 per
1288 4813 1620 4885 aestatem,
1673 4814 1750 4871 ut
1791 4806 2091 4872 scribunt
2129 4805 2389 4871 Plinius
2434 4812 2501 4871 et

547 4890 911 4973 Appianus.
973 4894 1120 4969 [pag.
1148 4895 1254 4970 79]
1293 4888 1667 4974 Oppressus
1704 4914 1742 4957 a
1765 4890 2159 4958 Democrate
2195 4906 2261 4956 et
2294 4892 2498 4974 Apol-

544 4976 835 5060 lophane
878 4977 1175 5059 Pompeii
1218 4977 1593 5059 praefectis,
1651 4999 1844 5062 aegre
1897 5000 2030 5043 uno
2085 4980 2350 5061 navigio
2405 4979 2499 5041 ef-

543 5063 732 5146 fugit.
824 5063 951 5128 His
994 5062 1257 5146 quidem
1306 5061 1800 5128 difficultatibus
1854 5065 2194 5147 superavit
2243 5063 2501 5128 hostem

543 5170 678 5213 non
722 5148 1068 5214 incruenta
1101 5148 1388 5214 victoria.
1458 5146 1616 5217 Ideo
1658 5148 1912 5214 Seneca
1953 5149 2113 5216 dicit
2147 5157 2295 5232 post
2327 5149 2498 5214 frac-

541 5248 650 5299 tas
695 5234 935 5300 classes
971 5242 1038 5300 et
1082 5255 1232 5300 suas
1271 5244 1340 5299 et
1373 5233 1637 5298 alienas.

2189 323 2318 390 DE
2362 321 2912 391 CLEMENTIA
3041 311 3045 315 ’
3332 367 3333 378 1
4462 322 4533 383 88

2786 511 2937 578 Post
2984 512 3336 578 Perusinas
3391 510 3572 599 aras]
3633 509 3738 576 De
3792 509 3964 576 bello
4020 510 4350 576 Perusino
4401 507 4544 574 alibi

2609 599 2857 666 dictum
2902 606 3031 678 est,
3086 598 3257 682 quod
3310 597 3626 664 adversus
3668 596 3958 663 Lucium
4002 597 4366 661 Antonium
4411 615 4546 660 sus-

2608 685 2784 768 cepit
2825 685 3197 770 Augnstus:
3240 684 3675 750 rebellaverat
3713 683 3783 748 is·
3815 690 3884 747 et
3923 682 4240 748 instinctu
4278 681 4549 747 Fulviae

2609 769 2873 837 audacis
2916 770 3215 836 mulieris
3233 821 3247 848 ,
3293 780 3361 834 et
3399 768 3639 836 fiducia
3681 768 4088 847 consulatus,
4148 788 4345 851 quem
4404 775 4550 834 tunc

2608 856 2893 941 gerebat.
2983 857 3278 923 Accessit
3328 857 3606 921 occasio:
3674 855 3829 938 quia
3887 853 4245 919 multitudo
4301 873 4552 938 posses-

2607 943 2897 1008 sionibus
2950 942 3088 1008 suis
3142 942 3391 1008 deiecta
3443 964 3483 1007 a
3524 940 3857 1007 veteranis
3909 939 4264 1015 militibus,
4325 939 4553 1022 quibus

2608 1029 2751 1111 agri
2795 1028 3113 1112 assignati
3166 1036 3383 1106 erant,
3437 1025 3729 1109 undique
3783 1026 3866 1092 ad
3917 1047 4067 1091 eum
4125 1025 4454 1092 confluxit
4492 1037 4555 1090 et

2608 1115 3066 1197 imperatorem
3134 1113 3462 1179 salutavit.
3565 1111 3859 1180 Collecta
3934 1132 4138 1177 manu
4215 1112 4557 1194 occupavit

2608 1200 2967 1264 Hetruriae
3022 1200 3249 1266 urbem
3310 1199 3871 1282 opulentissimam
3923 1198 4299 1264 Perusiam:
4358 1218 4554 1281 quam

2608 1285 2780 1350 vallo
2852 1296 2919 1351 et
2980 1286 3158 1350 fossa
3223 1286 3553 1352 obsessam
3601 1285 3946 1368 Augustus
4011 1283 4095 1349 ad
4160 1282 4557 1348 deditionem

2606 1371 2936 1454 compulit.
3040 1372 3229 1436 Haec
3289 1372 3511 1436 omnia
3587 1372 3841 1453 copiose
3919 1371 4090 1453 apud
4157 1369 4553 1452 Appianum.

2607 1456 2746 1522 Cur
2790 1469 3012 1521 autem
3052 1457 3408 1522 Perusinas
3452 1478 3601 1522 aras
3644 1457 3755 1521 hic
3797 1454 4054 1522 Seneca
4094 1456 4553 1536 nominaverit,

2607 1545 3021 1626 cognoscitur
3083 1563 3169 1607 ex
3224 1543 3622 1625 Tranquillo.
3715 1540 4030 1608 Scribunt
4092 1540 4392 1625 quidam,
4459 1543 4561 1606 in-

2607 1628 2764 1711 quit,
2812 1635 3138 1694 trecentos
3173 1650 3253 1693 ex
3293 1626 3606 1694 dedititiis
3629 1627 3879 1694 ‘electos
3923 1630 4265 1710 utriusque
4308 1625 4560 1693 ordinis

2605 1713 2689 1780 ad
2733 1734 2914 1778 aram
2959 1713 3109 1779 divo
3152 1714 3324 1779 Iulio
3368 1721 3767 1780 exstructam
3785 1765 3799 1792 ,
3855 1712 4084 1780 Idibus
4127 1713 4392 1779 Martiis
4438 1713 4559 1778 ho-

2600 1799 2876 1865 stiarum
2920 1820 3103 1865 more
3145 1807 3479 1866 mactatos.

2780 1885 2871 1950 Et
2879 1884 3395 1973 proscriptiones]
3435 1887 3620 1951 Bene
3651 1886 3987 1953 Iuvenalis
4013 1885 4425 1951 Triumviros
4446 1907 4560 1951 vo-

2605 1979 2713 2037 cat
2755 1971 3107 2054 discipulos
3151 1970 3379 2122 53¹¹oe
3423 1972 3505 2038 ob
3544 1972 4067 2056 proscriptiones.
4155 1970 4343 2036 Nihil
4381 1971 4562 2037 enim

2605 2078 2897 2140 unquam
2940 2058 3183 2123 horren
3229 2080 3346 2123 um
3388 2059 3599 2142 magis
3642 2059 3893 2123 Romae
3934 2059 4151 2124 visum
4194 2066 4313 2132 est,
4360 2079 4562 2141 quam

2605 2152 2742 2209 tres
2785 2142 2931 2208 illas
2973 2143 3204 2209 beluas
3252 2145 3322 2208 in
3365 2145 3503 2209 foro
3556 2144 3886 2221 sedentes,
3944 2163 4170 2208 omnes
4221 2144 4335 2226 qui
4390 2144 4559 2210 divi-

2605 2228 2746 2307 tiis,
2792 2229 3044 2294 honore
3059 2281 3074 2308 ‚
3122 2231 3425 2296 amicitiis
3475 2229 3822 2313 pollerent,
3868 2231 4257 2295 nominatim
4304 2228 4389 2294 ad
4440 2252 4560 2297 ne-

2607 2337 2748 2382 cem
2792 2314 3153 2394 destinare,
3210 2336 3334 2381 nec
3374 2317 3550 2383 viros
3604 2324 3899 2394 tantum,
3957 2314 4102 2394 sed,
4157 2313 4333 2399 quod
4377 2316 4557 2383 dictu

2606 2401 2869 2466 foedum
2927 2411 3055 2479 est,
3111 2403 3309 2466 etiam
3364 2402 3687 2467 mulieres.
3779 2401 4095 2467 Octavius
4140 2423 4298 2468 vero
4350 2425 4559 2486 quum

2608 2485 3029 2571 aliquamdiu
3079 2487 3345 2571 collegis
3409 2488 3759 2553 restitisset
3823 2508 3910 2552 ne
3974 2509 4105 2571 qua
4170 2490 4557 2572 proscriptio

2607 2574 2825 2651 fieret,
2895 2573 3226 2655 inceptam
3290 2581 3567 2655 utroque
3632 2571 3929 2639 acerbius
3983 2574 4294 2640 exercuit.
4383 2575 4557 2641 Aliis

2606 2679 2725 2741 per
2783 2659 3064 2742 gratiam
3119 2668 3186 2722 et
3239 2679 3463 2741 preces
3521 2658 3990 2734 exorabilibus,
4047 2659 4224 2725 solus
4280 2680 4557 2746 magno-

2606 2763 2762 2826 pere
2805 2742 3158 2822 contendit,
3204 2764 3289 2808 ne
3322 2745 3427 2810 cui
3458 2753 3856 2827 parceretur.
3921 2745 4320 2830 Proscripsit
4351 2748 4559 2812 etiam

2609 2829 2682 2894 C.
2730 2828 3090 2893 Toranium
3137 2835 3417 2896 tutorem
3471 2851 3679 2895 suum.
3768 2831 3996 2897 Marco
4039 2831 4293 2914 Lepido
4337 2834 4406 2898 in
4450 2854 4555 2899 se-

2608 2921 2773 2979 natu
2826 2915 3184 2999 praeterita
3237 2925 3619 2996 excusante,
3677 2924 3744 2981 et
3796 2938 3982 3001 spem
4040 2918 4426 2985 clementiae
4484 2921 4557 2985 in

2607 3009 2941 3084 posterum
2980 3002 3273 3081 faciente,
3319 3004 3625 3087 quoniam
3660 3003 3820 3070 satis
3857 3025 4213 3087 poenarum
4249 3016 4557 3072 exactum

2608 3097 2807 3166 esset,
2852 3087 3184 3170 professus
3230 3098 3330 3155 est
3372 3090 3463 3152 ita
3503 3089 3771 3153 modum
3817 3111 3886 3154 se
3930 3092 4380 3174 proscribendi
4420 3102 4557 3158 sta-

2608 3173 2830 3252 tuisse,
2877 3181 2955 3237 ut
2997 3175 3217 3239 omnia
3256 3175 3654 3256 relinqueret
3696 3175 3819 3241 sibi
3862 3176 4086 3241 libera.

2779 3258 2955 3325 Haec
2989 3267 3076 3324 est
3115 3259 3353 3326 Caesar
3384 3260 3700 3326 clementia
3728 3259 3903 3349 vera]
3950 3265 4235 3347 Augusti
4270 3264 4557 3329 clemen-

2606 3346 2717 3423 tia,
2754 3347 3158 3428 poenitentia
3190 3347 3315 3412 fuit
3350 3346 3754 3412 crudelitatis
3788 3358 3856 3413 et
3889 3350 4216 3415 saevitiae.
4273 3350 4377 3415 Ea
4397 3371 4556 3416 vero

2607 3451 2804 3514 quam
2843 3442 3135 3514 praestas
3151 3483 3166 3511 ,
3212 3433 3397 3498 nulla
3440 3433 3779 3517 sanguinis
3822 3435 4083 3500 macula
4125 3454 4391 3518 aspersa
4430 3446 4561 3517 est,

2605 3517 2914 3600 provenit
2964 3540 3047 3583 ex
3092 3519 3437 3584 verissima
3486 3520 3688 3583 animi
3743 3521 4210 3604 temperantia,
4264 3530 4333 3586 et
4384 3524 4554 3588 cari-

2605 3610 2739 3667 tate
2826 3625 2914 3669 ua
2956 3605 3323 3670 humanum
3367 3626 3577 3689 genus
3619 3606 4080 3688 complecteris.

2843 3691 3084 3754 riorum
3096 3691 3461 3773 prinmpum
3497 3693 3806 3774 corruptis
3838 3691 4166 3780 amplis]
4207 3696 4385 3758 Ante
4418 3693 4555 3760 Ne-

2606 3796 2836 3840 ronem
2893 3776 3255 3859 imperabat
3309 3776 3624 3843 Claudius
3639 3827 3655 3854 ,
3701 3776 4056 3844 Claudium
4111 3788 4557 3862 praecesserat

2607 3860 2681 3927 C.
2720 3860 3041 3945 Caligula,
3078 3860 3451 3947 Caligulam
3482 3863 3799 3929 Tiberius.
3860 3865 3968 3930 Ex
4004 3864 4241 3948 quibus
4277 3864 4351 3931 C.
4375 3865 4557 3947 Cali-

2607 3946 2763 4032 gula
2791 3947 3123 4013 ferocitate
3155 3957 3222 4013 et
3255 3949 3669 4033 impatientia
3703 3949 3988 4015 ardebat.
4032 3951 4335 4016 Tiberius
4367 3953 4555 4035 quasi

2608 4033 2864 4116 publico
2887 4033 3160 4098 humani
3265 4034 3445 4100 neris
3466 4032 3614 4099 odio
3648 4055 3878 4101 causas
3900 4037 4210 4101 saevitiae
4233 4036 4353 4102 sibi
4376 4057 4554 4102 eom·

2606 4118 3090 4186 miniscebatur.
3181 4056 3499 4185 Claudius
3554 4142 3686 4186 non
3739 4130 3871 4186 tam
3916 4122 4184 4188 consilio
4226 4123 4551 4206 peccabat,

2605 4226 2802 4287 quam
2824 4204 3180 4272 stoliditate
3215 4213 3284 4271 et
3316 4208 3583 4290 ignavia
3603 4228 3735 4290 qua
3755 4206 3976 4273 liberti
3996 4209 4080 4273 ad
4102 4209 4555 4275 crudelitatem

2607 4291 3060 4370 abutebantur,
3147 4293 3406 4358 uamvis
3442 4301 3615 4358 essct
3645 4302 3876 4377 suopte
3904 4295 4172 4379 ingenio
4198 4296 4554 4380 sanguina-

2606 4378 2763 4442 rius.
2832 4376 3083 4443 Omnes
3115 4378 3183 4444 1d
3217 4379 3577 4444 atrocitatis
3612 4380 3774 4457 ausi,
3808 4378 3980 4463 quod
4012 4382 4256 4446 referre
4288 4401 4417 4446 non
4450 4389 4554 4446 est

2605 4483 2786 4545 opus,
2824 4463 2936 4528 ubi
2971 4465 3038 4534 in
3076 4473 3385 4548 promptu
3420 4474 3579 4529 sunt
3600 4465 4025 4548 Tranquillus
4055 4475 4122 4532 et
4143 4467 4430 4546 Tacitus,
4466 4488 4555 4532 ex

2604 4548 2840 4630 quibus
2893 4559 3077 4633 petet
3131 4550 3332 4617 lector
3388 4571 3553 4633 quae
3606 4550 3690 4616 ad
3744 4550 3926 4618 hunc
3978 4556 4126 4631 [pag.
4172 4557 4282 4632 80]
4337 4551 4557 4618 locum

2686 4635 2954 4700 rtinent.
4532 4690 4541 4695 .

2603 4655 2685 4719 ΡΘ
2782 4720 3168 4788 Praestitisti
3193 4718 3459 4808 Caesar]
3484 4722 3567 4786 In
3590 4722 3769 4787 hunc
3790 4744 4059 4788 sensum
4080 4725 4327 4809 accipe:
4361 4746 4554 4809 prae-

2604 4807 2848 4886 stitisti,
2888 4805 3152 4887 Caesar,
3189 4808 3523 4873 civitatem
3558 4809 3987 4874 incruentam.
4076 4809 4308 4893 Neque
4344 4811 4411 4876 id
4446 4833 4554 4877 so-

2603 4892 2761 4971 lum,
2809 4891 2924 4957 sed
2966 4893 3167 4957 ctiam
3202 4893 3604 4976 praestitisti,
3650 4894 3823 4977 quod
3868 4916 4104 4979 magno
4148 4896 4368 4962 animo
4411 4898 4555 4982 glo-

2603 4979 2811 5050 riatus
2856 5000 2926 5043 es
2971 4979 3222 5043 nullam
3266 4978 3513 5044 scilicet
3556 4987 3619 5044 te
3663 4979 3909 5045 stillam
3951 4981 4227 5046 humani
4282 5004 4316 5048 s
4501 4984 4553 5034 ‘-

2604 5065 2708 5128 nis
2762 5064 3036 5128 misisse.
3136 5065 3216 5129 Id
3282 5066 3459 5129 enim
3513 5065 3680 5131 forte
3733 5065 4048 5150 gloriatus
4104 5067 4321 5134 fuerat
4373 5004 4554 5135 &ero

2604 5157 2719 5214 aut
2759 5150 2830 5214 in
2867 5159 3120 5229 senatu,
3164 5159 3280 5215 aut
3321 5150 3392 5215 in
3433 5153 3741 5217 concione
3784 5151 3868 5217 ad
3903 5153 4232 5235 populum.

2783 5235 2958 5318 Quod
3000 5256 3067 5301 eo
3109 5237 3320 5303 maius
3363 5235 3483 5324 eet]
3530 5238 3823 5303 Rursum
3859 5235 4274 5323 amplificatio
4318 5240 4400 5305 ab
4442 5260 4557 5305 ae-
