4984 5975
2120 297 2860 370 PROLEGOMENA.
4335 316 4519 386 XLI

485 489 769 572 cuperem
819 487 929 571 qui
971 484 1165 553 latine
1212 486 1522 572 iynorant.
1607 486 1835 553 Altera
1892 507 2084 571 qnam
2125 489 2212 554 ad
2253 489 2609 572 episcopum
2646 492 2995 574 scripsisti,
3039 492 3341 562 Basileae
3383 515 3616 564 excusa
3657 503 3751 564 est
3790 492 3932 566 mea
3975 522 4196 585 opera.-
4237 503 4512 573 alteram

484 601 816 668 noluerunt
881 598 1180 666 excudere
1246 596 1616 683 typoyrapbi
1631 651 1647 681 ,
1693 604 1877 665 ‚metu
1917 600 2197 681 periculi
2255 600 2526 682 fortasse
2576 603 2869 669 deterriti.
2957 605 3151 689 {Nam
3211 607 3283 673 in
3339 607 3455 674 hac
3504 608 3823 677 liberrime
3876 617 3935 678 et
3975 635 4101 696 pro
4154 614 4511 686 christiana

485 713 794 803 παρῤησίᾳ
833 711 1103 794 loqueris
1118 761 1133 791 ,
1191 731 1309 793 quo
1350 715 1537 792 pacto
1588 731 1653 776 se
1699 715 1918 795 yerant
1958 712 2069 792 qm·
2107 710 2221 777 sub
2253 731 2466 793 papae
2477 714 2841 795 otyrannide
2882 716 3087 782 vivere
3130 738 3204 783 ac
3257 718 3472 802 deffere
3513 727 3839 804 coquntur,
3896 724 4209 792 damnans
4250 729 4508 797 interim

484 846 600 893 eos
639 824 748 908 qui
785 828 1041 905 utroque
1068 842 1234 907 qenn
1272 821 1647 903 claudicant,
1690 827 1747 888 et
1787 843 1912 888 non
1941 827 2073 887 tam
2118 822 2253 889 Deo
2287 842 2479 905 quam
2508 846 2724 909 papae
2755 827 2991 894 servire
3030 828 3259 910 volunt,
3290 834 3593 911 putantes
3627 833 3786 900 satis
3828 855 3960 901 esse
3992 837 4056 902 si
4093 837 4285 919 fidem
4323 842 4509 908 corde

484 942 706 1004 veram
736 940 794 1002 et
825 935 1255 1001 inconcussam
1295 938 1552 1015 servent,
1591 935 1844 1023 etiamsi
1876 954 2102 1016 corpus
2143 936 2451 1020 sanquine
2489 933 2728 1002 Christi
2770 944 3183 1006 cmtsecratnm
3214 941 3377 1023 foris
3418 941 3612 1008 idolis
3635 949 4047 1025 prosternant
4087 953 4145 1013 et
4185 949 4505 1033 inclinent,

483 1052 796 1117 consortes
835 1045 1030 1113 sionni
1075 1044 1352 1112 Satanae
1394 1052 1452 1111 et
1497 1044 1760 1126 Christi,
1801 1046 1862 1111 si
1900 1044 2048 1126 fieri
2077 1052 2303 1130 posset.
2393 1045 2586 1112 Hanc
2625 1069 2766 1133 erqo
2802 1055 3113 1131 receptam
3157 1050 3427 1118 Zwicloio
3468 1055 3622 1120 misi
3668 1053 4153 1138 Constantiana,
4210 1061 4322 1142 qui
4364 1081 4508 1128 eam

484 1180 617 1226 non
656 1160 794 1225 sine
829 1157 1249 1244 yratidatione
1290 1156 1451 1242 leqit,
1494 1177 1725 1243 royans
1765 1162 1834 1222 ut
1875 1156 2000 1222 sibi
2031 1178 2154 1241 per
2196 1178 2292 1224 me
2332 1158 2572 1241 liceret,
2628 1165 2697 1225 nt
2737 1160 3099 1245 Auqnstam
3142 1182 3283 1228 eam
3326 1164 3648 1246 epistolam
3691 1167 3899 1233 mittat
3939 1170 4395 1237 excudendam:
4435 1193 4508 1239 se

481 1270 655 1338 scire
695 1272 1008 1354 quendam
1061 1271 1173 1352 qni
1214 1289 1353 1334 eam
1408 1271 1574 1354 typis
1615 1270 1916 1335 mandare
1959 1270 2126 1349 velit,
2183 1270 2365 1337 modo
2415 1271 2658 1359 aratoris
2700 1292 2920 1338 nomen
2972 1275 3161 1357 (qnod
3206 1294 3312 1359 eqo
3364 1280 3467 1342 tuo
3508 1274 3658 1343 bono
3702 1278 3775 1342 in
3812 1280 4092 1346 versione
4139 1301 4508 1364 suppresse·

483 1384 662 1466 ram)
686 1383 1093 1466 permittatur
1135 1381 1428 1464 praefiyi.
1518 1381 1647 1447 Hic
1687 1401 1794 1465 eqo
1834 1402 1963 1463 pro
2001 1387 2055 1446 te
2099 1382 2262 1448 nihil
2304 1384 2508 1449 dicere
2540 1385 2748 1466 potui,
2804 1384 2901 1450 vel
2938 1405 3227 1452 asserens
3279 1386 3377 1452 vel
3429 1408 3699 1472 neqans:
3742 1389 3937 1456 statui
3990 1411 4132 1475 erqo
4183 1394 4507 1475 expiscari

483 1494 696 1562 literis
734 1498 907 1558 tuam
938 1494 1312 1558 voluntatem
1354 1512 1608 1574 eamque
1650 1515 1693 1559 a
1736 1498 1790 1559 te
1831 1498 2138 1575 receptam
2183 1492 2452 1562 Zwickio
2494 1480 2840 1561 rescribere.
2916 1497 3019 1561 Tu
3062 1517 3223 1582 erqo,
3265 1498 3483 1581 frater,
3525 1501 3587 1565 si
3628 1506 3974 1571 consultum
4011 1504 4170 1586 reip.
4215 1502 4507 1572 christia-

485 1625 617 1670 nae
653 1605 800 1670 velis
841 1610 900 1669 et
938 1624 1305 1670 succursum
1345 1605 1684 1670 multorum
1724 1604 2131 1685 conscientiis,
2170 1625 2292 1670 non
2333 1606 2588 1690 neyabis
2630 1612 2700 1671 ut
2730 1606 3134 1692 praefiyatur
3172 1629 3395 1675 nomen
3437 1616 3640 1692 tum,
3695 1632 3895 1693 quum
3936 1613 4078 1679 alea
4117 1615 4305 1681 semel
4334 1616 4506 1684 iacta

481 1716 597 1782 sit.
668 1716 814 1781 Non
847 1717 1013 1781 enim
1046 1721 1101 1781 te
1132 1736 1273 1780 enm
1296 1720 1455 1797 puto
1498 1716 1626 1799 qui,
1671 1715 1743 1781 ob
1785 1714 2216 1782 declinandam
2257 1717 2572 1783 invidiam
2612 1722 2724 1784 aut
2744 1719 3122 1802 pericnlum,
3166 1725 3409 1787 tantum
3439 1721 3718 1803 fructum
3751 1724 4058 1806 impedire
4089 1726 4265 1795 velis.
4355 1726 4504 1796 Non

484 1826 731 1908 dubito,
771 1829 831 1892 si
875 1828 1031 1893 liber
1080 1826 1184 1894 hic
1225 1828 1538 1912 evulqetnr
1554 1878 1569 1908 ,
1613 1827 1839 1893 multos
1876 1827 2017 1909 fore
2070 1830 2182 1910 qui
2224 1828 2450 1895 abiecto
2491 1831 2638 1914 iuqo
2672 1831 2997 1913 pontificio
3038 1836 3095 1898 et
3136 1853 3393 1900 excusso
3448 1838 3611 1900 metu
3659 1835 3731 1899 in
3770 1840 3986 1902 castra
4029 1835 4271 1903 Christi
4311 1838 4502 1906 libero

480 1939 726 2023 qoiritn
763 1938 894 2005 sint
934 1939 1307 2005 advolaturi.
1399 1939 1501 2005 Tu
1541 1939 1690 2020 vale,
1733 1939 2086 2005 doctissime
2126 1941 2247 2019 vir,
2293 1946 2350 2005 et
2388 1946 2648 2008 mentem
2688 1946 2865 2009 tuam
2898 1942 3017 2009 hac
3070 1944 3142 2009 in
3183 1965 3253 2010 re
3293 1943 3452 2010 mihi
3504 1945 3711 2012 literis
3769 1947 4059 2032 siqnifica
4088 1948 4307 2030 primo
4349 1968 4505 2034 quo-

478 2070 610 2135 que
651 2055 931 2133 tempore.
1024 2051 1270 2134 Tiyuri,
1311 2049 1536 2116 nltirna
1580 2049 1924 2118 Februarii
1971 2056 2106 2119 154
2114 2058 2173 2122 0.

1665 2220 1671 2231 ,
3681 2167 3798 2224 Leo
3834 2168 4015 2225 ledae
4050 2175 4195 2227 m.

803 2332 978 2416 Quid
1021 2332 1340 2401 Calvinus
1383 2334 1468 2399 ad
1510 2333 1674 2400 haec
1715 2334 2047 2418 proposita
2089 2333 2503 2418 responderit
2543 2335 2890 2402 nescimus.
2965 2337 3194 2420 Neque
3238 2337 3414 2403 enim
3452 2339 3523 2403 in
3558 2340 3703 2423 ipso
3749 2341 3964 2406 Bezae
4009 2342 4342 2422 thesaure,
4387 2365 4509 2409 ne—

474 2466 618 2529 que
658 2445 730 2509 in
764 2445 1050 2512 archivis
1084 2445 1523 2514 turicensibus
1566 2452 1683 2510 aut
1719 2447 2199 2530 genevensibus
2241 2445 2451 2511 ullum
2504 2445 2647 2512 eius
2699 2448 2945 2532 negotii
2984 2447 3335 2533 vestigium
3389 2449 3677 2532 reperire
3721 2452 4077 2533 potuimus.
4147 2451 4301 2535 Ipse
4344 2472 4508 2535 quo-

475 2577 618 2640 que
662 2554 920 2623 libellus
973 2559 1387 2641 germanicus
1431 2577 1626 2642 quem
1667 2557 1809 2623 Leo
1852 2556 2154 2625 Basileae
2218 2579 2539 2625 excusum
2582 2554 2743 2625 dicit
2796 2558 2925 2627 huc
2967 2580 3178 2642 usque
3220 2559 3444 2627 oculos
3485 2567 3745 2628 nostros
3787 2561 3994 2646 fugit,
4050 2563 4193 2629 sive
4234 2563 4503 2629 omnino

474 2668 787 2753 perierit,
842 2669 982 2734 sive
1020 2669 1257 2735 alicubi
1296 2670 1501 2735 lateat
1538 2675 1806 2753 propter
1846 2668 2190 2749 α’νωννμίαν
2231 2669 2587 2755 neglectus.
2673 2670 2888 2736 Porro
2931 2672 3128 2736 etiam
3173 2670 3255 2737 de
3297 2670 3505 2737 altera
3546 2672 3855 2756 epistola,
3912 2694 4112 2771 quam
4157 2671 4505 2742 Oonradus

473 2779 820 2847 Zwiokius
858 2781 1204 2864 Augustae
1244 2778 1695 2847 excudendam
1738 2802 1968 2847 curare
2010 2780 2290 2861 volebat,
2335 2780 2506 2846 1111111
2545 2783 2706 2847 certi
2750 2782 3088 2850 habemus.
3176 2782 3330 2848 Alia
3371 2789 3589 2850 exstat
3630 2784 3847 2850 versio
3891 2763 4239 2912 ambarum
4271 2805 4507 2852 recen—

476 2889 623 2956 tior
665 2888 759 2957 Io.
805 2891 1119 2976 Lenglini
1162 2892 1741 2977 Argentoratensis
1782 2892 1848 2957 N
1849 2893 2116 2979 coburg-1
2158 2893 2243 2960 ad
2285 2893 2674 2961 Danubium
2715 2892 2892 2960 edita
2937 2913 3108 2959 anno
3160 2898 3345 2960 1557.

2178 3291 2589 3378 CAPUT
2647 3291 2804 3376 VI.

1363 3460 2291 3562 cATEcfflsMUs
2342 3461 2790 3561 PRIOR
2845 3440 3235 3581 (1536)
3312 3451 3602 3554 1538.

795 3663 927 3728 Hic
971 3664 1093 3730 tibi
1133 3666 1470 3731 offerimus
1509 3664 1824 3744 libellum,
1868 3663 2182 3732 benevole
2215 3664 2437 3746 lector,
2482 3686 2682 3749 quem
2724 3667 2795 3731 in
2837 3665 3327 3741 collectionibus
3370 3670 3773 3730 tractatuum
3816 3663 4337 3730 calvinianorum
4382 3683 4502 3728 an-

469 3773 682 3840 tehac
733 3771 928 3840 editis
976 3774 1223 3842 frustra
1277 3798 1567 3860 quaeres.
1658 3775 2145 3843 Oatechismum
2197 3776 2487 3861 priorem
2546 3775 2855 3858 dicimus,
2911 3779 3168 3843 ratione
3220 3774 3448 3843 habita
3504 3774 3773 3841 alterius
3826 3775 4085 3858 integro
4143 3770 4354 3839 lustro
4414 3773 4501 3840 ad

469 3884 834 3950 minimum
877 3887 1284 3968 recentioris,
1346 3908 1540 3971 quem
1582 3887 1846 3953 eaedem
1889 3907 2117 3954 omnes
2161 3887 2507 3970 exhibent,
2565 3900 2633 3955 et
2672 3891 2886 3955 forma
2928 3897 2996 3955 et
3049 3889 3200 3954 fatis
3244 3886 3327 3952 ab
3370 3888 3495 3953 hoc
3552 3884 3916 3969 antiquiore
3960 3882 4498 3951 diversissimum.

475 3994 724 4062 Linou
773 3997 960 4063 nobis
1004 4004 1351 4063 externam
1407 3998 1729 4065 rarissimi
1782 3998 2076 4083 opusculi
2126 3999 2360 4065 faciem
2404 4001 2631 4084 paucis
2687 4000 3052 4069 describere
3099 4007 3453 4083 antequam
3500 3996 3581 4063 de
3638 3995 3782 4062 eius
3836 3995 4087 4080 origine
4132 3997 4501 4062 accuratius

477 4105 844 4189 repetenda
884 4109 1085 4194 verba
1115 4110 1448 4176 faciamus.
1515 4110 1943 4193 Exemplaria
1982 4109 2326 4192 habentur,
2372 4121 2695 4196 quantum
2736 4134 2857 4180 nos
2900 4111 3163 4195 quidem
3203 4111 3609 4188 rescivimus,
3655 4108 3725 4173 in
3768 4107 4056 4191 quinque
4099 4115 4360 4174 tantum
4400 4106 4501 4174 bi-

475 4216 842 4301 bliothecis,
879 4219 1177 4287 Dresdae
1210 4220 1477 4301 scilicet,
1516 4221 1929 4307 Goettingae,
1975 4223 2327 4302 Monachii,
2370 4223 2813 4310 Regiomonti,
2849 4223 3090 4290 Turici.
3162 4224 3274 4288 Ex
3314 4220 3631 4287 turicensi
3666 4218 4026 4301 exemplari
4072 4219 4499 4305 apographon

482 4330 884 4396 sumendum
928 4333 1303 4397 curavimus
1340 4331 1513 4415 quod
1551 4333 1959 4419 typographo
2002 4342 2229 4400 nostro
2273 4334 2701 4401 traderemus.
2790 4334 3052 4402 Titulus
3095 4335 3204 4401 hio
3244 4341 3367 4399 est:

796 4429 1443 4515 OATEOffls-
1475 4427 1483 4544 Ι
1519 4441 1733 4524 MUS,
1774 4444 1992 4511 SIVE
2049 4443 2528 4512 CHRISTIA-
2552 4447 2741 4530 111111
2773 4455 3198 4512 RELIGIONIS
3233 4451 3548 4510 msnTv·
3578 4429 3733 4526 ltio
3748 4492 3774 4537 ,
3914 4429 4498 4512 communibus

478 4577 833 4650 renatae
892 4597 1167 4680 nuper
1228 4569 1318 4650 in
1376 4567 1666 4653 Evan-
1702 4567 1711 4682 Ι
1742 4569 1975 4681 gelio
2040 4567 2573 4655 Geneuensis
2634 4571 3071 4656 Ecclesiae
3134 4566 3561 4679 suffragiis
3623 4593 3760 4648 re—
3796 4563 3804 4680 Ι
3837 4577 4087 4678 cepta
4148 4578 4240 4649 et
4296 4565 4499 4650 uul—

367 4725 378 4736 ·
475 4694 678 4803 gari
738 4696 1082 4807 quidem
1140 4697 1378 4809 prius
1427 4696 1852 4805 idiomate,
1909 4695 1920 4799 Ι
1973 4727 2196 4782 nunc
2253 4728 2453 4782 vero
2507 4698 2816 4783 Latine
2867 4702 3119 4784 etiam
3185 4727 3353 4810 quo
3410 4698 3517 4782 de
3566 4723 3778 4780 me
3814 4720 3828 4790 ι
3880 4694 4114 4778 1111118
4200 4723 4501 4806 synce-

477 4820 743 4905 ritate
801 4825 1119 4936 passim
1186 4825 1375 4910 aliis
1437 4826 1695 4910 etiam
1754 4826 1926 4910 Ec-
1959 4821 1966 4938 Ι
2000 4826 2276 4910 clesiis
2337 4839 2693 4935 constet,
2747 4827 2836 4911 in
2893 4828 3174 4913 lucem
3235 4825 3485 4911 edita.
3541 4833 3553 4938 Ι
3608 4849 3892 4907 mmm
3972 4851 4292 4908 cALvmo
4370 4852 4497 4907 Av-

479 4950 1168 5028 TonnlsAsmm,
1202 4954 1984 5026 mounnmvm

790 5057 1039 5124 Forma
1079 5057 1235 5125 libri
1275 5066 1377 5127 est
1416 5061 1751 5127 octonaria
1791 5060 2024 5141 minor,
2069 5062 2532 5146 quaterniones
2564 5062 2867 5146 quinque,
2911 5081 3189 5145 quorum
3222 5062 3477 5147 primus
3512 5063 3613 5151 (a)
3653 5055 4024 5149 quindecim
4061 5062 4318 5148 paginis
4360 5083 4495 5128 non

471 5168 858 5323 numergdtis
888 5169 1159 5236 exhibet
1210 5171 1556 5328 ξῖὶεῒβὴω
1599 5179 1937 5255 Ρωιοωιῑι
1992 5174 2465 5258 genevensium
2518 5173 2785 5240 nomine
2828 5173 3166 5256 scriptam,
3223 5182 3505 5259 quatuor
3547 5174 3790 5259 reliqui
3827 5173 4109 5258 (A—D)
4148 5171 4501 5256 sexaginta

797 5272 919 5326 vati
945 5287 1130 5341 opera.
