4984 5975
360 364 467 429 125

357 549 643 634 tyrannis
700 568 889 612 suam
943 548 1273 630 miseriam
1291 599 1308 626 ,
1367 569 1569 630 quum
1629 549 1882 632 possint
1934 547 2055 613 sibi
2116 548 2293 614 facili

356 635 597 699 ratione
651 633 998 699 conciliare
1052 633 1394 700 hominum
1450 634 1702 699 animos
1716 686 1730 713 ,
1792 636 1846 698 si
1899 633 2290 714 volentibus,

356 741 476 785 non
520 720 745 798 invitis
784 720 1128 801 imperent.
2224 733 2237 740 “

511 804 717 869 Errat
759 806 926 869 enim
966 806 1027 868 si
1060 805 1203 886 quis
1247 804 1590 887 existimat]
1649 805 1909 871 Pendet
1958 805 2040 870 ab
2085 805 2293 889 altera

356 891 697 956 sententia:
763 890 1047 956 Necesse
1102 903 1204 954 est
1257 889 1501 955 multos
1544 891 1802 968 timeat,
1860 912 2055 973 quem
2094 890 2291 954 multi

353 977 594 1041 timent.
685 976 905 1040 Timet
947 976 1123 1042 enim
1169 994 1417 1054 omnes,
1463 975 1577 1059 qui
1618 977 1919 1041 omnibus
1955 989 2056 1040 cst
2096 995 2294 1041 causa

353 1063 608 1126 timoris.
682 1062 777 1125 Et
816 1060 914 1125 illi
960 1068 1060 1126 est
1104 1059 1186 1125 ab
1231 1061 1535 1126 omnibus
1576 1061 1957 1144 periculum,
2003 1061 2117 1143 qui
2153 1082 2291 1125 om·
2334 1114 2340 1131 ,

351 1149 523 1213 11111111
561 1147 701 1229 ipse
742 1146 1109 1228 periculum
1149 1153 1266 1210 est.
1341 1145 1527 1212 Idem
1571 1155 1674 1212 est
1714 1146 1885 1229 quod
1930 1145 2088 1211 dicit
2123 1145 2292 1211 Cur-

351 1236 470 1298 tius
534 1233 701 1297 libro
745 1232 870 1299 X.:
932 1231 1206 1296 Nullum
1264 1232 1325 1296 ei
1389 1233 1548 1297 satis
1600 1230 1805 1297 fidum
1862 1253 2035 1308 esse,
2098 1252 2290 1313 quem

350 1325 607 1384 metuat.
1466 1384 1476 1396 ,

512 1403 835 1469 Securitas
867 1404 1194 1469 securitate
1231 1402 1480 1485 mutua]
1528 1403 1674 1468 Hae
1710 1403 1855 1486 lege
1889 1402 2134 1486 poterit
2168 1401 2292 1468 sibi

351 1490 644 1573 princeps
686 1489 768 1554 ab
809 1487 1113 1554 omnibus
1157 1489 1572 1553 securitatem
1617 1488 1927 1571 polliceri,
1975 1491 2030 1554 si
2065 1508 2291 1553 omnes

353 1593 602 1640 securos
647 1573 894 1640 reddat.
956 1574 1217 1638 Plinius
1259 1574 1335 1638 in
1374 1574 1821 1658 Panegyrico:
1866 1574 2093 1639 Habes
2127 1574 2292 1637 ami-

353 1682 463 1738 cos,
506 1661 663 1743 quia
706 1661 957 1725 amicus
998 1662 1140 1744 ipse
1186 1681 1278 1725 es..
1362 1660 1592 1742 Neque
1636 1662 1813 1724 enim
1857 1669 1932 1724 ut
1974 1659 2104 1724 alia
2139 1658 2290 1724 sub—

350 1747 541 1824 iectis,
587 1747 682 1810 ita
715 1766 899 1811 amor
940 1746 1319 1829 imperatur.
1381 1746 1616 1827 Neque
1660 1757 1761 1810 est
1801 1745 1976 1810 ullus
2021 1746 2292 1810 affectus

352 1843 471 1896 tam
498 1839 775 1910 erectus,
812 1841 880 1896 et
921 1830 1105 1911 liber,
1150 1840 1220 1897 et
1260 1829 1717 1896 dominationis
1760 1832 2125 1914 impatiens,
2171 1852 2294 1896 nec

350 1919 448 2000 qui
488 1917 703 2001 magis
745 1919 919 1983 vices
962 1919 1200 2002 exigat.

514 2003 661 2068 Non
704 2023 862 2086 opus
913 2008 1003 2068 est
1054 2000 1388 2089 instruere]
1451 2001 1643 2083 Quod
1698 2004 1964 2087 tyranni
2021 2002 2289 2081 faciunt,

350 2090 447 2172 qui
490 2109 698 2172 quum
741 2090 918 2153 inter
950 2090 1127 2155 cives
1173 2110 1324 2154 suos
1368 2100 1735 2166 versantur,
1783 2090 1968 2171 quasi
2012 2089 2093 2153 ab
2138 2088 2291 2153 hos-

350 2175 513 2241 tibus
557 2173 999 2255 obsideantur,
1050 2175 1221 2240 vallo
1257 2183 1324 2239 et
1356 2174 1586 2239 castris
1622 2195 1692 2238 se
1735 2174 2062 2238 muniunt.
2127 2174 2288 2240 Plu-

352 2261 609 2327 tarchus
667 2261 741 2324 in
782 2261 927 2325 vita
969 2262 1160 2325 Arati
1220 2262 1360 2325 eius
1402 2258 1606 2325 verba
1660 2261 1861 2324 refert
1906 2258 1988 2323 ad
2032 2259 2289 2342 Philip-

348 2367 527 2427 pum,
572 2345 647 2410 in
705 2345 884 2410 hune
924 2346 1223 2411 modum:
1270 2346 1599 2411 Latrones
1642 2366 1804 2410 saxa
1844 2344 2167 2423 incolunt,
2226 2357 2294 2409 et

348 2452 537 2514 rupes
553 2483 570 2510 ,
616 2439 684 2496 et
726 2432 1130 2513 praecipitiis
1174 2453 1244 2497 se
1278 2437 1608 2496 tutantur:
1653 2431 1793 2515 regi
1847 2439 2072 2496 autem
2127 2430 2293 2496 nihil

348 2516 465 2581 fide
503 2538 581 2584 ac
624 2516 1080 2583 benevolentia
1135 2518 1390 2586 firmius
1446 2527 1561 2581 aut
1609 2517 1929 2581 munitius
1975 2537 2137 2602 esse
2173 2537 2290 2599 po-

349 2613 481 2667 test.
571 2603 665 2669 Et
704 2602 966 2668 Plinius
1010 2602 1091 2668 de
1134 2602 1517 2668 Domitiano
1554 2603 1861 2685 loquens:
1907 2602 2031 2667 Ille
2067 2613 2289 2667 tamen

345 2687 569 2770 quibus
615 2689 740 2755 sibi
782 2688 1144 2770 parietibus
1195 2698 1263 2753 et
1313 2687 1522 2753 muris
1565 2689 1846 2753 salutem
1888 2709 2077 2753 suam
2118 2689 2291 2753 tueri

344 2773 696 2852 videbatur,
737 2772 961 2838 dolum
1001 2795 1244 2853 secum,
1284 2783 1351 2839 et
1396 2772 1686 2853 insidias,
1725 2782 1793 2838 et
1828 2774 2115 2838 ultorem
2150 2793 2290 2840 sce-

344 2856 551 2924 lerum
592 2858 789 2925 deum
833 2860 1116 2926 inclusit.

501 2943 735 3033 Arcas]
759 2945 824 3011 N
824 2966 911 3011 on
935 2946 1111 3030 negli
1159 2945 1330 3011 enda
1349 2953 1449 3011 est
1469 2946 1651 3012 verbi
1695 2945 2075 3029 proprietas.
2143 2948 2289 3011 Arx

214 3076 227 3095 .
344 3033 511 3097 8111111
538 3053 733 3115 saepe
757 3030 995 3101 dicitur
1030 3053 1099 3097 se
1147 3054 1217 3097 es
1253 3032 1542 3116 tyranni,
1578 3030 2126 3115 quemadmodum
2174 3029 2288 3097 ad-

344 3119 592 3183 notavit
633 3117 1011 3183 Paedianus
1046 3119 1117 3182 in
1150 3118 1666 3183 Divinationem.

342 3204 773 3356 Puhhgssalvum
815 3224 1012 3287 reyem
1055 3204 1125 3267 in
1169 3201 1412 3289 aperto]
1469 3204 1616 3270 Hoc
1660 3204 1987 3288 significat
2039 3204 2287 3271 Mimus

533 3308 734 3354 anus:
1601 3311 1604 3315 ’

641 3375 796 3429 Bona
831 3382 1113 3443 comparat
1145 3375 1419 3443 praesidia
1453 3375 1837 3429 misericordia.

506 3460 1002 3543 Ineoepuqnabile
1057 3464 1537 3540 munimentum,
1582 3483 1760 3526 amor
1806 3461 2066 3550 civium]
2123 3464 2284 3527 Pul-

339 3545 491 3611 chra
535 3546 948 3623 acclamatiO,
994 3568 1160 3629 quae
1203 3548 1422 3612 omnia
1460 3547 1927 3630 complectitur.
1984 3549 2069 3612 In
2114 3548 2285 3613 hanc

338 3633 729 3697 sententiam
772 3631 1029 3697 Plinius
1070 3632 1141 3696 in
1163 3633 1600 3719 Panegyrico:
1649 3632 1915 3713 Quanto
1960 3652 2136 3698 nune
2179 3642 2283 3699 tu·-

336 3718 476 3795 tior,
522 3726 770 3801 quanto
814 3719 1103 3783 securior
1146 3718 1374 3784 eadem
1418 3719 1665 3797 domus,
1714 3723 1862 3797 [pag.
1916 3725 2062 3799 118]
2105 3730 2281 3802 post-

335 3823 528 3884 quam
561 3825 695 3869 non
731 3802 1162 3883 crudelitatis,
1209 3804 1323 3869 sed
1367 3806 1605 3870 amoris
1648 3805 1966 3883 excubiis,
2011 3827 2145 3870 non
2181 3827 2283 3870 so-

334 3886 607 3954 litudine
631 3897 700 3955 et
734 3888 1038 3955 claustris
1075 3887 1467 3955 defenditur.
1505 3890 1762 3973 Ecquid
1795 3912 1951 3975 ergo
1986 3913 2117 3956 non
2153 3890 2283 3957 dis-

334 3974 539 4041 cimus
573 3976 1043 4057 experimentO,
1088 3975 1477 4041 fidissimam
1518 3996 1660 4041 esse
1704 3975 2063 4042 custodiam
2101 3979 2284 4059 prin-

332 4058 530 4142 cipis,
572 4062 781 4143 ipsius
808 4060 1321 4126 ⁸innocentiam?
1424 4060 1756 4127 Salustius
1806 4063 1875 4126 in
1930 4061 2282 4147 Iugurtha:

332 4143 484 4209 Non
523 4146 871 4225 exercitus,
918 4166 1129 4229 neque
1174 4147 1470 4212 thesauri
1516 4148 1843 4230 praesidia
1883 4150 2070 4232 regni
2110 4158 2284 4227 sunt,

333 4230 447 4295 sed
474 4222 688 4310 amici,
716 4253 877 4315 quos
901 4253 1109 4315 neque
1136 4234 1354 4311 armis,
1384 4255 1593 4316 neque
1614 4252 1774 4298 auro
1797 4254 2029 4315 parare
2051 4254 2283 4317 queas:

332 4317 547 4382 officio
567 4325 635 4383 et
654 4317 786 4383 fide
819 4331 1151 4400 parantur.
1211 4318 1396 4384 Haec
1420 4340 1540 4383 arx
1580 4320 1929 4398 inaccessa,
1955 4320 2077 4384 hoc
2100 4321 2285 4385 inex-

329 4404 685 4485 pugnabile
704 4403 1210 4483 munimentum,
1236 4425 1371 4469 non
1390 4426 1581 4488 egere
1602 4405 2027 4469 munimento,
2077 4405 2285 4472 Frus-

330 4494 436 4552 tra
480 4509 555 4552 se
602 4496 855 4555 terrore
909 4490 1336 4569 succinxerit,
1391 4491 1507 4573 qui
1561 4500 1784 4573 septus
1837 4491 2107 4555 caritate
2150 4512 2279 4555 non

326 4571 548 4638 fuerit.
638 4576 865 4641 Armis
909 4575 1083 4640 enim
1131 4597 1316 4640 arma
1356 4576 1717 4641 irritantur.
1777 4575 2177 4642 Plutarchus
2214 4578 2284 4640 in

328 4657 471 4724 vita
504 4662 731 4725 Arati:
768 4660 951 4725 Vera
981 4680 1057 4726 ae
1093 4662 1346 4727 stabilis
1380 4662 1624 4727 civium
1657 4661 2127 4740 benevolentia,
2167 4683 2284 4745 op-

330 4744 495 4810 tima
540 4745 853 4828 principis
895 4745 1193 4812 custodia
1234 4756 1350 4813 est.
1441 4748 1814 4832 Antigonus
1869 4748 2092 4825 etiam,
2147 4748 2285 4812 De-

327 4831 552 4895 metrii
593 4840 802 4913 pater,
852 4830 1107 4898 dicebat
1147 4833 1667 4899 benevolentiam
1714 4831 1837 4898 sibi
1882 4852 2139 4915 semper
2182 4835 2284 4896 vi-

328 4934 473 4979 sam
521 4919 847 4999 optimum
911 4918 1098 5002 regni
1154 4918 1682 4999 fundamentum,
1741 4920 2285 5001 verissimumque

326 5002 755 5082 praesidium.

515 5088 683 5169 Quid
692 5088 1028 5170 pulchrius
1049 5110 1240 5171 quam
1259 5091 1460 5155 vivere
1479 5090 1831 5172 optantibus
1850 5088 2113 5176 cunctis]
2138 5090 2286 5156 Hoc

325 5193 435 5237 me
474 5172 744 5239 hercule
786 5196 991 5240 unum
1038 5176 1197 5240 satis
1240 5196 1383 5239 esse
1427 5175 1660 5241 debeat
1700 5176 1997 5258 principi,
2043 5196 2171 5258 quo
2216 5197 2286 5241 se

1823 359 2113 472 mens
2153 331 2219 425 1.'
2298 313 2603 428 eAPu'r
2646 361 2840 427 m.

4228 373 4350 433 126

2395 569 2625 614 onmes
2662 571 2794 614 uno
2830 572 3150 617 consensu
3197 553 3450 631 favent,
3501 561 3568 616 et
3605 575 3781 617 mors
3835 574 3968 618 non
4010 567 4188 621 caret
4229 578 4350 638 pu·

2394 634 2582 700 blicis
2623 636 2950 720 lacrymis.
3577 671 3581 682 ·

2568 736 2656 801 Et
2687 743 2826 802 vota
2862 738 3394 825 nuncupant-ibus]
3441 740 3586 814 Pro
3620 740 3762 804 eius
3800 741 4011 808 salute
4054 753 4122 808 et
4164 766 4347 826 pros-

2393 822 2706 903 perita-te·
2772 821 3091 889 Solebant
3134 826 3309 889 enim
3354 825 3544 891 statis
3589 826 3818 891 diebus
3854 828 4151 894 solennia
4194 839 4349 894 vota

2393 928 2514 989 pro
2569 909 2857 973 romanis
2928 910 3432 992 imperatoribus
3488 932 3868 994 nuncupare
3923 916 4347 998 magistratus

2395 1002 2463 1056 et
2517 993 2915 1073 sacerdotes,
2974 1016 3142 1078 quae
3194 997 3262 1060 in
3307 1005 3554 1062 certam
3601 999 3950 1062 verborum
3992 999 4346 1065 formulam

2395 1080 2944 1161 concipiebantur.
3035 1080 3378 1146 Interdum
3421 1083 3616 1162 etiam
3662 1104 3868 1165 quum
3911 1105 4017 1149 res
4058 1086 4346 1168 postula-

2398 1163 2536 1242 bat,
2577 1166 2718 1228 sive
2762 1165 3119 1247 imperator
3163 1166 3243 1231 ad
3301 1166 3543 1232 bellum
3602 1170 4149 1249 proficisceretur,
4206 1174 4346 1238 sive

2393 1249 2537 1313 eius
2573 1250 2716 1314 vita
2749 1251 2934 1333 gravi
2979 1253 3204 1316 morbo
3247 1252 3747 1333 periclitaretur,
3795 1255 4343 1337 quemadmodum

2394 1346 2547 1398 aute
2562 1334 2918 1400 Caesarum
2944 1337 3392 1403 monarchiam
3415 1338 3715 1404 consules
3731 1341 4197 1424 magistratum
4219 1343 4347 1407 ini-

2394 1420 2547 1497 turi,
2573 1433 2688 1484 aut
2711 1420 2793 1485 ad
2817 1420 3063 1485 bellum
3098 1433 3431 1499 exeuntes,
3469 1442 3622 1489 vota
3654 1446 3773 1507 pro
3810 1426 4143 1509 republica
4175 1451 4344 1493 nun-

2395 1506 2739 1587 cupabant.
2803 1507 2909 1571 De
2947 1509 3113 1572 votis
3151 1508 3545 1587 solennibus,
3584 1532 3747 1593 quae
3782 1510 4068 1577 calendis
4103 1513 4345 1579 Ianua-

2395 1591 2513 1654 riis
2556 1592 3136 1674 nuncupabantur,
3196 1594 3619 1677 'Pranquillus
3672 1596 3742 1660 in
3801 1600 4133 1682 Augusto:
4195 1597 4344 1680 Quo

2395 1676 2847 1743 animadverso
2885 1683 3038 1745 vota
3073 1701 3238 1762 quae
3271 1680 3344 1745 in
3378 1683 3753 1763 proximum
3787 1682 4072 1749 lustrum
4107 1685 4347 1768 suscipi

2394 1784 2539 1828 mos
2581 1775 2698 1841 est,
2736 1764 3054 1848 collegam
3099 1787 3290 1830 suum
3327 1766 3668 1850 Tiberium
3715 1790 4097 1852 nuncupare
4133 1771 4341 1836 iussit.

2396 1846 2582 1912 Idem
2604 1849 2670 1913 in
2709 1848 3001 1915 Nerone:
3026 1852 3354 1916 Votorum
3393 1854 3900 1935 nuncupatione,
3937 1877 4180 1940 magna
4212 1856 4345 1920 iam

2395 1934 2700 1998 ordinum
2752 1935 3148 2017 frequentia,
3206 1938 3324 2004 vix
3375 1948 3672 2021 repertae
3737 1939 4040 2022 Capitolii
4108 1942 4340 2007 claves.

2394 2020 2500 2084 De
2536 2020 3072 2086 extraordinariis
3109 2023 3343 2089 Livius
3379 2023 3544 2088 libro
3581 2024 3701 2088 X.:
3748 2024 3965 2105 Quem
4009 2028 4344 2109 poenitere

2396 2113 2715 2184 votorum,
2753 2126 2919 2188 quae
2955 2128 3074 2189 pro
3111 2107 3444 2191 republica
3489 2112 4014 2193 nuncupaverint
4057 2121 4153 2177 tot
4193 2133 4344 2178 con-

2395 2191 2573 2255 sules
2617 2191 2886 2273 plebeii,
2935 2202 3031 2258 tot
3072 2192 3456 2271 dictatores,
3504 2206 3619 2259 aut
3664 2195 3746 2260 ad
3804 2198 4129 2263 exercitus
4183 2220 4348 2263 eun—

2395 2285 2524 2354 tes,
2572 2284 2686 2341 aut
2726 2277 2901 2342 inter
2940 2279 3086 2360 ipsa
3132 2279 3341 2344 bella?
3431 2281 3698 2346 Tacitus
3748 2281 3915 2347 libro
3966 2283 4159 2349 XII.:
4207 2284 4345 2348 Vo-

2395 2362 2665 2427 cabatur
2709 2363 2971 2428 interim
3019 2373 3316 2445 senatus,
3382 2380 3657 2449 votaque
3714 2388 3834 2449 pro
3893 2369 4347 2434 incolumitate

2395 2448 2708 2531 principis
2744 2450 3044 2514 consules
3079 2458 3146 2514 et
3181 2450 3548 2517 sacerdotes
3583 2452 4065 2535 nuncupabant.
4155 2454 4219 2519 N
4223 2476 4345 2518 un-

2395 2554 2638 2615 cupare
2672 2543 2824 2599 vota
2847 2543 2946 2599 est
2969 2538 3369 2618 promittere,
3407 2537 3578 2620 quod
3602 2561 3721 2604 nos
3743 2538 3970 2622 lingua
3991 2539 4343 2607 vernacula

2395 2617 2674 2685 dicimus
2730 2620 2940 2685 facere
2985 2629 3227 2686 votum.
3329 2622 3559 2688 Cicero
3610 2623 3983 2708 Philippica
4024 2625 4183 2690 111.:
4238 2625 4344 2690 Ea

2394 2712 2550 2770 vota
2593 2726 2759 2788 quae
2793 2728 3145 2790 nunquam
3190 2708 3487 2786 solveret,
3533 2711 3964 2792 nuncupavit.
4059 2711 4343 2776 Latinus

2393 2791 2710 2855 Pacatus:
2746 2792 2891 2875 Ego
2936 2801 3091 2858 vota
3136 2793 3503 2873 verborum,
3548 2815 3719 2878 quae
3754 2818 3873 2879 ego
3916 2816 4340 2878 nuncupave-

2393 2899 2557 2956 ram,
2595 2877 2945 2955 soluturus,
2984 2878 3049 2943 id
3093 2881 3388 2945 oratione
3423 2889 3681 2963 tempus
3721 2883 4019 2960 afficiam,
4065 2903 4194 2965 quo
4237 2902 4343 2947 ro-

2391 2983 2592 3028 mana
2613 2962 2731 3028 lux
2756 2968 2982 3048 coepit.
3050 2965 3195 3031 Iam
3220 2976 3285 3031 et
3306 2964 3467 3032 illud
3508 2966 4005 3047 observandum,
4050 2975 4128 3032 ut
4166 2967 4346 3034 hunc

2391 3049 2610 3115 locum
2644 3050 3109 3135 intelligamus,
3144 3062 3489 3136 postquam
3525 3054 3824 3119 consules
3860 3062 3927 3119 et
3971 3052 4342 3121 sacerdotes

2392 3144 2696 3200 votorum
2719 3138 3272 3220 nuncupationem
3294 3148 3473 3207 certa
3495 3139 3845 3206 verborum
3868 3139 4147 3205 formula
4188 3160 4343 3204 con-

2393 3232 2731 3302 ceperant,
2790 3223 3072 3306 populus
3131 3223 3362 3291 eadem
3417 3232 3573 3289 vota
3640 3226 4094 3308 nuncupabat:
4164 3224 4339 3309 quod

2394 3306 2603 3372 voluit
2638 3304 2921 3372 Ovidius
2956 3308 3078 3374 hoc
3123 3311 3413 3375 carmine
3458 3311 3778 3376 Tristium
3821 3311 3944 3376 H.:

2599 3408 2794 3478 Optavi
2830 3420 3048 3479 peteres
3086 3413 3345 3466 coelestia
3382 3412 3560 3467 sidera
3595 3413 3746 3467 tarde
3846 3453 3853 3459 -

2701 3478 2835 3532 Pars
2874 3495 2940 3533 ue
2981 3479 3058 3533 fui
3093 3481 3285 3534 turbae
3323 3496 3491 3549 parva
3525 3483 3796 3549 precantis
3830 3481 3986 3535 idem.

2595 3546 2670 3599 Et
2742 3549 2795 3600 ia
2830 3557 2853 3600 t
2893 3563 2991 3601 ura
3027 3548 3148 3602 dedi
3183 3566 3285 3618 pro
3321 3558 3394 3619 te,
3431 3565 3654 3617 cumque
3692 3550 3935 3603 omnibus
3971 3566 4107 3603 unus

2723 3631 2822 3683 pse
2858 3633 3072 3686 quoque
3108 3617 3287 3671 adiuvi
3321 3618 3538 3689 publica
3572 3626 3700 3672 vota
3734 3619 3883 3671 111818.
4425 3678 4436 3692 .

2565 3717 3133 3806 Nonsuboustode]
3173 3720 3356 3804 Ergo
3390 3720 3624 3798 libera,
3663 3731 3732 3785 et
3769 3719 4085 3785 benevolo
4122 3720 4338 3783 animo

2388 3814 2716 3887 concepta.
2804 3804 2984 3870 Hinc
3031 3810 3178 3883 [pag.
3225 3811 3372 3885 119]
3417 3807 3685 3871 coniicio
3732 3806 4029 3870 Nerones
4085 3816 4152 3870 et
4201 3805 4339 3869 Do·

2387 3891 2725 3969 mitianOS,
2772 3911 2838 3956 et
2895 3889 3188 3955 eiusdem
3233 3899 3423 3957 notae
3468 3894 3923 3973 imperatores,
3961 3890 4182 3955 solitos
4225 3911 4339 3974 ap-

2388 3997 2634 4059 ponere
2676 3976 2976 4042 custodes
3021 3975 3298 4055 civibus,
3358 3998 3444 4041 ne
3503 3985 3653 4042 vota
3699 3978 3771 4040 in
3830 3976 4341 4041 exsecrationem

2388 4070 2737 4127 verterent.
2823 4061 3224 4127 Huiusmodi
3271 4074 3425 4128 vota
3471 4062 3807 4127 servitutis
3856 4064 4070 4145 magis
4111 4071 4178 4125 et
4228 4063 4340 4127 vb-
4387 4076 4395 4084 '

2391 4149 2593 4231 sequii
2640 4168 2838 4214 causa
2874 4147 3453 4230 nuncupabantur,
3500 4169 3696 4231 quam
3743 4149 3986 4213 amoris
4031 4157 4099 4212 et
4138 4148 4336 4213 bene-

2390 4235 2731 4299 volentiae.
2822 4234 2915 4298 At
2956 4235 3067 4316 qui
3112 4254 3200 4298 ex
3249 4235 3467 4300 animo
3526 4234 3693 4298 bene
3749 4235 4010 4311 volunt,
4065 4243 4133 4298 et
4173 4232 4337 4298 bene

2390 4328 2748 4402 precantur
2781 4341 2899 4383 suo
2938 4320 3242 4402 principi,
3279 4341 3409 4384 non
3431 4317 3731 4402 indigent
3753 4319 4039 4386 custode.
4099 4319 4337 4384 Custos

2388 4427 2508 4490 pro
2543 4405 2959 4471 observatore
2996 4406 3278 4487 ponitur,
3316 4405 3860 4487 quemadmodum
3905 4405 4080 4487 apud
4123 4403 4333 4470 Sene-

2388 4491 2534 4557 cam
2576 4490 2741 4556 libro
2766 4491 2854 4555 II.
2904 4490 2984 4556 de
3029 4491 3171 4556 Ira:
3232 4490 3625 4572 Propinavit
3677 4490 3773 4555 illi
3829 4490 4075 4568 Caesar
4126 4490 4333 4554 hemi-

2388 4598 2544 4641 nam
2599 4577 2767 4656 vini,
2826 4584 2895 4641 et
2947 4578 3171 4659 posuit
3221 4570 3320 4640 illi
3377 4576 3739 4656 custodem,
3803 4586 4215 4661 unguentum
4270 4583 4336 4640 et

2389 4682 2664 4727 coronas
2706 4663 2902 4740 misit,
2951 4671 3018 4727 et
3059 4662 3406 4727 observare
3449 4662 3642 4726 iussit
3657 4714 3672 4740 ,
3721 4684 3806 4726 an
3851 4669 4155 4727 sumeret.
4243 4661 4337 4726 Et

2390 4746 2750 4813 Suetonius
2782 4748 2851 4812 in
2887 4748 3176 4812 Tiberio:
3213 4747 3367 4812 Non
3399 4749 3681 4813 cessavit
3717 4749 4013 4832 flagitare
4049 4747 4334 4829 aliquem

2389 4833 2736 4897 cuiuslibet
2778 4831 3025 4897 ordinis
3071 4831 3408 4899 custodem
3449 4834 3641 4898 factis
3686 4843 3884 4916 atque
3928 4832 4122 4899 dictis
4177 4832 4346 4896 suis.‘

2387 4918 2651 5003 Vulgus
2687 4934 2990 4983 nostrum
3035 4917 3511 5001 speculatorem
3553 4918 3726 4985 dicit.
3817 4918 4175 4984 Custodem
4219 4938 4335 4982 an-

2389 5006 2551 5088 tiqui
2577 5003 2897 5069 vocabant
2930 5004 3434 5086 subscriptorem
3469 5026 3720 5083 causae,
3759 5026 3872 5070 seu
3919 5002 4332 5081 causidicum,

2388 5092 2498 5174 qui
2543 5089 2895 5155 adiuvabat
2936 5097 3260 5154 oratorem
3305 5089 3709 5155 submissiori
3755 5111 3928 5167 voce,
3975 5089 4161 5152 illum
4219 5087 4333 5153 ad-

2389 5196 2678 5253 monens,
2702 5197 2785 5240 ne
2828 5173 3174 5242 laberetur.
3257 5174 3483 5242 Cicero
3522 5178 3594 5240 in
3617 5175 4073 5242 Divinatione:
4099 5172 4334 5238 Custo-

324 5257 639 5325 omnibus
694 5259 1044 5326 amabilem
1098 5259 1359 5326 reddat:
1418 5260 1591 5343 quod
1645 5263 1739 5326 ita
1791 5271 1859 5327 et
1912 5262 2087 5327 vitae
2143 5262 2285 5327 eius
2332 5286 2339 5338 ι
2390 5260 2559 5341 dem,
2595 5261 2825 5345 inqu‘it,
2864 5261 3221 5326 Tullio'me
3257 5263 3582 5353 apponite.
3673 5258 3893 5341 Quid?
3932 5258 4092 5322 mihi
4141 5278 4333 5341 quam
