4984 5975
395 267 519 329 249

399 453 616 519 omnis
656 451 1059 519 idololatriae
1103 452 1464 532 simulatiO,
1518 452 1629 518 vel
1671 470 2060 534 quacunque
2103 451 2355 515 ratione

396 546 705 622 suscepta
758 539 1036 604 imitatio
1055 591 1072 619 ,
1130 537 1214 603 ab
1269 559 1347 603 ea
1400 559 1523 603 nos
1578 537 1959 622 longissime
2010 536 2353 602 absterret.

396 627 505 692 De
532 624 741 689 divini
772 624 1059 691 nominis
1094 644 1171 690 ac
1206 624 1475 689 honoris
1509 623 1978 707 profanatione,
2019 623 2181 688 haec
2216 624 2357 687 eius

396 712 607 777 verba
658 718 816 775 sunt
880 712 947 795 (1
997 710 1147 777 Cor.
1201 716 1310 789 10,
1365 716 1440 773 14
1485 709 1633 794 ss.):
1714 707 2083 787 Carissimi,
2143 708 2354 793 fugite

401 796 486 862 ab
541 796 862 862 idolorum
920 796 1101 863 cultu
1155 796 1307 880 (sub
1366 795 1584 861 cultus
1635 794 1930 874 nomine,
1974 794 2356 859 'exteriores

404 903 634 949 omnes
697 884 865 948 ritus
922 882 1290 966 collegisse,
1396 882 1465 946 ui
1506 880 1859 964 impiorum
1912 880 2115 945 sacris
2172 877 2357 943 adhi-

405 970 716 1045 beantur,
772 971 905 1033 iam
951 990 1036 1033 ex
1079 968 1379 1052 sequenti
1423 989 1503 1032 us
1550 966 1971 1031 manifestum
2039 966 2225 1050 erit),
2282 971 2359 1028 ut

451 1053 841 1119 rudentibus
876 1054 1131 1137 loquor:
1179 1053 1449 1137 vosipsi
1484 1052 1766 1117 iudicate
1802 1050 1976 1134 quod
1999 1050 2158 1116 dice.
2226 1049 2357 1116 Ca-

432 1141 446 1156 ‘
555 1138 1022 1206 benedictionis
1065 1142 1171 1205 cui
1213 1138 1689 1218 benedicimus,
1734 1158 1952 1202 nonne
1995 1136 2359 1203 communi-

399 1226 574 1293 catio
632 1227 971 1309 sanguinis
1018 1225 1272 1292 Christi
1315 1224 1459 1290 est?
1513 1236 1583 1288 et
1632 1224 1823 1306 panis
1867 1243 2064 1306 quem
2106 1223 2356 1306 frangi-

396 1332 567 1392 mus,
595 1333 817 1377 nonne
841 1311 1340 1379 communicatio
1362 1311 1652 1393 corporis
1677 1307 1951 1373 Domini
1972 1307 2114 1373 est?
2171 1308 2357 1391 Ergo

396 1419 574 1463 unus
612 1400 804 1480 panis
838 1408 904 1462 et
946 1419 1156 1463 unum
1190 1417 1425 1480 corpus
1458 1395 1654 1460 multi
1693 1416 1937 1473 sumus,
1982 1415 2208 1460 omnes
2243 1393 2358 1476 qui

398 1484 480 1550 de
525 1504 662 1549 uno
706 1505 875 1566 pane
915 1484 1399 1567 participamus.
1466 1479 1709 1546 Videte
1743 1479 1952 1545 Israel
1994 1478 2358 1545 secundum

398 1590 689 1637 carnem.
778 1569 1018 1634 Nonne
1061 1570 1174 1653 qui
1219 1569 1427 1634 edunt
1466 1567 1717 1633 hostias
1737 1616 1752 1641 ,
1809 1565 2160 1649 participes
2203 1572 2361 1629 sunt

400 1655 678 1721 altaris?
766 1653 945 1735 Quid
990 1655 1190 1740 ergo?
1281 1655 1449 1720 Dico
1493 1652 1670 1736 quod
1712 1651 1907 1717 idolis
1948 1650 2359 1717 immolatum

403 1742 494 1806 sit
537 1739 827 1823 aliquid?
867 1748 984 1807 aut
1019 1739 1193 1824 quod
1235 1739 1489 1805 idolum
1532 1739 1620 1805 sit
1661 1736 1950 1819 aliquid?
2014 1736 2150 1803 Sed
2184 1733 2360 1820 quod

400 1848 575 1910 quae
665 1836 851 1891 entes
895 1826 1257 1905 immolant,
1304 1825 1663 1890 daemoniis
1706 1823 2066 1903 immolant,
2112 1834 2182 1889 et
2223 1842 2360 1887 non

396 1914 565 1978 Deo.
703 1912 810 1977 olo
846 1920 1070 1977 autem
1104 1934 1221 1977 vos
1264 1912 1611 1995 participes
1653 1909 1800 1975 fieri
1843 1908 2356 1974 daemoniorum.

394 1998 460 2064 N
462 2020 551 2064 on
592 1998 869 2081 potestis
904 1999 1175 2065 calicem
1210 1997 1481 2063 Domini
1516 1995 1754 2071 bibere,
1800 2003 1869 2059 et
1902 1994 2169 2060 calicem
2207 1993 2358 2059 dae-

395 2085 796 2150 moniorum.
854 2085 1006 2150 Non
1040 2085 1310 2166 potestis
1343 2103 1613 2148 mensae
1640 2080 1912 2146 Domini
1945 2080 2355 2163 participare,

395 2180 464 2236 et
508 2190 783 2235 mensae
825 2170 1332 2236 daemoniorum.
1420 2168 1622 2233 Initio
1675 2168 1747 2232 in
1800 2171 2183 2231 memoriam
2226 2164 2358 2230 illis

394 2269 687 2334 revocat,
731 2276 931 2339 quam
963 2256 1331 2339 propinqua
1365 2255 1449 2319 sit
1481 2253 1682 2318 istaec
1724 2251 1858 2317 illis
1901 2272 2053 2317 cum
2088 2251 2355 2316 Christo

393 2341 693 2409 Domino
735 2341 1027 2420 societas,
1072 2342 1360 2427 corporis
1401 2350 1470 2405 et
1512 2360 1630 2404 san
1733 2337 1859 2402 'nis
1901 2337 2109 2420 ipsius
2151 2337 2354 2420 parti-

396 2427 581 2510 cipes
614 2428 760 2492 fieri
795 2436 873 2492 ut
903 2436 1147 2511 quanto
1181 2448 1291 2492 eos
1325 2425 1596 2510 propius
1623 2426 1635 2438 ’
1699 2425 1711 2437 ”
1739 2422 2132 2497 adiunxerit,
2167 2428 2354 2488 tanto

397 2513 483 2578 ab
528 2512 711 2578 omni
761 2513 1088 2579 idolorum
1133 2511 1634 2596 participatione
1689 2510 1951 2593 longius
1993 2508 2351 2574 abstrahat.

392 2599 703 2664 Externa
760 2607 983 2663 autem
1036 2607 1446 2665 sacramenta
1489 2595 1813 2680 quaedam
1867 2595 2053 2678 quasi
2090 2594 2356 2660 vincula

393 2706 559 2763 oese,
603 2683 837 2766 quibus
880 2706 1032 2750 cum
1056 2686 1345 2750 Domino
1388 2684 1807 2750 cohaereant:
1855 2680 1922 2746 id
1966 2682 2186 2764 ipsum
2226 2680 2353 2763 igi-

393 2780 507 2836 tur
549 2769 684 2836 illis
728 2791 764 2835 e
806 2790 1123 2836 converso
1176 2769 1496 2846 accidere,
1552 2769 1665 2851 qui
1721 2767 2076 2833 immundis
2133 2788 2353 2832 caere-

391 2856 643 2921 moniis
685 2876 757 2921 se
799 2855 1189 2935 admiscent,
1246 2864 1324 2921 ut
1375 2876 1492 2939 per
1535 2874 1645 2919 eas
1688 2852 2012 2918 idolorum
2058 2852 2355 2918 societati

392 2963 465 3008 se
510 2943 854 3009 innectant
896 2950 1089 3026 atque
1135 2943 1452 3009 inserant.
1542 2938 1803 3005 Deinde
1847 2959 2109 3004 omnem
2150 2939 2352 3024 tergi-

392 3029 840 3095 versationem
885 3029 1223 3112 praecidit,
1264 3048 1468 3111 quum
1502 3047 1730 3093 eorum
1765 3026 2017 3091 obiecta
2058 3031 2349 3107 occupat,

392 3114 510 3199 qui
557 3113 991 3198 praetendere
1031 3123 1326 3198 possent,
1382 3112 1634 3178 idolum
1677 3111 1848 3178 nihil
1889 3133 2058 3177 esse:
2109 3111 2352 3177 idcirco

393 3221 667 3268 carnem
710 3199 901 3266 idolis
943 3200 1378 3278 immolatam,
1434 3198 1604 3263 nihil
1662 3219 1704 3263 a
1744 3197 2002 3281 vulgari
2056 3201 2204 3276 [pag.
2249 3201 2353 3276 14]

392 3307 596 3353 carne
641 3285 923 3352 differre.
1013 3285 1207 3367 Quod
1249 3286 1410 3365 illis,
1463 3291 1785 3368 quantum
1839 3283 1921 3349 ad
1975 3284 2194 3349 carnis
2247 3282 2350 3366 ip-

392 3374 535 3439 sius
571 3372 1029 3450 substantiam,
1068 3371 1397 3438 concedit:
1445 3368 1562 3436 sed
1597 3369 1796 3435 aliam
1830 3389 1974 3435 esse
2008 3368 2352 3433 hominum

391 3458 775 3543 opinionem
809 3458 1071 3541 excipit,
1117 3478 1395 3541 quorum
1431 3454 1746 3521 iudicium
1782 3456 1852 3519 in
1883 3455 2073 3520 factis
2107 3455 2350 3520 nostris

392 3543 683 3628 spectari
738 3543 998 3624 debeat,
1063 3564 1232 3626 quae
1282 3543 1577 3626 ipsorum
1630 3540 1834 3607 oculis
1889 3538 2346 3606 subiiciuntur.

392 3631 536 3696 Eos
606 3642 858 3709 autem,
915 3630 1030 3713 qui
1096 3650 1294 3695 carne
1346 3628 1537 3694 idolis
1600 3626 1938 3692 immolata
1983 3633 2348 3705 vescantur,

393 3723 864 3800 argumentum
905 3701 1360 3799 imperitorum
1402 3714 1609 3780 errori
1651 3711 1985 3797 praebere,-
2028 3712 2204 3777 unde
2246 3711 2350 3777 iu-

396 3802 651 3880 dicent,
707 3822 785 3867 eo
826 3801 1020 3867 modo
1062 3799 1254 3866 idolis
1297 3802 1473 3884 ipsos
1516 3801 1911 3876 sacrificare,
1967 3799 2061 3864 sic
2108 3798 2180 3863 in
2229 3797 2350 3863 ho-

396 3889 653 3953 minum
708 3894 1061 3970 conspectu
1110 3888 1324 3953 Deum
1375 3884 1774 3951 inhonorari.
1862 3883 2011 3950 Iam
2054 3891 2123 3949 et
2163 3904 2350 3967 aspe-

393 3974 644 4039 riorem
691 3972 1089 4039 sententiam
1132 3980 1360 4055 postea
1404 3970 1693 4050 subiicit,
1748 3977 2012 4036 tantum
2058 3989 2201 4036 esse
2244 3971 2348 4035 in-

392 4067 501 4127 ter
545 4058 798 4125 Christi
839 4069 907 4124 et
950 4058 1442 4123 daemoniorum
1496 4077 1793 4123 mensam
1845 4055 2215 4134 dissidium,
2273 4063 2350 4120 ut

390 4146 607 4211 altera
659 4166 731 4210 se
787 4144 1067 4220 abdicet,
1128 4143 1244 4228 qui
1284 4141 1530 4209 delibet
1569 4143 1931 4225 quidquam
1982 4163 2067 4207 ex
2122 4141 2345 4209 altera.

391 4232 546 4298 Hac
591 4230 858 4295 demum
900 4230 1192 4297 clausula
1230 4229 1758 4296 exhortationem
1800 4248 1986 4294 suam
2031 4226 2342 4294 absolvit:

390 4317 577 4383 Num
612 4336 1046 4398 provocamus
1067 4314 1476 4382 Dominum?
1536 4314 1717 4379 Num
1751 4314 2054 4379 fortiores
2087 4313 2200 4378 illo
2236 4335 2346 4379 su-

390 4401 591 4469 mus?
660 4401 868 4468 Cuius
911 4408 1097 4468 tanta
1128 4403 1232 4467 vis
1275 4409 1395 4478 est,
1439 4405 1518 4465 ut
1547 4400 1760 4484 magis
1796 4400 2052 4478 acriter,
2095 4421 2171 4466 ac
2204 4418 2346 4463 ma-

443 4490 457 4504 ‘
540 4507 751 4572 paene
792 4487 1075 4554 dixerim
1116 4487 1381 4570 tragice,
1428 4486 1767 4570 exagitare
1808 4485 2202 4551 sceleratum
2243 4486 2346 4550 ul-

390 4511 535 4641 ffism
577 4574 833 4640 facinus
864 4595 1000 4640 non
1033 4574 1336 4656 potuerit,
1380 4593 1580 4656 quam
1613 4571 1799 4636 illam
1834 4570 2199 4655 exagitavit
2233 4593 2342 4637 su-

478 4660 858 4726 rstitionum
886 4660 1246 4726 fictionem:
1272 4679 1452 4743 ¹quae
1486 4657 1602 4724 vix
1634 4677 1754 4740 pro
1787 4656 2119 4723 levissima
2150 4659 2346 4742 culpa

446 4746 592 4812 odie
644 4765 687 4809 a
738 4745 966 4810 multis
1028 4744 1306 4812 ducitur.
1396 4743 1579 4810 Alibi
1666 4748 1703 4807 2
1747 4741 1896 4809 Cor.
1944 4748 2014 4823 6,
2068 4749 2142 4807 14
2190 4746 2339 4828 ss.):

392 4832 618 4898 Nolite
669 4831 901 4915 iugum
955 4830 1192 4897 ducere
1247 4852 1396 4897 oum
1447 4826 1648 4895 infide
1680 4829 1838 4895 'bus
1928 4826 2119 4910 Quae
2163 4831 2342 4894 enim

388 4917 806 5002 participatio
841 4916 1129 4983 iustitiae
1169 4937 1320 4982 cum
1361 4913 1751 5001 iniquitate?
1802 4920 1920 4981 aut
1968 4937 2134 4999 quae
2185 4935 2341 4998 pars

390 5003 572 5070 fideli
616 5023 769 5070 cum
812 5001 1103 5068 infideli?
1193 4999 1385 5081 Quae
1441 5003 1716 5069 societas
1766 5000 1900 5067 luci
1952 5020 2107 5069 cum
2157 5009 2339 5068 tene-

390 5089 575 5156 bris?
670 5086 862 5169 Quae
918 5084 1262 5153 concordia
1315 5087 1567 5153 Christi
1622 5108 1773 5154 cum
1825 5087 2083 5153 Belial?
2171 5085 2339 5169 Quis

392 5197 591 5261 porro
634 5195 993 5242 consensus
1032 5171 1277 5256 templo
1314 5173 1445 5238 Dei
1486 5194 1637 5239 oum
1678 5171 1910 5239 idolis?
1976 5175 2116 5240 Vos
2159 5175 2338 5241 enim

1593 263 1721 329 DE
1762 260 2280 330 FUGIENDIS
2320 262 2809 331 IMPIORUM
2851 262 3203 334 SACRIS.

4285 271 4414 333 250

2458 453 2618 519 estis
2658 453 2981 537 templum
3020 452 3169 533 Dei,
3215 456 3385 521 sicut
3423 455 3581 521 dicit
3623 457 3867 542 (Lavit.
3905 460 4007 534 26,
4049 456 4186 538 11):
4228 455 4415 538 Quo-

2458 540 2642 603 niam
2700 538 3079 605 inhabitabo
3123 540 3196 604 in
3238 541 3402 620 illis,
3458 549 3526 606 et
3576 544 3753 608 inter
3805 563 3916 607 eos
3968 541 4409 623 inambulabo,

2460 633 2529 690 et
2573 645 2685 689 ero
2728 624 2994 690 illorum
3041 625 3258 705 Deus,
3315 634 3382 692 et
3429 637 3628 693 erunt
3669 629 3834 693 mihi
3876 628 4173 711 populus.
4261 628 4414 696 Non

2459 710 2609 776 vult
2661 731 2871 793 usque
2928 731 3005 776 eo
3049 710 3461 779 Christianos
3516 714 3597 779 ab
3652 714 3830 781 omni
3886 713 4256 780 infidelium
4298 736 4414 781 ne·

2460 794 2862 862 cessitudine
2907 797 3279 877 abhorrere,
3325 808 3403 863 ut
3443 800 3609 865 nulli
3653 802 3825 864 inter
3861 820 3971 865 eos
4003 800 4417 867 intercedant

2463 882 2691 947 civiles
2735 891 3140 962 contractus,
3198 884 3384 949 nulla
3426 887 3845 962 commercia,
3902 885 4091 950 nulla
4132 886 4415 970 denique

2461 967 2800 1050 colloquia.
2888 969 3062 1033 Nam
3114 969 3389 1053 alioqui,
3447 980 3524 1036 ut
3577 973 3858 1055 ipsemet
3910 972 4004 1037 ait
4056 972 4122 1053 (l
4165 970 4312 1037 Cor.
4354 978 4412 1050 5,

2469 1053 2598 1135 10),
2637 1053 3019 1119 exeundum
3053 1066 3227 1120 esset
3247 1079 3331 1121 ex
3354 1057 3478 1121 hoc
3508 1057 3781 1123 mundo:
3807 1057 3924 1123 sed
3954 1057 4206 1123 nullam
4237 1057 4414 1124 coire

2461 1140 2843 1205 societatem
2891 1140 3247 1224 permittit,
3306 1164 3472 1225 quae
3515 1143 3752 1209 horum
3803 1142 4140 1209 imitandis
4177 1164 4413 1227 ,super-

2461 1225 2832 1291 stitionibus
2867 1226 3093 1292 fideles
3132 1228 3405 1293 irretiat.
3472 1228 3638 1294 Post
3669 1229 3923 1295 Iesaiae
3964 1228 4115 1311 (Ies.
4159 1233 4258 1308 52,
4303 1231 4409 1313 11)

2462 1311 2796 1377 subnectit
2819 1313 3323 1379 ttestimonium:
3378 1314 3662 1398 Propter
3704 1313 3879 1399 quod
3931 1316 4105 1380 exite
4149 1314 4232 1379 de
4272 1336 4411 1381 me·

2461 1394 2570 1461 dio
2613 1417 2857 1475 eorum,
2903 1405 2970 1463 et
3015 1401 3442 1483 separamini,
3489 1401 3648 1466 dicit
3673 1402 3724 1485 ¹)
3766 1400 4124 1480 Dominus,
4179 1410 4248 1466 et
4286 1403 4413 1466 im-

2459 1482 2785 1547 mundum
2826 1504 2914 1548 ne
2953 1486 3320 1568 tetigeritis.
3411 1485 3561 1567 Quo
3604 1507 3741 1550 non
3793 1487 3874 1552 ab
3929 1486 4414 1553 incredulorum

2460 1567 2860 1651 corporibus,
2906 1571 3202 1636 locorum
3239 1571 3472 1655 spatiis
3506 1571 3738 1655 procul
3780 1593 3925 1638 esse
3965 1572 4249 1652 dissitos,
4295 1571 4414 1639 sed

2463 1676 2505 1719 a
2544 1653 2815 1738 pollutis
2859 1674 3088 1721 eorum
3130 1659 3333 1723 sacris
3375 1657 3572 1742 longe
3616 1658 3972 1742 diremptos
4021 1680 4165 1725 esse
4208 1658 4409 1724 iubet.

2463 1738 2659 1820 Quod
2679 1761 2839 1805 vero
2870 1741 3229 1824 prophetae
3250 1743 3488 1823 verbis,
3525 1744 3664 1809 sive
3687 1743 3768 1809 de
3798 1764 3936 1822 sue,
3970 1746 4111 1809 sive
4146 1744 4412 1810 aliunde

2463 1827 2751 1890 attexuit
2791 1826 3074 1907 Paulus,
3135 1828 3308 1912 quod
3360 1839 3502 1893 tum
3543 1830 3630 1895 sit
3668 1836 4054 1913 recepturus
4105 1852 4229 1895 nos
4274 1831 4411 1896 Do-

2461 1912 2711 1989 minus,
2758 1922 2824 1975 et
2865 1922 3119 1994 patrem
3165 1915 3353 1980 nobis
3399 1923 3880 1998 praestaturus,
3934 1937 4181 1999 nosque
4222 1916 4410 2000 agni-

2463 2008 2652 2062 turus
2709 1996 2781 2061 in
2832 1997 3003 2064 filios
3047 2009 3113 2063 et
3154 2000 3324 2066 filias
3341 2052 3356 2078 ,
3400 2000 3595 2065 valde
3638 2001 3992 2085 percellere
4036 2022 4156 2066 nos
4197 1999 4410 2080 debet,

2461 2103 2547 2148 ne
2591 2083 2667 2159 si,
2706 2094 2936 2149 contra
2977 2106 3175 2167 qua-m
3199 2087 3532 2169 praecipit,
3578 2085 4067 2152 immundorum
4100 2095 4410 2154 attrecta-

2462 2169 2641 2234 tione
2682 2188 2819 2233 non
2861 2190 3132 2251 prorsus
3174 2171 3717 2251 abstinuerimus,
3762 2173 3954 2240 abiioi
3995 2173 4079 2239 ab
4120 2174 4262 2257 ipso
4304 2194 4409 2239 re-

2458 2253 2843 2337 pudiarique
2898 2277 3284 2322 mereamur.
3375 2258 3676 2323 Proximi
3731 2259 4156 2324 offensionem
4207 2280 4411 2341 quum

2459 2339 2624 2405 alias
2685 2359 2881 2424 saepe
2894 2393 2912 2420 ,
2973 2350 3119 2407 tum
3171 2344 3245 2408 in
3297 2345 3515 2427 priore
3567 2342 3652 2409 ad
3707 2343 4086 2409 Corinthios
4135 2345 4410 2427 epistola

2458 2425 2719 2490 abunde
2767 2434 3039 2506 tractat,
3115 2428 3198 2494 ad
3246 2429 3425 2494 hunc
3471 2428 3738 2494 modum
3787 2434 3852 2515 (1
3896 2428 4045 2495 Cor.
4084 2435 4142 2507 8,
4188 2434 4216 2493 l
4258 2434 4404 2512 ss.):

2456 2512 2564 2576 De
2606 2512 2819 2594 epulis
2861 2534 3029 2596 quae
3053 2513 3261 2581 ‚idolis
3293 2514 3738 2593 immolantur,
3784 2516 4027 2581 scimus
4061 2514 4235 2599 quod
4268 2515 4408 2581 ido-

2456 2596 2598 2662 lum
2638 2598 2810 2663 nihil
2853 2608 2981 2676 est,
3036 2608 3106 2664 et
3158 2600 3329 2683 quod
3383 2600 3605 2665 nullus
3649 2609 3752 2665 est
3791 2601 3923 2666 nisi
3970 2622 4146 2666 unus
4188 2601 4402 2666 Deus:

2456 2704 2615 2748 nam
2658 2686 2921 2750 tametsi
2963 2685 3158 2750 multi
3199 2688 3656 2761 nominantur,
3710 2687 3851 2751 sive
3893 2687 3965 2750 in
4007 2687 4213 2763 coelo,
4268 2688 4407 2752 sive

2456 2769 2530 2833 in
2572 2775 2778 2845 terra,
2827 2769 2945 2849 dii,
2990 2770 3177 2837 nobis
3220 2780 3439 2837 tamen
3484 2794 3660 2838 unus
3704 2771 3888 2838 Deus
3941 2778 4087 2852 [pag.
4131 2776 4235 2851 15]
4290 2794 4406 2855 pa-

2457 2866 2577 2931 ter,
2623 2876 2708 2920 ex
2751 2876 2878 2938 quo
2922 2858 3160 2935 omnia,
3208 2870 3274 2922 et
3308 2878 3430 2922 nos
3473 2858 3541 2923 in
3584 2857 3726 2923 illo:
3773 2865 3841 2923 et
3872 2879 4045 2923 unus
4078 2856 4407 2925 Dominus

2454 2940 2645 3007 Iesus
2683 2940 3010 3022 Christus,
3055 2963 3176 3027 per
3209 2963 3403 3027 quem
3446 2945 3686 3024 omnia,
3733 2952 3802 3009 et
3843 2964 3964 3010 nos
4007 2964 4125 3028 per
4160 2946 4401 3027 ipsum:

2455 3027 2572 3093 sed
2614 3048 2745 3093 non
2789 3035 2893 3094 est
2933 3030 3005 3092 in
3047 3030 3350 3096 omnibus
3393 3031 3685 3096 scientia.
3750 3030 3882 3096 Hic
3926 3031 4127 3096 etiam
4161 3029 4243 3094 ab
4286 3051 4404 3095 an-

2456 3113 2835 3197 ticipatione
2870 3114 3232 3193 exorditur,
3269 3136 3401 3199 qua
3424 3137 3535 3181 eos
3557 3117 3670 3200 qui
3704 3116 4033 3182 interioris
4068 3117 4407 3183 conscien-

2454 3200 2586 3265 tiae
2605 3201 3055 3266 innocentiam
3089 3200 3502 3266 obtendendo
3536 3202 3947 3282 cavillantur,
3983 3201 4225 3267 talibus
4248 3202 4406 3268 sub-

2454 3286 2757 3369 terfugiis
2802 3286 3132 3362 exclusos,
3179 3288 3262 3351 ad
3305 3287 3651 3353 hominum
3694 3288 4068 3371 opinionem
4111 3297 4401 3356 revocat:

2496 3390 2618 3435 uos
2657 3371 2981 3437 factorum
3022 3393 3293 3438 suorum
3335 3381 3539 3438 testes
3583 3372 3744 3438 dum
3788 3371 4129 3452 adhibent,
4174 3372 4258 3436 ad
4294 3393 4404 3437 ea-

2499 3476 2605 3521 em
2658 3454 2961 3522 audenda
3010 3477 3195 3523 exem
3246 3457 3311 3523 lo
3353 3478 3473 3524 suo
3513 3459 3824 3524 invitant.
3911 3458 4182 3524 Audent
4221 3478 4400 3540 vero,

2451 3562 2590 3607 non
2623 3543 2776 3624 quia
2809 3541 3007 3608 licere
3039 3543 3181 3610 inte
3236 3544 3433 3628 'gant,
3480 3543 3597 3609 sed
3630 3542 3803 3627 quod
3841 3551 4137 3609 autorem
4171 3541 4403 3609 vident

2452 3649 2651 3712 quem
2692 3627 3059 3694 imitentur:
3106 3631 3368 3695 tametsi
3401 3650 3487 3695 ex
3523 3628 3801 3696 adverso
3841 3629 4222 3706 haesitante,
4265 3629 4401 3694 imo

2453 3713 2855 3780 reclamante
2897 3715 3333 3781 conscientiae
3373 3714 3631 3780 iudici0.
3696 3717 3798 3780 Ac
3839 3712 4012 3792 vide,
4057 3735 4255 3796 quam
4297 3734 4400 3779 se-

2453 3819 2610 3865 vere
2653 3799 2777 3865 hac
2819 3821 2955 3865 una
2993 3802 3378 3884 exceptione
3418 3822 3645 3866 omnes
3686 3798 4164 3884 tergiversandi
4206 3819 4400 3866 ansas

2453 3885 2896 3952 circumcidat.
2983 3884 3405 3962 Idololatriae
3472 3887 3754 3970 speciem
3807 3884 4136 3968 quandam
4191 3891 4261 3948 et
4311 3886 4400 3950 si·
4437 3967 4438 3970 Ἴ

2450 3971 2879 4036 mulationem
2935 3971 3217 4038 habebat
3268 3973 3381 4038 ille
3438 3972 3522 4037 ad
3576 3992 3834 4037 sacrum
3875 3969 4201 4036 idolorum
4242 3991 4400 4054 epu-

2451 4057 2596 4122 lum
2637 4058 2990 4124 accubitus.
3081 4057 3574 4125 Accumbcbant
3625 4056 4056 4122 nihilominus
4100 4077 4185 4122 ex
4239 4056 4401 4122 fide·

2447 4142 2622 4209 libus
2665 4141 2948 4226 quidam,
2995 4143 3119 4211 hoc
3157 4151 3523 4228 praetextu,
3567 4141 3744 4226 quod
3785 4162 3987 4225 puras
4029 4148 4098 4208 et
4139 4151 4399 4208 sanetas

2449 4229 2580 4296 Dei
2624 4236 2960 4296 creaturas
3015 4228 3314 4310 ederent,
3375 4250 3541 4312 quae
3584 4229 3785 4294 etiam
3826 4229 3883 4293 si
3926 4227 4164 4294 millies
4206 4227 4397 4293 idolis

2449 4323 2672 4381 essent
2712 4323 3146 4395 consecratae,
3191 4316 3622 4382 contaminari
3656 4322 3883 4379 tamen
3918 4313 4235 4398 sacrilega
4268 4313 4396 4378 hu-

2446 4400 2728 4467 iusmodi
2784 4401 3274 4467 consecratione
3331 4421 3464 4465 non
3518 4407 3814 4484 possent:
3874 4398 4398 4483 quandoquidem

2446 4486 2618 4552 nihil
2662 4487 2752 4551 sit
2789 4485 3057 4565 idolum,
3101 4486 3228 4553 nisi
3263 4506 3513 4552 vanum
3541 4485 3950 4556 indoctorum
3984 4486 4393 4569 figmentum.

2444 4572 2740 4637 Futilem
2785 4573 2963 4639 huno
3004 4580 3424 4658 praetextum
3467 4593 3596 4655 quo
3634 4571 3769 4637 illis
3810 4570 4001 4636 tollat
4041 4570 4393 4654 apostolus,

2443 4658 2628 4723 illam
2672 4658 2951 4722 nimium
2994 4664 3334 4725 versutam
3376 4656 3812 4740 prudentiam,
3855 4677 3986 4741 qua
4020 4656 4394 4739 praeteritis

2443 4743 2890 4828 neglectisque
2919 4743 3237 4809 fratribus
3270 4742 3397 4809 sibi
3427 4743 3752 4809 duntaxat
3793 4750 4117 4828 saperent,
4165 4742 4395 4809 acerbe

2445 4831 2738 4914 castigat.
2829 4827 3154 4906 Scientia,
3211 4829 3455 4912 inquit,
3509 4830 3728 4908 inflat,
3784 4830 4022 4895 caritas
4075 4827 4390 4894 aedificat.

2445 4915 2524 4983 Si
2580 4916 2726 4999 quis
2777 4925 2998 4981 autem
3055 4914 3389 4981 existimat
3430 4936 3502 4981 se
3545 4916 3710 4982 scire
3765 4911 4011 4999 aliquid
4024 4963 4039 4990 ,
4100 4913 4393 4979 nondum

2584 5189 2644 5258 1)
2685 5188 3170 5245 Badrecan‘u&
3204 5205 3243 5244 a
3277 5186 3438 5244 1552:
3473 5190 3622 5245 dixit.
