4984 5975
630 315 756 378 283

627 499 905 576 familia,
963 505 1029 561 et
1076 516 1344 561 mensae
1398 493 1748 579 elegantia,
1818 502 1888 560 et
1952 516 2145 561 omne
2200 494 2584 562 deliciarum

627 583 1282 671 magnificentiusque
1338 601 1548 664 genus
1604 581 1992 647 continetur.
2069 584 2164 647 At
2207 582 2387 646 enim
2430 582 2584 646 uni-

626 691 888 739 vemam
930 670 1207 733 istarum
1259 665 1661 748 ineptiarum
1717 668 2082 735 vanitatem
2135 668 2455 749 tantisper
2499 688 2582 733 ex

627 758 831 822 animi
871 753 1117 820 intuitu
1162 772 1424 818 semove
1442 803 1458 831 ,
1510 752 1673 819 dum
1714 774 1942 819 veram
1991 753 2282 819 muneris
2339 754 2438 818 tui
2472 774 2581 818 ra-

626 844 871 908 tionem
903 861 1169 906 mecum
1210 860 1247 903 e
1290 839 1490 904 verbo
1532 839 1663 904 Dei
1707 859 2145 923 recognoscas.
2212 839 2580 922 Episcopus

624 935 885 995 oreatus
929 948 1016 991 es.
1107 925 1324 989 Instat
1381 925 1501 991 tibi
1558 926 1714 990 mox'
1757 946 1878 991 sua
1919 925 2376 990 exhortatione
2419 945 2581 1007 apo-

624 1013 832 1081 stolus
876 1011 1154 1077 Paulus:
1211 1009 1742 1092 prospiciendum
1785 1032 1929 1098 esse
1971 1009 2121 1089 tibi,
2180 1010 2355 1094 quod
2398 1030 2580 1077 acce-

623 1100 800 1185 peris
843 1100 914 1163 in
950 1097 1237 1162 Domino
1278 1096 1742 1175 ministerium,
1778 1105 1857 1162 ut
1890 1096 2056 1162 illud
2089 1096 2369 1179 impleas
2402 1094 2576 1181 (001.

625 1191 687 1264 4,
731 1186 858 1265 17).
936 1183 1295 1249 Ministerii
1348 1202 1590 1248 nomen
1633 1204 1837 1264 quum
1880 1182 2096 1262 audis,
2153 1191 2221 1248 et
2261 1182 2579 1248 constitu-

624 1278 770 1337 tum
810 1278 877 1335 te
920 1269 1070 1334 aliis
1113 1266 1489 1347 debitorem,
1535 1288 1747 1350 neque
1790 1280 1903 1333 tuo
1946 1276 2014 1334 te
2056 1267 2415 1351 commodo,
2463 1266 2580 1333 sed

624 1358 695 1422 in
737 1378 880 1421 rem
923 1375 1248 1437 usumque
1286 1354 1564 1421 aliorum
1607 1354 1989 1437 episcopum
2031 1375 2174 1420 esse
2218 1362 2576 1420 succurrat.

623 1442 1077 1508 Ministerium
1130 1448 1349 1505 autem
1414 1440 1631 1522 ipsum
1694 1440 1888 1522 quale
1953 1441 2068 1518 sit,
2129 1447 2203 1504 ut
2247 1461 2381 1505 non
2436 1439 2579 1505 sine

624 1548 821 1593 causa
862 1526 1087 1592 videre
1129 1525 1326 1604 iubet,
1372 1526 1464 1590 ita
1506 1525 1879 1609 diligenterx
1896 1527 1970 1591 in
2005 1525 2173 1615 hanc
2208 1546 2435 1591 curam
2479 1532 2582 1590 est

622 1612 1152 1680 incumbendum.
1216 1612 1392 1677 Nam
1435 1631 1650 1695 neque
1690 1610 2057 1693 pascendae
2079 1610 2331 1677 Christi
2372 1610 2577 1677 eccle-

622 1701 759 1765 siae
800 1699 1206 1781 praefectum
1248 1719 1408 1775 esse,
1456 1719 1559 1763 res
1604 1704 1706 1763 est
1738 1698 1854 1763 vul
1979 1698 1992 1711 ‘
2067 1697 2410 1764 momenti:
2455 1718 2579 1762 nec

626 1785 793 1851 levis
847 1804 1087 1867 operae
1145 1783 1484 1866 negotium
1501 1835 1516 1860 ‚
1576 1783 1981 1849 functionem
2022 1785 2238 1867 ipsam
2291 1783 2579 1848 fideliter

625 1889 956 1936 exercere:
1003 1890 1215 1951 neque
1250 1869 1427 1935 mala
1449 1867 1577 1935 fide
1612 1867 2089 1947 administrare,
2120 1873 2265 1949 [pag.
2291 1873 2398 1948 49]
2437 1889 2577 1934 me-

624 1956 845 2022 diocre
864 2008 881 2034 ,
942 1954 1280 2038 facilisque
1332 1955 1564 2020 veniae
1618 1954 1945 2021 delictum.
2025 1954 2209 2036 Quos
2267 1954 2579 2021 ecclesiae

624 2064 784 2108 suae
837 2050 1133 2126 pastores
1186 2040 1515 2106 Dominus
1568 2041 1895 2124 praeficit,
1956 2060 2067 2106 eos
2123 2062 2195 2106 se
2237 2042 2309 2105 in
2351 2040 2578 2124 populi

624 2130 727 2192 sui
784 2127 1067 2192 tutelam
1119 2133 1187 2190 et
1237 2125 1537 2191 custodes
1602 2145 1929 2208 apponere
1945 2178 1962 2204 ,
2020 2134 2088 2192 et
2139 2126 2578 2209 speculatores

623 2213 943 2283 collocare
975 2219 1255 2277 testatur
1289 2212 1407 2295 (Is.
1446 2215 1548 2290 62,
1588 2216 1625 2276 6
1639 2234 1656 2291 ;
1691 2211 1944 2277 Iezech.
1986 2216 2044 2290 3,
2089 2213 2217 2296 17).
2283 2213 2576 2278 'I'antum

623 2298 929 2383 ponderis
973 2297 1079 2364 vel
1121 2297 1227 2362 his
1266 2296 1523 2363 duobus
1565 2298 1784 2363 verbis
1827 2296 2079 2376 subest,
2125 2306 2447 2381 quantum
2490 2297 2576 2365 ad

623 2383 972 2469 erigendas
1038 2384 1332 2449 omnium
1404 2388 1660 2449 mentes
1730 2384 1889 2450 satis
1958 2403 2100 2449 esse
2164 2382 2424 2462 debeat,
2491 2405 2576 2451 ne

620 2478 809 2536 tanta
850 2472 925 2534 in
964 2470 1418 2552 procuratione
1459 2469 1571 2537 vel
1611 2475 2009 2553 contemptu,
2053 2470 2163 2536 vel
2206 2470 2574 2548 securitate,

620 2556 731 2624 vel
787 2558 800 2570 '
939 2556 1080 2635 via,
1140 2555 1249 2621 vel
1299 2554 1705 2640 negligentia
1767 2562 2157 2639 torpescant.
2258 2556 2411 2622 Non
2466 2555 2577 2623 hic

620 2663 744 2727 ago
781 2576 1158 2707 {insomnis
1202 2639 1550 2725 dignitate:
1606 2642 1821 2724 operis
1870 2641 2073 2707 etiam
2124 2640 2368 2707 molem
2409 2662 2575 2707 non-

621 2728 781 2793 dum
826 2727 1109 2810 attingo:
1156 2726 1271 2792 sed
1315 2725 1395 2791 de
1437 2726 1585 2809 ipsa
1626 2726 1952 2793 duntaxat
1984 2727 2084 2791 rei
2118 2727 2577 2811 magnitudine

618 2813 864 2895 loquor,
909 2833 994 2877 ne
1038 2813 1279 2896 exigua
1314 2812 1917 2896 contemptibilique
1950 2814 2026 2877 in
2059 2812 2394 2896 provincia
2429 2833 2576 2877 ver-

622 2898 756 2964 sari
798 2918 869 2963 se
903 2905 1158 2982 putent,
1202 2897 1439 2980 quibus
1481 2906 1583 2962 est
1626 2897 1696 2961 id
1728 2898 2023 2963 muneris
2060 2917 2102 2962 a
2133 2898 2425 2963 Domino
2463 2897 2576 2964 de-

621 2981 1025 3050 mandatum.
1094 2981 1275 3048 Sunt
1314 2981 1546 3066 igitur,
1597 2983 1967 3067 quicunque
2022 2983 2330 3067 regendis
2372 2983 2579 3051 eccle-

624 3071 740 3136 siis
796 3074 1137 3151 praesunt,
1205 3066 1505 3133 custodes
1562 3068 1800 3153 populo
1852 3069 1982 3135 Dei
2036 3070 2380 3135 constituti
2393 3121 2408 3148 ,
2464 3070 2580 3153 qui

624 3156 767 3222 eius
806 3174 1033 3220 curam
1091 3161 1160 3218 et
1201 3152 1488 3219 habeant
1529 3162 1600 3219 et
1642 3161 1909 3238 gerant:
1970 3163 2129 3221 sunt
2172 3163 2238 3220 et
2279 3155 2574 3239 specula-

624 3248 817 3318 tores,
862 3240 974 3323 qui
1015 3239 1088 3304 in
1132 3239 1273 3305 eius
1316 3239 1602 3304 salutem
1643 3240 2018 3325 invigilent:
2062 3241 2400 3325 praeclara
2434 3262 2575 3306 om-

622 3327 784 3391 nino
836 3323 1348 3403 administratio,
1404 3322 1918 3409 dignissimaque
1976 3327 2060 3412 (si
2111 3348 2240 3410 qua
2278 3327 2406 3392 alia
2451 3328 2572 3394 sub

624 3412 802 3478 coelo
844 3411 1048 3496 digna
1084 3411 1213 3493 est)
1268 3411 1342 3475 in
1397 3432 1526 3494 qua
1568 3414 1755 3479 nervi
1800 3432 2027 3480 omnes
2071 3413 2571 3492 contendantur,

624 3505 764 3564 tota
812 3497 1067 3582 ingenii
1109 3497 1214 3562 vis
1267 3496 1660 3581 explicetur,
1718 3519 1946 3565 omnes
2000 3498 2277 3581 denique
2320 3506 2387 3564 et
2430 3500 2573 3566 ani-

621 3605 771 3650 mae
823 3591 892 3647 et
944 3584 1235 3667 corporis
1303 3591 1524 3666 partes
1589 3583 1930 3650 desudent.
2006 3583 2224 3650 Simul
2277 3585 2454 3650 enim
2509 3592 2577 3650 et

623 3671 958 3737 oeconomi
998 3669 1465 3754 intelliguntur
1505 3670 1580 3736 in
1622 3671 1890 3737 Domini
1933 3671 2182 3737 familia
2216 3671 2574 3750 constituti,

624 3765 691 3821 et
730 3757 803 3821 in
840 3754 1237 3821 moderando
1280 3755 1421 3822 eius
1463 3777 1668 3840 regno
1709 3756 1979 3841 quidam
2019 3756 2222 3822 veluti
2265 3776 2579 3839 procura-

623 3851 817 3908 tores.
883 3840 1119 3922 Qualis
1160 3861 1318 3907 vero
1361 3842 1774 3908 oeconomiae
1817 3841 2107 3926 species?
2174 3843 2327 3909 Non
2360 3842 2445 3910 ad
2478 3851 2580 3909 te-

623 3947 757 3994 nue
799 3945 958 3991 sane
1001 3925 1468 4011 sordidumque
1510 3925 1775 4010 aliquod
1816 3928 2258 3994 ministerium
2272 3980 2289 4006 ,
2335 3927 2451 3994 sed
2496 3927 2581 3995 ad

626 4012 1064 4095 dispensanda
1087 4012 1383 4078 coelestis
1408 4014 1767 4096 sapientiae
1803 4015 2120 4098 mysteria
2156 4014 2222 4099 (l
2239 4013 2387 4081 Gor.
2407 4020 2468 4094 4,
2491 4015 2582 4099 1),

626 4096 915 4180 adeoque
949 4096 1034 4162 ad
1057 4098 1272 4182 ipsam
1293 4100 1423 4165 Dei
1444 4099 1712 4166 domum
1730 4099 2289 4167 exaedificandam
2325 4107 2392 4166 et
2426 4122 2579 4167 cou-

626 4182 1030 4249 stituendam
1072 4184 1136 4267 (1
1177 4183 1324 4250 Cor.
1366 4189 1424 4264 3,
1469 4187 1577 4270 10)
1614 4184 2048 4252 destinantur.
2116 4184 2349 4268 Qualis
2389 4187 2580 4274 regni

623 4268 1041 4354 procuratio?
1099 4269 1253 4336 Non
1316 4291 1395 4337 ea
1458 4281 1637 4338 certe
1698 4291 1866 4354 quae
1921 4272 2163 4357 exigua
2226 4272 2443 4357 aliqua
2506 4273 2578 4340 in

623 4364 813 4438 parte
871 4362 986 4420 aut
1037 4354 1337 4421 leviculis
1381 4355 1854 4435 functionibus,
1910 4356 2026 4424 sed
2068 4378 2233 4441 quae
2276 4359 2349 4423 in
2390 4380 2598 4425 exse-¹

624 4440 834 4508 renda
876 4440 1365 4524 exercendaque
1407 4442 1494 4508 ad
1525 4441 1821 4508 fidelium
1844 4442 2124 4509 sdutem
2152 4445 2424 4510 Domini
2458 4465 2578 4527 po·

625 4526 837 4592 tentia
873 4533 1196 4592 versetur.
1261 4525 1489 4607 Quare
1532 4534 1602 4594 et
1643 4528 1743 4594 sal
1786 4537 2033 4608 terrae,
2078 4538 2147 4596 et
2188 4530 2307 4595 lux
2350 4529 2580 4598 mundi

776 4612 896 4676 tth.
937 4616 994 4691 5,
1038 4615 1176 4697 13),
1242 4618 1312 4678 et
1354 4614 1574 4697 angeli
1621 4615 1748 4680 Dei
1789 4615 1978 4698 (Mal.
2018 4620 2076 4694 2,
2119 4618 2218 4699 7),
2264 4626 2331 4682 et
2370 4616 2579 4699 ipsius

696 4698 901 4762 omini
924 4699 1280 4780 cooperarii
1327 4699 1387 4782 (l
1420 4699 1569 4765 Gor.
1612 4704 1669 4779 3,
1708 4703 1747 4763 9
1822 4710 2165 4781 vocantur,
2210 4703 2579 4786 quicunque

629 4782 904 4849 docendi
934 4803 1288 4865 personam
1320 4785 1393 4849 in
1427 4785 1699 4853 ecclesia
1828 4788 1999 4852 mini
2033 4788 2389 4854 sustinent:
2433 4788 2581 4870 ipsa

630 4877 851 4935 autem
905 4868 1332 4952 praedicatio,
1390 4879 1460 4936 et
1512 4873 1726 4938 virtus
1769 4875 1900 4939 Dei
1958 4874 2030 4937 in
2073 4874 2357 4939 salutem
2400 4874 2581 4938 omni

629 4953 920 5020 credenti
967 4954 1187 5040 (Rom.
1234 4960 1286 5035 1,
1330 4959 1459 5039 16),
1507 4966 1574 5022 et
1616 4979 1898 5043 regnum
1917 4959 2049 5024 Dei
2087 4960 2355 5041 (Matth.
2378 4966 2438 5038 4,
2472 4961 2579 5042 17)

630 5048 1068 5124 nuncupatur.
1161 5041 1346 5108 Haec
1403 5065 1438 5109 e
1611 5045 1989 5128 provinciae
2040 5043 2429 5129 magnitudo
2443 5096 2460 5124 ,
2521 5044 2580 5109 si

630 5126 1047 5194 oscitantiam
1091 5148 1354 5194 omnem
1396 5137 1702 5195 excutere
1756 5130 1878 5196 tibi
1922 5128 2117 5196 debet
2131 5182 2148 5208 ,
2194 5130 2306 5197 ubi
2350 5129 2433 5196 ad
2476 5129 2579 5212 ip·

631 5233 774 5279 sam
830 5214 1043 5296 operis
1107 5212 1349 5280 molem
1414 5216 1712 5279 animum
1776 5218 2179 5281 converteris
2196 5267 2211 5294 ,
2278 5215 2578 5283 enarrari

2340 302 2808 375 EPISTOLA
2848 305 2939 373 Π.

4516 306 4641 373 284

2687 514 2822 560 non
2862 499 3096 576 potest,
3149 502 3394 576 quanto
3437 491 3651 559 studio
3694 492 3967 561 excitari
4010 500 4074 558 te
4117 493 4642 577 inflammariquo

2687 589 3014 663 oporteat,
3072 599 3160 645 ne
3202 579 3360 662 quid
3401 580 3472 645 in
3514 576 3831 645 obeundis
3873 579 4014 645 eius
4068 578 4312 645 muniis
4357 577 4642 665 diligen-

2685 666 2820 733 tiae
2872 664 3200 748 reliquum
3254 666 3471 732 facias.
3550 664 3704 730 Non
3766 665 3946 731 enim
4002 685 4079 729 ea
4121 674 4248 743 est,
4317 685 4483 746 quae
4526 673 4645 732 aut

2684 758 2946 833 torpere
3001 751 3336 817 hominem
3386 773 3462 817 ac
3508 749 3803 816 desidere
3845 752 4020 815 sinat
4035 801 4051 829 ,
4104 750 4291 817 cuius
4345 750 4643 820 humeris

2685 837 3084 915 incubuerit,
3131 844 3247 903 aut
3292 837 3426 901 levi
3480 837 4050 919 perfunctoriaque
4092 856 4291 919 opera
4334 844 4644 905 contenta

2685 922 2787 987 sit.
2877 923 2960 988 In
3003 923 3429 1005 praefecturis
3473 919 3735 1005 quidem
3778 930 3846 987 et
3888 923 4220 1005 satrapiis,
4268 922 4504 1006 quibus
4544 924 4643 991 fia-

2683 1008 2975 1075 miliares
3024 1029 3177 1074 suos
3227 1029 3419 1092 reges
3462 1007 3816 1088 honorant,
3873 1009 4146 1073 otiosam
4188 1010 4451 1093 saepius
4495 1008 4644 1094 dig-

2684 1094 2967 1160 nitatem
3009 1100 3307 1176 spectare
3349 1094 3527 1159 licet:
3591 1101 3660 1157 at
3701 1115 3861 1177 quos
3902 1092 4231 1161 Dominus
4276 1093 4360 1158 ad
4404 1116 4642 1180 mgen-

2685 1179 2838 1247 dam
2880 1179 3222 1249 ecclesiam
3265 1200 3453 1245 suam
3483 1187 3691 1258 vocat,
3738 1180 3819 1245 iis
3859 1178 4493 1246 administrationem
4527 1181 4640 1248 de·

2683 1265 2982 1345 mandat,¹
3034 1267 3309 1350 negotii,
3366 1286 3589 1342 curae,
3650 1263 4102 1331 sollicitudinis
4155 1265 4450 1348 plenam:
4511 1269 4641 1335 nisi

2684 1372 2844 1417 vero
2894 1351 3040 1418 ideo
3092 1351 3351 1418 facilem
3392 1371 3535 1417 esse
3590 1351 3985 1428 iudicamus,
4030 1352 4184 1433 quia
4226 1352 4641 1435 paucissimis

2683 1438 2904 1504 verbis
2947 1437 3123 1521 apud
3165 1437 3559 1520 prophetam
3598 1439 4094 1521 perstringitur:
4152 1438 4265 1503 ubi
4309 1436 4643 1507 Dominus

2682 1523 2869 1589 iubet
2921 1523 3131 1606 accipi
3183 1522 3266 1587 ab
3309 1544 3420 1588 ore
3467 1544 3585 1589 suo
3631 1521 3910 1589 verbum
3926 1574 3941 1600 ,
3987 1527 4135 1602 [pag.
4177 1528 4282 1603 50]
4329 1531 4397 1589 et
4439 1546 4526 1591 ex
4569 1547 4640 1594 se

2681 1609 2924 1708 populo
2979 1609 3378 1675 adnunciari.
3484 1607 3620 1707 Sed
3673 1610 3826 1675 huic
3880 1629 4242 1709 paucorum
4285 1610 4640 1679 verborum

2682 1694 4025 1878 fflssestffi‘tffmffltffltts
4039 1695 4638 1851 ῗὲἑῗῒοῈωἬῖ

2684 1888 2785 1934 cio
2841 1888 2960 1935 suo
3014 1865 3410 1950 respondere
3466 1875 3742 1933 testatus
3801 1866 3993 1951 (Luc.
4052 1870 4147 1945 12,
4185 1867 4332 1951 42),
4389 1869 4500 1952 qui
4566 1870 4638 1935 in

2679 1951 3016 2019 mddenda
3067 1953 3545 2035 procurationis
3597 1954 3849 2019 ratione
3863 2004 3877 2031 ,
3935 1953 4096 2017 duas
4150 1974 4286 2018 non
4329 1953 4637 2038 vulgares

2681 2038 2984 2116 virtutes,
3027 2036 3226 2105 fidem
3263 2059 3339 2104 ac
3384 2038 3798 2123 diligentiam
3842 2038 4206 2122 approbare
4250 2041 4517 2122 possint.

2855 2125 3215 2189 Enimvero
3275 2124 3384 2188 hic
3435 2124 3778 2207 plerosque
3847 2122 4146 2190 videmus
4218 2124 4635 2206 hallucinari,

2677 2211 2790 2292 qui
2828 2210 2989 2275 dum
3024 2209 3467 2277 adnunciandi
3514 2209 3698 2276 verbi
3732 2232 3972 2279 munus
4007 2209 4134 2276 sibi
4167 2209 4637 2281 demandatam

2678 2296 2973 2375 audiunt,
3007 2295 3344 2379 praeclare
3379 2316 3448 2360 se
3476 2295 3815 2365 defunctos
3847 2303 4105 2379 putant,
4130 2296 4188 2361 si
4210 2297 4636 2380 qualemcun-

2676 2402 2803 2465 que
2830 2382 3072 2466 populo
3103 2380 3286 2449 verbi
3311 2390 3583 2466 gustum
3611 2381 4059 2466 praebuerint:
4102 2382 4378 2449 minime
4415 2392 4640 2453 autem

2680 2467 3243 2547 animadvertunt,
3301 2476 3417 2533 aut
3468 2468 3660 2552 quale
3717 2465 4102 2535 adnunciari
4155 2467 4437 2535 verbum
4482 2469 4640 2539 velit

2677 2554 3039 2633 Dominus,
3090 2562 3207 2619 aut
3260 2575 3459 2637 quam
3514 2552 3955 2621 adnunciandi
3998 2554 4323 2620 rationem
4367 2562 4634 2623 statuat.

2679 2639 2888 2722 Atqui
2930 2660 3062 2704 non
3118 2640 3433 2723 exiguum
3474 2638 3786 2722 quiddam
3829 2640 3911 2705 ab
3956 2639 4264 2707 ecclesiae
4306 2662 4469 2707 suae
4511 2642 4637 2709 mi-

2679 2726 2908 2790 nistris
2944 2725 3224 2808 requirit
3258 2726 3618 2804 Dominus,
3668 2747 3870 2809 quum
3907 2747 4019 2791 eos
4065 2726 4225 2791 dicit
4260 2726 4379 2808 (Is.
4421 2733 4524 2806 62,
4567 2732 4636 2811 6)

2679 2832 2750 2876 se
2771 2811 3063 2893 posuisse
3092 2809 3414 2889 custodes,
3460 2813 3571 2894 qui
3606 2833 3728 2877 nec
3760 2811 3864 2877 die
3899 2833 4022 2879 nec
4064 2822 4254 2879 nocte
4276 2813 4636 2896 quiescant,

2679 2896 2840 2979 quin
2863 2903 3184 2978 perpetuo
3211 2897 3536 2963 excubent
3564 2896 3649 2963 ad
3671 2918 3816 2964 eam
3839 2897 4325 2983 protegendam.
4373 2898 4637 2969 Deinde

2680 2980 2905 3066 quales
2946 2982 3124 3067 ipsos
3167 3004 3363 3067 agere
3398 2984 3707 3050 excubias
3742 2982 3931 3063 velit,
3977 3006 4096 3068 per
4146 2983 4430 3051 alterum
4474 3008 4638 3070 quo-

2680 3089 2805 3151 que
2854 3068 3245 3152 prophetam
3287 3069 3438 3153 (Ea.
3473 3073 3574 3149 33,
3622 3074 3691 3154 7)
3736 3067 4058 3137 declarat:
4100 3090 4359 3154 nempe,
4404 3079 4480 3138 ut
4523 3095 4640 3157 po-

2677 3154 2832 3237 pulo
2858 3155 3148 3238 quietem
3182 3165 3420 3239 agente
3445 3156 3571 3240 ipsi
3619 3155 3809 3239 quasi
3843 3177 3881 3221 e
3916 3156 4182 3239 specula
4215 3157 4475 3225 eminus
4512 3160 4638 3226 cir-

2681 3240 3138 3323 cumspiciant,
3205 3262 3290 3306 ne
3346 3262 3476 3324 qua
3530 3242 3889 3325 improvisa
3938 3242 4276 3312 calamitas
4331 3245 4638 3314 incautos

2679 3325 4640 3497 ἓξῖῗῗέἕξ,Ξῗθὲἳᾚωέἰὲἷῖᾞθῗὲἳέῗιὲἓέ’ἑξὲᾚ

2679 3520 2794 3564 cus
2834 3519 2910 3564 ac
2952 3519 3181 3566 omnes
3225 3498 3535 3566 ecclesiae
3569 3499 3771 3568 oculi:
3810 3520 4036 3566 eorum
4070 3521 4219 3580 vox,
4264 3522 4395 3567 non
4440 3501 4636 3571 aliter

2679 3592 2873 3667 atque
2907 3584 3177 3668 clangor
3199 3583 3411 3662 tubae,
3451 3586 3523 3649 in
3548 3585 3735 3652 cuius
3761 3586 4025 3669 signum
4057 3587 4315 3654 intenta
4349 3588 4437 3654 sit
4471 3589 4639 3656 civi-

2680 3676 2781 3737 tas
2817 3670 3140 3736 universa.
3210 3668 3607 3753 Quanquam
3648 3692 3733 3738 ne
3775 3671 3882 3738 his
3916 3670 4180 3756 quidem
4221 3672 4442 3741 adhue
4484 3675 4640 3744 fini·

2682 3757 2805 3824 bus
2849 3762 2989 3821 tota
3029 3756 3318 3839 episcopi
3349 3757 3601 3824 functio
3643 3757 4034 3837 continetur,
4072 3757 4188 3824 sed
4230 3779 4458 3827 omnes
4493 3761 4639 3830 eius

2681 3850 2901 3925 partes
2944 3840 3150 3908 semel
3191 3841 3571 3933 complexus
3614 3850 3717 3910 est
3757 3844 4118 3923 Dominus,
4163 3842 4279 3910 ubi
4298 3845 4641 3929 ‚pascendi

2683 3926 2883 3994 verbo
2911 3927 3295 4012 designavit,
3320 3949 3522 4012 quum
3541 3929 3816 3996 Petrum
3851 3929 4198 4011 pascendis
4231 3931 4368 3998 suis
4403 3932 4641 4000 ovibus

2682 4014 3068 4097 praeficeret
3119 4014 3379 4096 (Ioann.
3428 4019 3539 4092 21,
3597 4013 3723 4098 lb).
3800 4015 3977 4080 Nam
4033 4022 4108 4080 ut
4159 4015 4515 4084 Platonem
4569 4027 4639 4086 et

2684 4100 3051 4168 Homerum
3093 4099 3470 4166 omittamus
3505 4102 3650 4185 (qui
3681 4100 4001 4186 plurimas
4045 4102 4222 4186 regis
4266 4101 4453 4169 dotes
4498 4126 4642 4171 me-

2684 4184 2812 4250 lius
2848 4185 3217 4268 exprimere
3252 4206 3388 4251 non
3421 4195 3721 4269 possunt,
3757 4206 3958 4269 quam
3992 4184 4153 4254 dum
4185 4196 4441 4269 ποιμένα
4476 4192 4644 4255 λαῶν

2682 4272 2950 4356 vocant)
2996 4291 3219 4338 sacrae
3262 4271 3512 4352 literae,
3558 4271 3717 4338 dum
3747 4293 4014 4340 omnem
4046 4272 4333 4356 pietatis,
4370 4278 4644 4355 amoris,

2683 4357 3026 4426 suavitatis
3042 4409 3058 4434 ,
3115 4357 3572 4426 sollicitudinis
3626 4359 3934 4424 affectum
3988 4359 4328 4442 complecti
4384 4361 4641 4443 volunt,

2679 4444 2958 4527 pastoris
3011 4445 3277 4510 nomine
3328 4444 3490 4510 haec
3540 4444 3762 4510 omnia
3813 4444 4012 4512 simul
4054 4447 4438 4514 enunciant:
4484 4447 4648 4532 plus

2682 4529 2912 4612 utique
2955 4529 3198 4612 aliquid
3235 4531 3288 4596 si
3389 4529 3401 4544 ‘
3454 4538 3695 4609 cantes,
3734 4550 3930 4612 quam
3977 4531 4032 4596 si
4067 4530 4180 4598 vel
4213 4539 4489 4615 patrem,
4527 4534 4650 4602 vel

2683 4614 3072 4697 praesidem,
3134 4617 3238 4683 vel
3332 4636 3522 4682 ucem
3535 4667 3551 4694 ,
3597 4615 3708 4681 vel
3763 4615 4098 4684 custodem
4139 4616 4446 4686 dicerent.
4525 4616 4653 4688 Si-

2683 4699 2946 4784 quidem
2987 4709 3213 4784 pastor
3245 4708 3315 4767 et
3357 4699 3734 4780 deducendi,
3776 4708 3845 4766 et
3885 4701 4177 4786 regendi,
4219 4711 4286 4770 et
4326 4705 4654 4772 servandi

2683 4807 2815 4853 non
2851 4786 3063 4852 solum
3086 4808 3316 4854 euram
3345 4786 3547 4870 gerit,
3581 4788 3696 4854 sed
3719 4785 4419 4870 quodammodoetiam
4440 4799 4653 4873 pater

2684 4881 2799 4938 est.
2857 4873 3086 4955 Neque
3125 4879 3369 4938 temere
3403 4874 3677 4956 reperiri
3698 4873 3905 4957 possit
3935 4874 4007 4939 in
4028 4874 4240 4958 patris
4270 4875 4650 4946 visceribus

2684 4966 2909 5025 tantus
2930 4958 3170 5023 amoris
3194 4956 3404 5036 ardor,
3429 4967 3753 5040 quantum
3770 4960 4099 5026 Dominus
4131 4971 4352 5028 noster
4385 4965 4652 5047 pastori
4741 4955 4752 4963 ⁵

2683 5044 2945 5122 tribuit,
3003 5063 3208 5140 quum
3261 5041 3504 5112 bonum
3558 5055 3890 5128 pastorem
3945 5043 4104 5112 dicit
4159 5048 4449 5114 animam
4513 5069 4654 5134 pro

2681 5129 2912 5196 ovibus
2946 5147 3082 5194 ems
3116 5149 3357 5211 ponere
3393 5130 3648 5215 (Ioann.
3699 5138 3793 5210 10,
3843 5131 3968 5215 11).
4026 5132 4264 5215 Itaque
4295 5133 4442 5217 ipse
4474 5158 4653 5220 quo-

2683 5234 2808 5298 que
2851 5214 3037 5283 cuius
3080 5216 3399 5299 sanguine
3442 5219 3785 5301 pascimur,
3832 5218 4108 5301 pastoris
4157 5220 4355 5287 titulo
4401 5241 4441 5286 a
4485 5244 4654 5310 pro-
