4984 5975
2049 361 2788 430 PROLEGOMENA.
4139 339 4435 431 'van

2075 843 2484 930 CAPUT
2545 845 2798 930 VHL·

1772 1022 2707 1121 EPINICION.
2802 1013 3093 1114 1541.

733 1223 1020 1292 Carmen
1064 1225 1187 1293 hoc
1233 1226 1614 1312 elegiacum,
1660 1225 1919 1293 Christi
1961 1226 2238 1312 gloriam
2282 1226 2666 1310 prophetico
2707 1226 2900 1310 quasi
2938 1227 3172 1310 spiritu
3215 1226 3571 1306 celebrum,
3616 1227 3885 1292 unicum
3919 1224 4182 1292 Calvini
4226 1228 4434 1293 nostri

428 1337 753 1421 scriptum
798 1345 901 1404 est
943 1337 1114 1422 quod
1159 1360 1449 1422 unquam
1501 1338 1704 1423 ligato
1746 1359 2048 1404 sermone
2103 1358 2222 1404 suo
2268 1339 2532 1404 nomine
2585 1339 2975 1422 inscriptum
3020 1337 3241 1404 edidit.
3330 1337 3562 1422 Neque
3604 1337 3932 1426 edidisset,
3978 1337 4108 1402 nisi
4146 1338 4435 1405 insulsae

420 1457 498 1514 et
538 1448 898 1516 malevolae
956 1450 1440 1533 pontificiorum
1490 1449 1901 1533 quorundam
1955 1450 2323 1515 invectivae
2375 1451 2491 1515 vix
2560 1450 2786 1515 amicis
2840 1451 3174 1534 cognitum
3235 1450 3670 1516 extorsissent
3723 1435 3953 1515 invito.
4053 1449 4206 1533 Ipse
4258 1449 4437 1515 enim

420 1567 661 1628 narrat
714 1560 789 1626 in
840 1561 1358 1645 praefatiuncula
1416 1561 1569 1628 huic
1625 1560 1874 1646 opellae
1929 1568 2156 1646 postea
2209 1561 2571 1644 praemissa
2623 1582 2693 1625 se
2742 1561 2901 1626 olim
2953 1582 3158 1645 quum
3202 1561 3609 1627 Wormatiae
3651 1567 3853 1641 esset,
3900 1562 3979 1627 ab
4023 1561 4437 1646 Argentora-

430 1672 733 1739 tensibus
777 1671 861 1737 ad
904 1673 1166 1739 comitia
1206 1673 1449 1740 ibidem
1493 1673 1798 1740 habenda
1839 1673 2102 1752 missus,
2147 1671 2346 1738 breve
2389 1672 2515 1739 hoc
2557 1694 2819 1738 carmon
2864 1673 3321 1756 composuisse,
3365 1673 3561 1757 idque
3600 1672 3825 1758 paucis
3868 1671 4300 1752 familiaribus
4343 1671 4436 1737 le-

424 1784 719 1870 gendum
764 1783 1036 1851 dedisse.
1138 1781 1271 1865 Qui
1327 1785 1725 1871 apographis
1778 1782 1988 1849 tribus
2041 1790 2157 1850 aut
2199 1790 2482 1867 quatuor
2524 1785 2712 1850 factis
2766 1782 2835 1848 id
2876 1782 3078 1849 latius
3120 1803 3391 1849 manare
3431 1785 3815 1864 voluerunt,
3863 1782 4019 1848 dum
4062 1792 4257 1848 autor
4296 1784 4438 1867 ipse

422 1896 608 1962 inter
648 1917 803 1962 suas
842 1896 1122 1962 chartas·
1148 1896 1523 1981 neglectum
1565 1904 1632 1962 et
1675 1894 2004 1979 sepultum
2049 1887 2508 1986 arbitrabatur.
2597 1895 2744 1961 Iam
2787 1902 2937 1978 post
2978 1895 3202 1979 plures
3246 1894 3502 1979 elapsos
3546 1916 3752 1962 annos
3798 1894 4065 1962 rescivit
4103 1914 4224 1978 per
4264 1915 4439 1960 mer-

424 2015 680 2075 catores
714 2029 800 2073 ex
833 2004 1352 2092 lugdunensibus
1386 2007 1697 2074 nundinis
1741 2026 2059 2084 reversos,
2096 2006 2349 2071 curiam
2385 2006 2765 2084 tolosanam,
2810 2005 3127 2073 suadente
3166 2007 3483 2074 monacho
3526 2007 3807 2092 quodam
3849 2007 4249 2090 inquisitore,
4294 2025 4437 2071 car-

422 2140 584 2186 men
636 2118 805 2185 illud
820 2170 837 2198 ,
888 2120 1186 2209 quamvis
1242 2140 1584 2203 nunquam
1627 2120 2047 2202 impressum,
2105 2117 2178 2182 in
2234 2117 2606 2202 catalogum
2661 2117 2980 2184 librorum
3023 2117 3484 2210 damnatorum
3525 2119 3842 2186 retulisse.
3933 2116 4139 2184 Cuius
4182 2118 4281 2182 rei
4323 2138 4436 2181 ru-

421 2252 576 2297 mor
613 2251 821 2315 quum
864 2230 1212 2297 Genevam
1255 2231 1678 2315 pervasisset,
1739 2238 1808 2296 et
1848 2229 2118 2314 plurimi
2159 2229 2241 2294 ab
2285 2235 2514 2295 autore
2528 2281 2544 2308 ,
2604 2230 2905 2312 quisnam
2959 2236 3027 2294 et
3063 2230 3278 2313 qualis
3320 2239 3493 2296 esset
3534 2231 3661 2297 iste
3702 2229 3980 2309 libellus,
4027 2237 4437 2313 quaererent,

416 2342 663 2426 maluit
702 2342 933 2409 statim
975 2341 1187 2423 edere,
1233 2363 1367 2408 non
1410 2342 1626 2409 solum
1664 2349 1742 2406 ut
1782 2341 1984 2408 bonos
2026 2342 2206 2407 viros
2248 2339 2608 2423 quaerendi
2648 2340 2949 2406 molestia
2991 2347 3057 2414 et
3100 2342 3522 2426 semetipsum
3566 2339 4002 2426 respondendi
4045 2338 4441 2422 sublevaret,

424 2454 550 2521 sed
608 2453 808 2520 etiam
862 2461 941 2518 ut
995 2451 1404 2520 adversarios
1446 2453 2041 2519 commonefaceret
2096 2450 2250 2535 quid
2306 2452 2654 2535 proficiant
2704 2452 2831 2536 ipsi
2900 2453 3134 2518 insana
3195 2474 3319 2519 sua
3381 2451 3906 2590 importunitate,
3979 2451 4060 2517 de
4112 2451 4442 2519 industria

425 2566 624 2650 quasi
667 2567 738 2631 in
781 2564 997 2630 lucem
1038 2564 1497 2647 protrahentes
1536 2585 1702 2647 quae
1745 2563 1988 2648 alioqui
2029 2563 2397 2629 latuissent.

740 2674 862 2743 Bis
914 2676 1268 2760 separatim
1321 2676 1717 2759 impressum
1769 2683 1872 2741 est
1922 2674 2047 2741 hoc
2101 2674 2474 2758 Epinicion.
2574 2674 2903 2741 Editionis
2954 2676 3268 2768 principis
3313 2675 3441 2742 duo
3494 2682 3752 2741 tantum
3805 2674 4210 2758 exemplaria
4259 2680 4440 2739 aeta-

426 2799 571 2859 tem
627 2787 855 2855 tulisse
908 2786 1253 2868 v1dentur,
1310 2787 1591 2853 alterum
1633 2788 1913 2865 Bernae‚
1960 2785 2241 2851 alterum
2282 2786 2587 2852 Basileae
2640 2793 3072 2854 asservatum.
3171 2788 3320 2854 Hoc
3361 2787 3687 2873 posterius
3730 2786 4205 2852 humanissime
4245 2784 4441 2852 nobis

424 2901 898 2970 conferendum
941 2900 1307 2966 transmisit
1361 2899 1487 2964 Vir
1529 2897 1703 2965 Clar.
1749 2899 1827 2963 F.
1875 2896 1959 2962 D.
1999 2897 2315 2979 Gerlach,
2374 2898 2802 2965 bibliothecae
2846 2898 3230 2966 basileensis
3272 2898 3654 2984 praefectus.
3745 2898 3917 2965 Ecce
3961 2898 4102 2965 eius
4137 2897 4436 2964 titulum:

740 2999 1397 3087 EPINIOION.
1469 3004 1481 3109 Ι
1565 3019 1868 3075 CHRISTO
1907 3019 2172 3074 CANTA-
2189 3007 2359 3095 {tum
2401 3010 2484 3077 ab
2528 3011 2777 3078 Ioanne
2820 3010 3120 3092 Caluino,
3170 3011 3180 3098 Ι
3233 3009 3543 3078 Calendis
3585 3011 3900 3092 Ianuarii,
3944 3011 3954 3097 Ι
3991 3031 4180 3077 anno.
4226 3011 4437 3095 1541.1

426 3134 747 3204 (Dnbkma
785 3135 969 3206 gladii
996 3133 1268 3202 flammati
1297 3146 1418 3186 cum
1451 3129 1669 3186 duabus
1701 3128 1998 3197 mam‘bua)
2067 3121 2516 3189 GENEVAE
2570 3121 2579 3208 Ι
2628 3123 2763 3190 Per
2803 3124 3121 3190 Ioannem
3163 3122 3526 3190 Girardum
3580 3122 3590 3209 Ι
3648 3127 3829 3189 1544.

736 3239 927 3305 Folio
983 3236 1157 3303 tituli
1213 3256 1402 3303 verso
1457 3233 1699 3317 legitur
1741 3231 2010 3299 Calvini
2060 3233 2376 3317 praefatio
2432 3233 2517 3299 ad
2571 3234 2899 3302 lectorem.
2990 3233 3279 3302 Carmen
3333 3236 3553 3318 ipsum
3609 3238 3957 3320 sexaginta
4010 3243 4078 3301 et
4132 3256 4263 3301 uno
4308 3234 4441 3302 dis-

419 3352 626 3419 tichis
669 3356 980 3419 constans
1016 3349 1323 3435 (quorum
1364 3344 1673 3410 ultimum
1717 3351 1940 3409 tamen
1982 3364 2023 3408 a
2066 3345 2340 3410 caeteris
2374 3345 2614 3430 exiguo
2657 3348 2869 3429 spatio
2911 3353 3287 3430 separatum
3322 3346 3632 3412 carminis
3665 3349 3853 3431 quasi
3895 3347 4445 3430 subscriptionem

421 3465 570 3531 sive
613 3461 992 3530 coronidem
1034 3458 1307 3542 dixeris)
1352 3456 1639 3540 quinque
1674 3454 1950 3540 paginas
1993 3455 2263 3538 obtinet,
2310 3477 2444 3523 non
2483 3464 2885 3523 numeratas.
2971 3456 3224 3524 Ultima
3267 3464 3369 3524 est
3410 3477 3639 3538 vacua,
3683 3448 3893 3523 forma
3945 3457 4240 3543 opusculi
4282 3475 4443 3541 qua-

421 3576 718 3643 ternaria
757 3574 993 3639 minor.
3123 3598 3134 3605 -

739 3685 1037 3752 Alterius
1080 3680 1403 3761 editionis,
1449 3698 1613 3763 quae
1653 3676 1970 3763 bilinguis
2013 3687 2131 3760 est,
2169 3679 2438 3746 titulum
2482 3702 2568 3747 ex
2610 3683 2803 3749 unico
2845 3681 3204 3766 exemplari
3248 3679 3748 3767 guelferbytano
3784 3680 4246 3748 describimus:

740 3796 1058 3865 OHANT
1101 3794 1231 3860 DE
1274 3787 1745 3870 VICTOIRE,
1791 3788 2169 3857 CHANTE
2220 3790 2229 3877 Ι
2280 3813 2321 3856 a
2360 3792 2549 3858 Iesus
2584 3791 2811 3859 Christ
2848 3815 2931 3859 en
2970 3814 3124 3860 vers
3169 3792 3407 3859 Latins
3440 3814 3562 3876 par
3593 3793 3688 3859 M.
3725 3791 3935 3859 Iehan
3975 3791 4231 3871 Caluin,
4276 3791 4438 3876 l'anl

426 3911 528 3979 M.
551 3911 636 3976 D.
660 3908 851 3990 XLI,
895 3909 961 3973 le
1006 3907 1291 3992 premier
1341 3904 1488 3968 iour
1530 3899 1611 3966 de
1654 3900 1957 3983 Ianuier,
2006 3924 2046 3968 a
2088 3903 2153 3969 la
2198 3903 2368 3969 diete
2411 3905 2524 3988 qui
2563 3903 2573 3989 Ι
2610 3926 2776 3988 pour
2816 3904 2951 3969 lors
2994 3925 3067 3971 se
3109 3904 3318 3970 tenoit
3361 3927 3401 3971 a
3442 3905 3769 3970 Wormes.
3886 3912 3896 3981 Ι
4019 3903 4440 3970 NOVVEL·

426 4021 820 4089 LEMENT
866 4018 1284 4085 TRADVIOE
1326 4014 1454 4080 EN
1507 4012 1517 4099 Ι
1563 4011 1811 4079 ritbme
1852 4015 2240 4099 Franqoise,
2286 4036 2371 4081 en
2415 4036 2568 4082 vers
2608 4015 3074 4097 Alexandrins,
3118 4038 3241 4101 par
3284 4014 3547 4082 Conrad
3596 4016 3605 4102 Ι
3654 4016 3936 4097 Badius,
3982 4015 4062 4081 de
4103 4017 4326 4082 Paris:
4373 4023 4444 4081 et

422 4135 736 4218 imprime
778 4152 901 4217 par
932 4129 1165 4215 iceluy.
1224 4136 1580 4205 (Emblema.)
1669 4133 1763 4197 M.
1787 4130 1872 4195 D.
1895 4126 2045 4195 LV.
4519 4142 4528 4149 ·

739 4242 1089 4310 Emblema
1130 4241 1302 4326 quod
1344 4243 1658 4308 maiorem
1691 4247 1949 4328 partem
1989 4240 2268 4325 paginae
2311 4246 2584 4324 occupat
2622 4246 3073 4323 repraesentat
3109 4250 3413 4308 PRELVM
3452 4249 3463 4321 Ι
3497 4250 4016 4308 ASGENSIANVM
4054 4239 4196 4306 sive
4234 4240 4446 4323 ipsius

425 4355 848 4422 translatoris
911 4363 978 4420 et
1030 4352 1430 4440 typographi
1487 4353 1894 4420 celeberrimi
1947 4351 2143 4417 Badii
2207 4350 2506 4417 Ascensii
2569 4351 2902 4418 officinam
2966 4374 3114 4419 cum
3181 4352 3412 4438 adagio
3466 4373 3663 4436 supra
3717 4360 3786 4418 et
3846 4352 4023 4417 infra
4079 4350 4439 4434 adscripto:

425 4476 664 4532 flamme
695 4474 888 4530 martel
932 4477 1082 4540 (tant
1123 4489 1227 4542 que
1270 4474 1463 4526 vivant
1495 4473 1678 4537 seras)
1720 4473 1730 4540 Ι
1774 4471 1871 4526 En
1915 4476 1976 4526 ta
2009 4486 2176 4525 meur
2210 4471 2258 4525 le
2285 4472 2426 4540 pain
2463 4477 2525 4525 tu
2558 4487 2865 4544 morigeras.
2940 4471 3130 4529 Genea.
3168 4473 3293 4527 111.
3333 4501 3397 4512 —
3433 4462 3755 4531 Officinae
3798 4463 4046 4547 effigies
4089 4484 4442 4530 ornamen-

427 4581 522 4645 tis
558 4576 1081 4646 architectonicis
1115 4574 1516 4702 circumdata
1549 4583 1667 4693 est.
1736 4573 1983 4640 Forma
2015 4573 2167 4641 libri
2208 4575 2631 4658 quaternaria
2669 4575 2864 4659 paulo
2906 4578 3117 4642 maior
3149 4597 3344 4702 quam
3379 4575 3830 4660 praecedentis
3870 4572 4188 4640 editionis.
4273 4573 4443 4641 Octo

430 4803 597 4870 bicis
641 4799 1089 4867 alexandrinis
1135 4808 1403 4866 centum
1443 4799 1809 4883 nonaginta
1851 4819 1969 4864 sex
2013 4803 2345 4881 concepta,
2392 4798 2628 4881 quibus
2674 4798 3165 4884 subiunguntur
3205 4807 3483 4883 quatuor
3527 4801 3639 4866 alii
3681 4802 3878 4866 etiam
3921 4800 4132 4864 forma
4171 4801 4448 4866 metrica

432 4913 682 4981 diversi
727 4910 1232 4998 (QVA'PRIN.)
1276 4911 1390 4993 qui
1444 4909 1754 4975 ultimum
1812 4909 1977 4975 illud
2032 4906 2358 4974 distichon
2402 4908 2483 4974 de
2537 4930 2666 4992 quo
2710 4930 2912 4994 supra
2953 4910 3242 4976 diximus
3287 4919 3798 4996 repraesentant.
3889 4912 4144 4996 Pagina
4192 4915 4444 4974 11-16

426 5024 730 5109 sequitur
769 5023 1053 5088 latinum
1097 5023 1522 5107 archetypon.

742 5135 1075 5200 Praefatio
1118 5133 1312 5200 Badii
1348 5154 1518 5217 quae
1559 5133 1711 5200 folio
1768 5133 1945 5199 tituli
1988 5153 2180 5200 verso
2218 5131 2464 5216 legitur
2502 5131 2769 5198 omnino
2812 5131 3014 5217 digna
3051 5142 3157 5200 est
3190 5155 3356 5218 quae
3390 5136 3515 5202 hac
3557 5136 3893 5203 occasione
3933 5134 4089 5200 data
4119 5134 4446 5200 recolatur

422 5256 501 5313 et
536 5247 712 5312 lectu
756 5244 1252 5312 iucundissima:
