4984 5975
3027 252 3051 288 Χ

672 307 799 419 soi
2238 401 2245 410 .
2374 344 2842 414 mamm
2871 345 2975 410 Π.
3193 367 3196 374 ›
4561 349 4683 414 ωε

678 561 877 608 suum
919 538 1101 621 sequi
1144 537 1320 605 dico:
1368 536 1492 604 hac
1548 535 1821 621 inquam
1862 535 2011 620 lege
2055 536 2265 601 teneri
2310 556 2426 601 vos
2460 533 2631 614 -dico,

682 622 960 709 nequid
1017 623 1166 706 plns
1211 645 1248 688 e
1288 621 1669 690 sacerdotiis
1708 621 1783 687 in
1829 642 1970 690 rem
2013 628 2303 689 vestram
2358 641 2632 687 conver-

684 713 856 791 tatis,
902 726 1100 792 quam
1132 729 1251 794 per
1277 707 1634 792 papisticos
1678 727 1959 776 canones
2002 707 2185 773 vobis
2228 705 2629 774 conceditur.

684 796 981 878 Quorum
1026 795 1307 862 vinculis
1352 793 1678 879 adstringi
1714 793 1779 859 si
1820 815 1941 860 vos
1984 795 2183 877 piget,
2228 793 2363 858 illis
2406 814 2492 858 ne
2515 813 2632 857 vos

682 882 859 948 ultro
901 880 1265 965 implicetis.
1332 877 1472 946 Sed
1516 878 1674 964 quid
1710 880 1788 944 ‹in
1831 878 1955 946 hac
1998 901 2070 945 re
2115 876 2481 945 evincenda
2515 898 2632 943 an-

682 969 791 1034 xie
832 964 1103 1034 laboro?
1149 965 1676 1050 quandoquidem
1720 987 1857 1045 eos,
1919 985 2195 1049 quorum
2238 963 2634 1030 liberalitate

681 1055 827 1120 locu
872 1052 1036 1118 letes
1079 1053 1236 1119 estis
1249 1103 1269 1134 ,
1322 1051 1490 1118 nihil
1546 1051 1814 1118 dubium
1848 1058 1960 1117 -est
2010 1072 2145 1117 non
2185 1049 2335 1117 ideo
2380 1049 2633 1115 detrac-

683 1149 786 1206 tas
957 1138 1223 1206 redibus
1267 1137 1568 1224 proprias
1612 1158 1767 1221 opes
1802 1137 1985 1203 vobis
2018 1144 2155 1204 tam
2189 1136 2389 1220 plena
2430 1155 2633 1200 manu

682 1226 884 1290 fuisse
929 1224 1257 1310 elargitos,
1300 1232 1382 1290 ut
1410 1225 1612 1308 regiis
1644 1223 1922 1290 lautitiis
1956 1224 2471 1290 instrumentum
2507 1221 2632 1285 mi-

682 1312 1071 1377 nistrarent:
1119 1309 1236 1375 sed
1269 1317 1527 1377 vestrae
1570 1309 1725 1376 fidei
1767 1309 2188 1388 commisisse,
2276 1330 2401 1374 uae
2446 1306 2632 1375 bonis

686 1396 845 1462 vitis
884 1416 1043 1465 cum
1084 1396 1478 1480 pauperibus
1522 1416 1899 1462 communes
1930 1394 2162 1460 forent.
2231 1330 2466 1477 ‘Iltaque
2498 1413 2632 1458 non

682 1489 820 1548 tam
864 1503 1094 1548 earum
1136 1503 1253 1547 vos
1296 1479 1613 1561 dominos,
1659 1502 1854 1564 quam
1899 1500 2286 1548 oeconomos
2326 1480 2632 1546 institue·-

684 1576 858 1636 runt.
950 1566 1028 1634 Si
1058 1575 1428 1634 extremum
1471 1576 1573 1634 est
1613 1565 1927 1650 perfidiae
1970 1587 2181 1651 genus
2222 1566 2295 1631 in
2340 1565 2631 1647 deposito

685 1652 884 1720 fidem
939 1652 1167 1720 fallere
1182 1703 1198 1734 ,
1243 1652 1425 1721 vobis
1482 1673 1640 1719 sane
1691 1651 2168 1737 ignoscendum
2210 1650 2393 1716 nullo
2436 1647 2629 1715 modo

688 1746 819 1818 est,
874 1739 986 1823 qui
1042 1738 1203 1804 adeo
1248 1738 1495 1823 insigni
1540 1738 1959 1821 improbitate
2002 1738 2398 1821 pauperibus
2439 1756 2629 1819 prae-

686 1824 975 1904 vertitis,
1004 1823 1053 1908 ¹)
1111 1824 1285 1909 quod
1328 1824 1507 1908 apud
1548 1845 1665 1890 vos
1709 1823 2078 1907 depositum
2119 1823 2190 1888 in
2230 1824 2357 1889 ¹hoc
2396 1823 2629 1900 fuerat,

686 1918 761 1975 ut
800 1911 872 1976 in
918 1931 1149 1976 eorum
1192 1931 1429 1976 manus
1472 1911 1881 1993 perveniret.-

856 1996 1034 2060 Huic
1073 1996 1247 2061 malo
1290 1995 1573 2062 alterum
1603 2016 1856 2079 quoque
1886 1994 2265 2077 proximum
2298 2001 2423 2059 est:
2460 1992 2630 2076 quod

686 2102 833 2148 eam
876 2101 1224 2163 personam
1279 2097 1413 2147 non
1464 2081 1740 2165 potestis
1790 2081 2112 2147 sustinere
2127 2133 2143 2160 ‚
2202 2080 2363 2164 quin
2418 2078 2633 2144 multa

686 2166 1123 2233 offensionum
1155 2168 1405 2233 semina
1416 2165 1637 2232 ‘variis
1668 2166 1881 2232 modis
1912 2165 2258 2252 spargatis.
2324 2165 2419 2231 Ut
2450 2164 2630 2230 istud

686 2274 893 2318 unum
935 2253 1095 2318 satis
1137 2272 1370 2319 causae
1414 2254 1500 2319 sit
1554 2252 1806 2318 homini
1856 2251 2241 2331 christiano,
2294 2272 2423 2334 quo
2475 2271 2631 2316 cen-

686 2346 829 2403 tum
870 2337 1069 2406 simul
1113 2338 1510 2417 sacerdotiis,
1555 2338 1919 2422 quamlibet
1960 2336 2195 2420 opimis
2237 2344 2305 2403 et
2341 2335 2630 2419 splendi-

686 2422 807 2502 dis.
850 2444 921 2490 se
963 2423 1265 2505 protinus
1318 2424 1588 2491 abdicet.
1679 2424 1890 2492 Nemo
1947 2424 2124 2488 enim
2181 2424 2318 2488 fere
2375 2423 2631 2506 piorum

686 2516 815 2589 est,
873 2509 983 2592 qui
1039 2530 1172 2575 non
1221 2511 1345 2577 isto
1401 2510 1702 2593 exemplo
1746 2530 2151 2593 magnopere
2184 2509 2627 2592 perturbetur.

684 2592 817 2677 Qui
943 2596 1053 2659 ulo
1097 2604 1255 2661 sunt
1297 2595 1512 2662 adhuc
1553 2596 2024 2672 imbecilliores,
2070 2595 2195 2660 hac
2228 2593 2633 2659 dubitatione

684 2613 1146 2764 percffluntur,
1188 2681 1417 2748 iocone
1459 2703 1545 2747 an
1578 2683 1767 2760 serio,
1812 2680 2220 2747 malitiosene
2253 2701 2338 2745 an
2379 2678 2634 2745 sincere

685 2763 999 2832 adversus
1040 2767 1331 2850 papistas
1375 2766 1878 2833 contendamus:
1923 2765 2081 2831 dum
2124 2773 2389 2831 nostrae
2423 2765 2634 2847 partis

686 2851 985 2917 homines
1041 2872 1250 2935 papae
1307 2852 1771 2951 stipendiarios
1787 2853 1846 2951 ²)
1906 2851 2103 2916 simul
2160 2850 2404 2917 vident.
2495 2851 2634 2915 Alii

689 2933 992 3003 dubitare
1030 2937 1319 3017 malunt,
1365 2947 1536 3004 sitne
1579 2958 1685 3004 res
1724 2937 1923 3015 liclta,
1968 2959 2007 3004 a
2050 2959 2182 3020 qua
2222 2938 2429 3016 viros,
2471 2958 2635 3020 quos

686 3024 705 3085 i
755 3023 811 3088 si
844 3043 978 3087 non
1008 3017 1221 3091 malos
1253 3023 1653 3103 existimant,
1698 3043 2113 3107 nequaquam
2147 3023 2501 3089 abhorrere
2535 3023 2634 3087 vi-

730 3113 861 3170 ent.
930 3105 1220 3188 Quidam
1251 3110 1452 3175 etiam
1495 3110 1919 3176 animosiores
1962 3109 2047 3175 ad
2090 3108 2486 3175 imitandum
2525 3128 2634 3174 ac·

684 3191 1075 3257 ‘cenduntun
1165 3194 1473 3277 Plerique
1524 3204 1729 3261 totam
1781 3194 2042 3261 fabulae
2088 3217 2163 3260 ac
2203 3193 2484 3262 ludibrio
2530 3215 2633 3259 re-

686 3277 995 3362 ligionem
1033 3279 1216 3344 vobis
1251 3290 1414 3358 esse,
1462 3281 1693 3346 merito
1726 3302 2114 3364 persuasum
2148 3280 2412 3346 habent.
2483 3286 2634 3360 [pag.

692 3377 723 3429 7
734 3368 799 3443 t]
846 3362 1097 3428 Christi
1141 3373 1364 3431 autem
1410 3366 1785 3444 adversarii,
1833 3366 2068 3450 quibus
2112 3388 2245 3432 non
2287 3368 2634 3433 calumniis

686 3458 985 3515 sanctum
1029 3449 1160 3515 Dei
1210 3452 1625 3536 evangelium
1677 3451 2145 3535 proscindunt?
2203 3453 2437 3536 quibus
2497 3473 2633 3517 non

683 3533 988 3601 loedoriis
1011 3534 1264 3602 Christi
1299 3558 1526 3603 servos
1561 3538 2007 3605 subsannant?
2045 3560 2206 3622 quos
2240 3559 2378 3604 non
2397 3540 2631 3604 trium-

682 3620 850 3702 phos
906 3621 1154 3705 agunt?
1244 3621 1425 3704 Quid
1478 3624 1732 3690 dicam?
1820 3624 2149 3707 Perquam
2205 3625 2394 3707 pauci
2451 3633 2628 3702 sunt,

682 3707 793 3788 qui
832 3727 969 3787 non
1012 3706 1096 3772 ad
1140 3709 1312 3774 vitae
1357 3718 1611 3775 vestrae
1655 3709 1959 3793 lapidem,
2007 3718 2122 3775 aut
2166 3710 2317 3790 hoc,
2358 3720 2473 3776 aut
2515 3709 2629 3773 illo

682 3795 874 3856 modo
918 3794 1304 3879 impingant.
1370 3793 1617 3877 Qualis
1649 3796 1757 3862 hic
1801 3794 2107 3889 (malum)
2126 3799 2184 3880 ⁸)
2229 3806 2329 3861 est
2371 3804 2628 3879 stupor:

686 3876 768 3943 ad
814 3880 1036 3943 omnia
1085 3881 1436 3963 proborum
1490 3902 1693 3965 aeque
1752 3900 1827 3947 ac
1925 3902 2233 3949 ravorum
2286 3882 2629 3947 hominum

686 3961 925 4029 iudicia
946 3984 1068 4030 nec
1092 3966 1428 4032 tantillum
1462 3968 1854 4035 commoveri
1938 3967 2327 4050 praesertim
2361 3968 2474 4033 ubi
2512 3984 2632 4051 per

691 4055 971 4113 vestram
1013 4048 1471 4133 ignominiam,
1530 4073 1898 4135 sannasque
1936 4053 2086 4119 illas
2136 4073 2212 4119 ac
2253 4062 2627 4132 scommata,

685 4131 921 4214 quibus
965 4152 1156 4201 caeca
1195 4145 1423 4203 vestra
1475 4138 1797 4222 cupiditas
1840 4140 1983 4207 iure
2022 4140 2270 4222 optimo
2313 4140 2630 4224 perstrin-

686 4217 887 4302 gitur,
932 4217 1143 4301 ipsam
1187 4242 1443 4305 quoque
1482 4223 1610 4288 Dei
1655 4225 2064 4290 maiestatem
2099 4224 2292 4290 illudi
2305 4277 2320 4303 ‚
2366 4246 2631 4291 sacrum

685 4304 830 4369 eius
853 4304 1267 4387 evangelium
1301 4309 1664 4376 maledictis
1694 4310 1985 4388 lacerari,
2009 4308 2454 4376 venerandam
2490 4313 2631 4377 eius

687 4389 1069 4475 religionem
1112 4393 1475 4461 conculcari
1527 4395 1936 4479 intelligitis?
2026 4393 2104 4461 Si
2146 4417 2345 4462 sanae
2385 4396 2631 4462 mentis

684 4473 976 4558 guttula,
1037 4486 1112 4540 ut
1162 4478 1257 4542 ita
1312 4479 1552 4560 dicam,
1610 4484 1681 4547 in
1720 4481 1904 4548 vobis
1947 4480 2319 4560 resedisset,
2378 4502 2454 4546 ac
2498 4504 2631 4547 non

685 4558 801 4624 illa
844 4581 959 4626 vos
1005 4564 1223 4631 nescio
1267 4586 1435 4648 quae
1492 4567 1706 4635 rabies
1761 4587 2029 4650 corpore
2075 4575 2142 4632 et
2184 4568 2402 4633 animo
2444 4569 2632 4652 peni-

823 4922 883 4988 1)
925 4921 1017 4977 Sic
1050 4923 1169 4976 sola
1196 4925 1469 4993 princeps.
1527 4925 1831 4980 Edombw
1844 4924 2063 4980 -15762
2101 4928 2426 4995 praeripitis.
2489 4926 2628 4979 1597

681 5000 849 5070 seqq„-
886 4991 1196 5071 praecipitis
1232 4993 1414 5058 (Vous
1447 4994 1682 5048 frustrer
1719 4996 1828 5059 G.).

686 5059 1014 5139 stipendiarii
1065 5059 1215 5130 quod
1245 5062 1567 5115 correctoris
1600 5065 1919 5118 oscitantiae
1952 5063 2136 5119 deberi
2164 5064 2383 5119 videtur
2418 5064 2626 5132 (quand

683 5126 750 5181 ils
770 5138 966 5197 voyent
1000 5103 1097 5183 des
1132 5145 1267 5198 gens
1301 5129 1368 5184 dc
1405 5136 1590 5183 nostre
1612 5132 1785 5212 partie
1809 5141 1953 5187 estre
1978 5148 2210 5201 vassaux
2229 5133 2315 5214 ‚du
2351 5148 2491 5211 pape
2516 5131 2626 5212 (33).

681 5193 884 5317 aa.
900 5196 2626 5335 wmwfflwmffiwmmzfflm

2739 541 2848 600 tus
2890 542 3306 600 transuersos
3335 533 3386 620 ¹)
3429 535 3697 619 egisset,
3797 537 3966 600 rimo
4023 534 4251 601 statam
4303 535 4535 600 limine
4567 557 4682 604 ves

2736 618 3067 685 Dominus
3111 618 3534 700 admonebat,
3579 642 3661 686 ne
3822 620 3946 688 hoc
3988 621 4183 688 letale
4281 621 4684 705 raecipitim

2699 705 2711 740 '
2737 704 3019 791 gradum
3057 706 3372 772 iacerefis.
3444 704 3701 788 Quibus
3746 709 3922 773 enim
3957 643 4335 790 prilnortssis
4373 707 4534 773 estis
4572 730 4681 775 au·

2733 790 3012 875 spicati?
3102 792 3214 856 An
3270 812 3416 857 non
3460 792 3531 857 in
3585 813 3791 876 papae
3844 814 4084 858 nomen
4133 814 4212 859 ac
4253 793 4458 859 verba
4512 793 4680 861 iurat

2736 884 2948 942 totum
3014 875 3181 942 illud
3235 884 3588 944 cornutum
3652 878 4132 962 episcoporum,
4199 878 4513 944 abbatum
4529 932 4547 959 ,
4612 902 4680 948 at

2736 961 3030 1046 priorum
3073 984 3293 1047 pecuS,
3339 962 3498 1030 dum
3531 985 3840 1030 romanae
3876 963 4013 1029 sedi
4050 965 4504 1048 obsequentes,
4550 973 4679 1032 stu·

2738 1047 3076 1131 diososque
3111 1047 3453 1134 dignitatis
3486 1049 3666 1117 illius
3688 1050 3978 1117 vindices
4011 1057 4423 1118 sacramento
4452 1051 4680 1133 adacti,

2737 1156 2808 1200 se
2846 1134 3281 1217 pollicentur?
3351 1136 3686 1201 Minorum
3722 1143 3943 1202 autem
3976 1135 4286 1203 classium
4320 1138 4681 1219 sacrificuli,

2737 1240 2825 1284 an
2877 1242 3011 1286 non
3064 1221 3264 1286 etiam
3319 1221 3478 1305 ipsi,
3544 1243 3664 1288 sua
3717 1220 3996 1305 quadam
4054 1223 4406 1288 iuramenti
4437 1214 4679 1304 'forma,

2737 1313 3001 1372 sanctae
3044 1307 3273 1373 matris
3323 1308 3633 1375 ecclesiae
3677 1307 3982 1392 obsequio
4026 1307 4474 1374 devoventur?
4540 1309 4681 1375 Hu-

2737 1391 3024 1457 iusmodi
3078 1392 3367 1476 auspicia
3409 1414 3602 1478 quem
3645 1395 4026 1460 faustiorem
4069 1402 4379 1462 eventum
4423 1400 4681 1478 porten-

2737 1476 2968 1562 dere²)
3012 1478 3285 1544 valent?
3372 1479 3518 1544 Imo
3565 1500 3761 1628 quam
3804 1479 4007 1545 nullis
4046 1479 4429 1564 ambagibus
4472 1481 4682 1547 infeli-

2735 1584 2878 1629 cem
2931 1564 3184 1632 exitum
3234 1565 3574 1630 minantur
3706 1564 3954 1648 Quare,
3999 1573 4290 1632 vestram
4341 1565 4677 1633 hebetudi-

2735 1669 2890 1714 nem
2924 1651 3143 1714 minus
3178 1649 3307 1714 iam
3346 1651 3572 1716 mirari
3608 1652 3878 1736 incipio:
3924 1672 4056 1735 qua
4088 1651 4268 1717 haud
4303 1650 4502 1720 dubie
4539 1654 4676 1719 vin·

2735 1732 2939 1800 dicari
2971 1741 3203 1801 tantus
3246 1736 3357 1801 ille
3399 1735 3533 1801 Dei
3583 1745 3997 1821 contemptus
4049 1737 4442 1804 merebatur.
4535 1738 4678 1820 Qua

2736 1830 2962 1886 tamen
3018 1824 3439 1888 excusatione
3498 1823 3728 1906 culpae
3785 1831 4041 1906 partem
4097 1824 4397 1890 nonnulli
4451 1824 4677 1909 depre-

2735 1917 2986 1985 centur,
3036 1908 3588 1990 praetereundum
3629 1931 3764 1975 non
3807 1917 3923 1975 est.
4011 1909 4075 1974 N
4077 1929 4182 1974 am
4229 1910 4354 1976 etsi
4397 1911 4679 1995 ingenue
4716 1941 4720 1945 >

2734 1992 3045 2073 fatentur,
3093 1993 3603 2078 reprehensione
3646 2017 3716 2061 se
3757 2016 3890 2060 non
3934 1997 4197 2078 penitus
4251 2016 4502 2075 carere,
4559 1999 4679 2062 mi-

2736 2078 2884 2142 nori
2929 2086 3148 2144 tamen
3192 2080 3450 2163 publico
3491 2081 3665 2146 malo
3709 2080 3995 2147 ecclesiis
4039 2102 4109 2146 se
4150 2103 4453 2165 praeesse
4497 2082 4679 2150 dicti·

2735 2170 2909 2242 tant,
2967 2185 3160 2247 quam
3220 2166 3277 2230 si
3334 2165 3690 2232 deteriores
3744 2166 3878 2233 illis
3930 2167 4386 2252 praesiderent
4428 2167 4678 2253 (quales

2738 2256 2896 2314 sunt
2937 2250 3136 2314 iurati
3179 2249 3434 2318 Christi
3476 2252 3722 2334 hostes)
3772 2254 3883 2336 qui
3931 2253 4256 2337 evangelii
4299 2255 4568 2319 ruinam
4604 2277 4678 2320 ex

2734 2336 3025 2416 professo
3066 2337 3548 2403 machinantur.
3568 2338 3628 2422 Β)
3699 2341 3795 2404 At
3836 2341 3891 2405 si
3935 2339 4098 2405 haec
4139 2339 4306 2405 ratio
4345 2341 4678 2424 recipitur,

2737 2442 2856 2486 cur
2899 2442 3036 2485 non
3081 2423 3425 2505 speluncas
3478 2424 3912 2508 occupamus?
3968 2426 4205 2490 itinera
4260 2424 4677 2492 obsidemus?

2736 2507 2807 2570 in
2849 2507 3109 2574 insidiis
3154 2509 3570 2588 excubamus,
3616 2531 3691 2575 eo
3731 2511 3969 2589 animo,
4017 2532 4098 2576 ne
4144 2513 4443 2590 viatores,
4489 2522 4566 2576 ut
4594 2513 4679 2578 ef-

2736 2593 2928 2657 serati
2983 2593 3095 2657 isti
3151 2595 3363 2660 solent
3414 2595 3732 2674 latrones,
3790 2597 4137 2676 violemus,
4195 2596 4311 2663 sed
4368 2598 4678 2681 spoliatos

2737 2675 3192 2744 dimittamus?
3283 2678 3396 2747 Sic
3441 2683 3616 2745 enim
3660 2683 4027 2749 mitioribus
4079 2683 4442 2750 latrociniis
4491 2705 4682 2749 mun-

2737 2761 2862 2829 dus
2908 2765 3344 2830 infestaretur.
3435 2767 3793 2833 Enimvero
3836 2768 3992 2833 boni
4037 2770 4162 2833 viri
4207 2779 4337 2848 est,
4384 2792 4521 2834 non
4568 2771 4682 2834 im-

2736 2849 3089 2931 proborum
3134 2851 3471 2917 hominum
3505 2852 3723 2918 subire
3757 2854 3954 2933 vices,
4044 2876 4129 2920 uo
4161 2855 4337 2920 mala
4370 2856 4682 2939 quadam·

2738 2945 2930 3001 tenus
2974 2934 3378 3017 moderetur,
3434 2939 3547 3004 sed
3603 2961 3750 3007 oum
3808 2941 4019 3023 impro
4064 2942 4151 3020 is,
4209 2962 4286 3009 ac
4335 2963 4488 3008 cum
4547 2943 4683 3028 ipsa

2737 3022 2936 3086 etiam
2971 3021 3388 3106 improbitate
3419 3028 3806 3092 acerrimum
3842 3025 4088 3092 bellum
4120 3048 4381 3112 gerere:
4416 3050 4549 3112 quo
4570 3048 4683 3094 suo

2737 3116 2973 3172 conatu
3018 3109 3073 3173 si
3117 3131 3352 3192 parum
3395 3113 3678 3194 proficit,
3739 3134 3930 3178 suum
3987 3122 4208 3178 tamen
4253 3115 4544 3181 officium
4596 3116 4684 3180 sic

2736 3195 3155 3276 praestiterit.
3246 3194 3440 3277 Quod
3483 3197 3579 3262 illi
3622 3199 3828 3264 satius
3871 3218 4013 3264 esse
4057 3199 4274 3271 debet.
4329 3222 4530 3283 quam
4577 3201 4682 3265 de-

2736 3279 2889 3345 licto
2931 3301 3064 3344 uno
3106 3282 3288 3346 mille
3332 3283 3599 3367 flagitiis
3636 3304 3994 3350 occurrere.
4059 3286 4276 3353 Fures
4310 3286 4538 3370 itaque
4571 3308 4682 3352 ex·

2738 3363 3055 3448 cipiendis
3098 3367 3377 3449 praedis,
3423 3369 3710 3435 latrones
3755 3370 4129 3437 hominibus
4173 3373 4239 3436 iu
4363 3372 4558 3438 andis
4600 3373 4681 3438 si·

2738 3471 2974 3518 namus
3033 3474 3173 3519 esse
3223 3454 3545 3520 intentos:
3608 3476 3727 3521 nos
3767 3477 3952 3535 vero,
4014 3457 4070 3524 si
4114 3457 4480 3523 Christiani
4537 3464 4680 3540 [pag.

2742 3540 2849 3615 76]
2887 3560 3132 3615 sumus,
3179 3540 3250 3603 in
3281 3560 3544 3606 omnem
3581 3543 3951 3624 puritatem,
3998 3544 4463 3622 innocentiam,
4497 3565 4682 3610 sano-

2736 3622 2994 3691 titatem
3036 3636 3301 3690 vocatos
3342 3627 3851 3693 meminerimus.

2909 3707 2987 3774 Si
3031 3719 3291 3774 tantum
3336 3711 3790 3779 exhortatione
3832 3735 3981 3779 mea
4024 3716 4391 3796 proiectum
4435 3726 4536 3781 est
4550 3768 4568 3795 ,
4613 3724 4684 3780 ut

2736 3802 2801 3858 te
2845 3794 2928 3859 ad
2966 3794 3215 3863 dandas
3258 3796 3546 3862 Domino
3588 3820 3843 3875 manus,
3890 3800 4325 3883 affectumque
4369 3814 4562 3866 tuum
4607 3799 4682 3864 il·

2734 3879 2863 3945 lius
2906 3880 3181 3964 imperio
3224 3884 3486 3964 penitus
3530 3885 4006 3950 subiiciendum
4065 3888 4494 3969 compararis,
4552 3908 4682 3951 non

2736 3962 2991 4044 dubito,
3036 3968 3198 4049 quin
3241 3969 3373 4032 iam
3418 3971 3486 4033 in
3530 3992 3637 4036 me
3692 3971 4028 4054 respicias,
4086 3992 4479 4056 mecumque
4521 3971 4682 4039 deli·

2737 4050 2952 4130 beres,
3015 4073 3148 4135 qua
3198 4057 3452 4120 ratione
3505 4056 3575 4120 in
3635 4056 3972 4122 meliorem
4029 4059 4202 4122 viam
4271 4060 4567 4142 recipere
4621 4070 4684 4123 tc

2735 4158 2953 4220 queas.
3011 4139 3157 4222 Ego
3197 4161 3372 4219 ver0,
3415 4161 3786 4225 quanquam
3831 4145 4313 4226 opportunitate
4354 4144 4684 4228 praesenti

2737 4222 2818 4288 ad
2874 4224 3122 4307 aliquid
3270 4247 3308 4291 o
3365 4226 3617 4293 Christi
3675 4229 3887 4312 gloria
3951 4229 4210 4294 fortiter
4262 4232 4688 4314 animoseque

2742 4310 3103 4393 gerendum
3141 4319 3239 4376 uti
3273 4320 3341 4377 te
3374 4313 3619 4393 malim,
3665 4316 3787 4379 nisi
3825 4314 3981 4397 quid
4028 4323 4249 4380 tamen
4292 4316 4531 4382 melius
4571 4336 4688 4399 po·

2739 4403 2870 4477 tes,
2924 4394 3298 4462 exeundum
3354 4397 3472 4463 tibi
3524 4400 3733 4482 primo
3786 4420 4045 4484 quoque
4099 4400 4204 4466 die
4260 4423 4510 4468 censeo.
4593 4402 4689 4467 Te

2739 4483 2916 4549 enim
2965 4504 3219 4566 quoquo
3271 4484 3464 4549 modo
3518 4507 3600 4550 ex
3655 4485 3778 4551 hac
3832 4485 4070 4568 palude
4113 4486 4332 4553 evolvi
4376 4496 4688 4572 praestat,

2737 4588 2931 4651 quam
2971 4568 3216 4635 diutius
3249 4569 3384 4645 illic
3426 4570 3775 4649 haerendO,
3820 4584 3885 4636 et
3921 4573 3992 4636 in
4034 4573 4211 4638 illius
4239 4576 4500 4658 gurgite
4535 4594 4690 4656 pro-

2736 4653 3003 4720 fundius
3037 4654 3110 4719 in
3146 4654 3282 4720 dies
3313 4655 3532 4739 defigi,
3572 4664 3638 4720 et
3671 4677 3870 4723 coeno
3901 4660 4117 4744 magis
4153 4660 4493 4744 magisque
4527 4679 4690 4724 oon·

2739 4741 3050 4823 spurcari.
3118 4738 3344 4806 Satius
3399 4740 3564 4805 illud
3621 4742 3884 4825 quidem
3942 4751 4009 4809 et
4061 4744 4255 4828 longo
4310 4745 4686 4827 optabilius,

2737 4846 2821 4889 ne
2876 4834 3132 4891 tantam
3186 4825 3614 4891 illustrandae
3668 4828 3938 4903 Domini
3991 4830 4237 4914 gloriae
4276 4831 4688 4898 occasionem

2042 4994 2102 5057 2)
2146 4995 2409 5064 Princeps
2443 4994 2628 5049 habet.-
2739 5012 2774 5017 ⁴·

2871 5133 2928 5212 1)
2971 5131 3120 5187 Ede.
3161 5130 3530 5215 {576-161i:
3565 5144 3905 5215 transverso,
3939 5138 4091 5190 male.
4164 5138 4689 5192 Amstelodoetenn‘·

2726 5201 3333 5338 gymplsschhgbnffl
3355 5209 3739 5328 gmtm·
3825 5206 3886 5272 2)
3921 5205 4269 5273 pertendere,
4319 5205 4684 5261 1576—1611.
