4984 5975
398 283 544 346 301·

396 477 588 534 tuum
610 468 801 546 inest,
838 478 915 534 ut
948 468 1266 535 missariis
1292 468 1643 548 sacrificiis,
1681 467 1867 534 velut
1903 466 2347 532 satisfactione

395 555 729 637 persoluta
747 606 761 632 ,
820 563 1228 619 mortuorum
1284 555 1542 619 animae
1597 576 1638 619 a
1691 554 1970 636 peccatis
2025 552 2163 618 suis
2231 574 2346 618 ex-

393 640 677 723 pientur.
744 640 908 720 Hoc,
952 642 1220 723 inquam
1236 692 1252 719 ,
1299 660 1495 706 onere
1547 648 1875 722 utcunque
1916 636 2186 721 defungi
2230 661 2314 703 ne
2328 675 2346 687 ·

393 747 576 792 cesse
620 734 721 791 est
753 746 980 791 eorum
1014 746 1565 809 unumquemque,
1610 726 1721 808 qui
1757 744 1974 789 sacras
2008 723 2159 788 illas
2193 745 2346 806 opes

395 813 807 895 participant.
877 811 1077 876 Nulla
1122 825 1222 877 est
1265 819 1403 876 tam
1460 810 1775 895 opulenta
1831 809 2109 888 abbatia,
2167 809 2349 874 nulla

392 918 661 963 rursum
718 897 1123 979 cappellania
1176 918 1381 979 usque
1438 917 1514 961 80
1570 897 1817 972 tenuis,
1877 915 2042 978 quae
2084 916 2221 960 non
2266 916 2344 961 ea

390 983 540 1067 lege
597 981 898 1048 devincta
949 983 1053 1047 sit.
1119 983 1258 1049 Nec
1313 984 1614 1060 interest,
1670 982 1882 1064 ipsine
1936 1002 2055 1064 per
2109 1001 2207 1057 se,
2256 1003 2343 1046 an

392 1068 716 1134 conducta
760 1068 984 1133 vicarii
1029 1088 1255 1151 opera,
1303 1075 1604 1133 sanctum
1662 1065 1826 1131 illud
1869 1088 2112 1131 munus
2156 1088 2342 1132 exse-

392 1161 697 1235 quantur.
766 1152 1109 1237 Siquidem
1152 1174 1288 1218 non
1331 1153 1669 1232 defuturos
1722 1153 2045 1235 suspicor,
2103 1152 2214 1235 qui
2258 1152 2342 1216 ad

392 1240 699 1304 miseram
756 1239 927 1304 hanc
984 1235 1470 1304 excusationem
1527 1260 1597 1304 se
1666 1238 2037 1304 conferant:
2065 1239 2111 1314 ¹)
2172 1235 2344 1321 quod

389 1325 903 1407 inquinamentis
945 1324 1079 1389 illis
1115 1324 1199 1390 ad
1242 1323 1536 1390 sordidos
1572 1324 1967 1390 sacrificulos
2004 1323 2342 1408 ablegatis,

390 1431 545 1493 opes
600 1411 726 1494 ipsi
781 1410 1159 1493 possideant
1211 1410 1393 1475 nullo
1449 1410 1692 1475 scelere
1747 1409 2141 1493 profanatas.
2210 1406 2345 1474 Sed

389 1495 552 1579 quid
602 1495 756 1561 inde
813 1516 1009 1578 porro
1064 1494 1242 1560 aliud
1296 1503 1806 1578 consequentur,
1863 1495 1988 1559 nisi
2054 1501 2131 1558 ut
2184 1494 2341 1559 dum

388 1581 579 1664 culpa
633 1603 768 1646 una
819 1602 1101 1665 purgare
1158 1604 1227 1647 se
1284 1582 1650 1646 moliuntur
1667 1632 1685 1659 ,
1743 1580 2070 1663 duplicem
2116 1581 2341 1664 nequi-

388 1668 549 1732 tiam
605 1666 932 1750 prodant?
1021 1666 1201 1734 Cedo
1217 1719 1234 1746 ,
1290 1666 1463 1751 quod
1519 1667 1832 1733 scelerate
1885 1674 2343 1750 perpetratum

387 1753 469 1817 iri
495 1753 921 1836 conspiciunt,
961 1753 1041 1818 ab
1079 1775 1155 1818 80
1197 1753 1502 1836 religiose
1528 1773 1764 1817 manus
1790 1751 2150 1817 abstinent:
2189 1773 2340 1835 per-

386 1838 783 1920 petrandum
833 1846 1054 1903 tamen
1110 1839 1378 1904 interim
1433 1825 1785 1922 diligenter
1840 1847 2093 1903 curant.
2172 1836 2340 1918 Qui-

387 1924 508 1990 bus
534 1926 671 1989 iam
705 1924 969 1989 obsecro
991 1924 1185 2007 culpa
1218 1924 1526 1989 facinoris
1562 1921 1988 2002 adscribetur,
2026 1924 2154 1988 nisi
2190 1924 2338 2005 qui-

321 2030 341 2046 ·
384 2009 508 2076 bus
554 2008 889 2076 autoribus
943 2009 1303 2076 admissum
1358 2009 1596 2074 fuerit?
1665 2007 1891 2089 Quum
1946 2029 2103 2074 vero
2159 2010 2339 2074 iussu

383 2097 866 2177 autoritateque
908 2116 1030 2160 sua
1072 2095 1157 2160 ad
1196 2095 1589 2160 maleficium
1633 2093 2005 2176 impellant,
2062 2115 2341 2175 quorum

376 2181 753 2248 ministerio
785 2181 1169 2255 abutuntur,
1215 2201 1434 2245 annon
1474 2180 1756 2244 alterum
1790 2200 2045 2262 quoque
2088 2181 2341 2246 crimen

376 2266 493 2332 hic
538 2289 608 2332 se
648 2262 940 2348 profert?
1000 2263 1076 2331 Si
1114 2266 1259 2349 quis
1302 2264 1631 2330 hominem
1675 2287 1715 2330 a
1758 2285 1829 2330 se
1872 2266 2340 2348 interemptum

373 2351 534 2417 ideo
578 2360 880 2435 negaret,
927 2350 1101 2434 quod
1142 2373 1275 2417 non
1332 2373 1457 2416 sua
1508 2370 1707 2415 manu
1723 2401 1740 2429 ,
1784 2349 1901 2415 sed
1935 2351 2255 2416 conducto
2300 2371 2340 2415 a

375 2458 451 2503 se
499 2437 733 2501 sicario
767 2456 994 2503 caesus
1027 2444 1216 2515 esset,
1263 2458 1303 2502 a
1345 2457 1474 2520 quo
1507 2443 1809 2502 nostrum
1851 2457 1986 2501 non
2021 2456 2340 2519 conspue-

373 2521 608 2588 retur?
674 2522 930 2606 Nempe
964 2522 1077 2605 qui
1111 2542 1233 2588 sua
1267 2521 1667 2598 confessione
1711 2521 1811 2588 bis
1854 2543 1925 2587 se
1968 2528 2335 2588 accusaret:

381 2617 455 2673 et
541 2605 674 2672 uod
717 2608 933 2674 caedis
976 2617 1165 2672 autor
1207 2608 1434 2684 fuerit,
1484 2615 1549 2672 et
1604 2606 1776 2689 quod
1819 2606 2103 2673 alterum
2147 2606 2340 2672 malis

379 2630 642 2759 artibus
698 2713 888 2759 corru
938 2701 1107 2758 tum¹
1137 2694 1207 2757 in
1264 2693 1529 2759 sceleris
1595 2693 1973 2757 societatem
2039 2693 2333 2757 traxerit.

376 2777 564 2860 Quid
600 2787 819 2844 autem
855 2799 894 2843 a
970 2778 1084 2843 illo
1121 2777 1436 2844 dissimile
1469 2778 1582 2844 isti
1616 2779 1884 2856 faciunt,
1923 2779 2035 2861 qui
2079 2788 2145 2849 et
2179 2798 2335 2843 con-

373 2864 727 2930 tumeliam
777 2863 924 2930 Deo
969 2862 1391 2948 irrogandam
1432 2877 1819 2948 procurant,
1867 2875 1935 2929 et
1977 2861 2061 2929 ad
2104 2862 2174 2928 id
2219 2885 2335 2928 au-

373 2948 673 3016 dendum
728 2950 891 3016 alios
945 2952 1155 3034 pretio
1198 2948 1672 3034 corrumpunt?
1739 2950 1836 3016 At
1877 2970 2014 3015 non
2054 2969 2185 3028 eos,
2230 2950 2333 3014 in·-

371 3037 635 3120 quiunt,
701 3037 1202 3120 corrumpimus,
1271 3038 1384 3120 qui
1448 3035 1721 3101 venales
1784 3035 1866 3101 ad
1943 3034 2331 3118 patrandam

373 3122 686 3205 quamvis
737 3122 1141 3206 impietatem
1186 3129 1499 3205 prostant.
1561 3122 1847 3188 Perinde
1904 3144 1979 3187 ac
2024 3121 2081 3188 si
2125 3122 2335 3186 homi·

369 3208 528 3275 cida
578 3207 691 3272 ille
727 3208 1001 3273 minime
1038 3209 1121 3275 ab
1176 3230 1246 3274 se
1303 3216 1687 3291 corruptum
1739 3205 2117 3273 defenderet
2130 3258 2147 3285 ,
2203 3228 2330 3291 quo

368 3292 465 3359 ad
499 3294 895 3359 maleficium
928 3292 1317 3360 administro
1354 3315 1512 3359 usus
1545 3294 1761 3371 fuerit,
1808 3294 1962 3377 quia
2004 3292 2333 3377 gladiator

367 3386 576 3445 antea
594 3379 846 3456 fuisset,
872 3380 1230 3445 latrociniis
1266 3380 1692 3445 assuefactus.
1749 3379 1983 3462 Itaque
2017 3377 2330 3461 quemad-

362 3463 650 3530 modum
691 3465 829 3544 ille,
876 3463 1034 3530 dum
1075 3465 1402 3530 latronem
1444 3464 1910 3531 exercitatione
1955 3464 2148 3541 acuit,
2191 3464 2331 3529 eius

368 3549 724 3616 audaciam
766 3551 1138 3617 confirmat:
1184 3550 1280 3615 ita
1322 3550 1433 3637 isti
1474 3572 1636 3634 (11108
1678 3550 1871 3615 novis
1915 3548 2190 3616 subinde
2225 3572 2329 3615 sa-

361 3636 662 3721 crilegiis
705 3644 1031 3715 exercent,
1075 3656 1187 3702 808
1223 3635 1308 3702 ad
1349 3637 1711 3719 nequitiam
1751 3637 1965 3721 magis
2008 3655 2084 3701 ac
2117 3630 2330 3720 inagis

359 3721 591 3788 indies
630 3722 972 3788 obdurant.
1041 3719 1177 3787 Sed
1212 3722 1336 3788 hac
1379 3732 1567 3803 parte
1600 3723 1869 3805 propius
1904 3722 2151 3786 instare
2186 3721 2329 3786 ani-

356 3829 525 3873 mus
580 3828 715 3873 non
769 3815 899 3874 est:
946 3828 1159 3890 neque
1203 3808 1480 3874 verbum
1522 3807 1822 3873 fecissem
1835 3859 1850 3885 ,
1891 3807 2019 3873 nisi
2062 3828 2183 3873 sua
2224 3827 2331 3873 me

352 3892 792 3977 improbitate
838 3893 1206 3978 coegissent
1220 3945 1237 3972 ,
1293 3891 1453 3958 dum
1506 3893 1577 3957 in
1644 3915 1717 3958 re
1771 3892 1932 3958 adeo
1984 3892 2332 3977 perspicua

354 3980 599 4046 fucum
656 3988 877 4044 tamen
933 3980 1152 4045 nescio
1206 3999 1408 4061 quem·
1453 3979 1667 4044 facere
1718 3984 2057 4044 conantur.
2125 3978 2329 4057 Nihil,

350 4067 680 4149 inquam,
736 4085 848 4131 eos
898 4063 1077 4130 ultra
1141 4064 1418 4143 1808880,
1473 4063 1668 4129 modo
1724 4065 1898 4130 inter
1962 4086 2083 4129 nos
2150 4063 2330 4129 istud

350 4157 633 4219 constet
646 4202 664 4229 ,
709 4150 883 4234 quod
905 4227 917 4237 ο
938 4149 1121 4216 nullo
1181 4149 1413 4217 cavillo
1472 4149 1801 4216 declinare
1844 4150 1975 4215 iam
2018 4156 2327 4233 possunt:

346 4237 709 4303 neminem
752 4256 982 4302 eorum
1027 4256 1169 4303 esse
1212 4238 1325 4320 qui
1381 4237 1644 4320 gemina
1684 4235 1827 4314 illa,
1873 4256 2071 4319 quam
2116 4256 2329 4317 nuper

346 4322 900 4401 commemoravi,
937 4322 1276 4405 impietate
1313 4327 1461 4404 [pag.
1501 4326 1611 4402 69]
1635 4341 1770 4387 non
1807 4321 1894 4387 sit
1924 4320 2325 4405 inquinatus.

342 4409 587 4476 Nemo
630 4416 733 4473 est
773 4409 984 4486 enim,
1041 4408 1153 4491 qui
1207 4429 1341 4473 non
1395 4407 1477 4471 de
1531 4406 1849 4473 missariis
1893 4407 2097 4472 sacris
2138 4427 2326 4488 pera-

342 4493 604 4581 gendis
649 4493 1038 4559 sceleratum
1073 4494 1534 4561 commercium
1573 4494 1778 4558 ineat:
1816 4512 2012 4559 nemo
2046 4492 2161 4574 qui
2194 4512 2326 4557 non

339 4578 838 4649 commentitiis
890 4580 1470 4658 satisfactionibus,
1527 4600 1692 4662 quas
1748 4599 1866 4661 pro
1916 4585 2325 4645 mortuorum

339 4665 822 4750 redemptione
866 4662 1077 4732 Satan
1120 4685 1280 4731 exco
1330 4665 1545 4745 ‘tavit,
1590 4664 1873 4749 pretium
1917 4669 2180 4729 statuat.
2249 4661 2327 4728 Si

330 4775 487 4839 per
510 4753 785 4818 missam
819 4750 1069 4817 Christi
1105 4760 1253 4817 sace
1332 4752 1556 4831 otium,
1594 4750 1767 4834 quod
1804 4758 2146 4815 aeternum
2182 4769 2326 4814 8888

335 4845 633 4924 oportet
650 4890 665 4916 ,
712 4837 1067 4937 abrogatur
1080 4888 1094 4915 ,
1132 4837 1189 4902 81
1223 4838 1612 4905 sacrificium
1626 4890 1643 4917 ,
1680 4858 1807 4921 quo
1863 4835 2067 4902 semel
2106 4834 2328 4900 omnia

332 4925 611 4992 delicta
632 4922 942 5007 expiavit,
990 4921 1304 4999 aboletur,
1350 4924 1405 4989 81
1434 4923 1704 5008 sanguis
1726 4922 1888 5001 eius,
1924 4922 2108 4988 cuius
2131 4941 2325 4985 mun-

506 5197 569 5261 1)
612 5196 708 5252 Sic
733 5198 997 5265 princeps
1032 5194 1166 5249 sola.
1241 5158 1522 5248 Caeteraee
1558 5195 1852 5250 conferent.

1510 280 1639 345 DE
1687 277 2283 345 SACERDOTIO
2318 278 2669 345 PAPALI
2712 278 3284 347 ABHCIENDO.

4272 290 4398 352 302

2452 466 2610 533 ditie
2651 467 2979 534 abluimur
3023 489 3269 549 omnes,
3311 470 3713 553 conspuitur,
3757 469 3816 536 si
3860 478 3995 535 tota
4036 472 4399 556 redemptio

2450 561 2664 618 morte
2708 556 2847 620 eius
2891 553 3212 637 acquisita
3256 554 3641 638 dissipatur,
3686 556 3743 622 si
3781 576 4008 637 coena,
4044 578 4171 640 qua
4211 561 4399 627 nobis

2449 640 2684 703 mortis
2728 661 2884 706 suae
2927 642 3313 707 memoriam
3357 641 3863 720 commendavit,
3908 643 4306 726 profanatur,
4342 646 4401 712 si

2447 723 2576 788 Dei
2632 726 2937 792 maiestas
2996 734 3209 791 erecto
3263 727 3332 790 in
3386 727 3525 793 eius
3578 726 3792 793 locum
3845 727 4019 793 idolo
4073 725 4399 798 deiicitur:

2449 809 2735 876 viderint
2786 813 2898 894 qui
2948 810 3261 878 faciendis
3315 813 3535 878 missis
3588 820 3894 896 sumptus
3957 813 4398 897 suppeditant,

2449 915 2578 978 qua
2631 898 2789 962 satis
2843 898 3137 981 speciosa
3188 898 3442 962 ratione
3495 920 3782 983 purgare
3837 920 3908 964 se
3949 900 4227 982 possint,
4271 923 4399 985 quo

2446 982 2667 1047 minus
2723 984 2999 1047 istorum
3059 984 3352 1048 omnium
3407 984 3503 1048 rei
3559 1007 3598 1049 a
3732 994 3869 1064 tur,
3926 986 4160 1068 quibus
4214 1007 4398 1053 occa-

2447 1067 2698 1132 sionem
2757 1069 3035 1134 scientes
3091 1089 3166 1133 ac
3219 1069 3515 1135 volentes
3571 1069 3904 1153 praebent.
3986 1069 4061 1137 Si
4121 1070 4400 1154 denique

2447 1152 2711 1217 nullum
2762 1173 2802 1217 a
2843 1156 3044 1220 missa
3086 1154 3533 1238 blasphemiae
3576 1175 3784 1239 genus
3829 1156 4038 1234 abest,
4096 1177 4225 1240 quo
4267 1155 4398 1224 Dei

2450 1236 2829 1321 Christique
2873 1239 3082 1322 gloria
3125 1241 3329 1324 possit
3373 1241 3738 1318 obscurari,
3800 1242 4090 1307 viderint
4141 1243 4397 1326 quoties

2449 1324 2889 1389 sacrificulum
2946 1323 3030 1389 ad
3082 1325 3290 1391 altare
3341 1327 3644 1404 mittunt,
3691 1347 3777 1391 an
3818 1348 3951 1392 non
3985 1327 4399 1411 triumphum

2448 1419 2796 1560 1131ἷὲΐὲ
2843 1432 2970 1559 3¹1¹?
2988 1410 3519 1563 htssiimmffiffl
3553 1411 4221 1565 {55313'3352353
4265 1425 4398 1566 ῗιῗὲ

2448 1599 2641 1645 011108
2694 1581 2977 1648 ludibrio
3038 1582 3280 1649 habere
3298 1634 3314 1661 ,
3363 1591 3429 1647 et
3482 1585 3873 1665 prostituere
3927 1583 4181 1649 homini
4224 1584 4398 1650 chri·

2447 1667 2661 1730 stiano
2697 1667 2883 1731 nefas
2920 1687 3056 1732 non
3091 1675 3206 1746 est,
3244 1668 3414 1732 nihil
3450 1668 3577 1734 erit
3612 1669 3787 1751 quod
3821 1691 3955 1734 non
3989 1670 4197 1736 liceat.
4252 1670 4399 1735 Imo

2446 1771 2607 1816 vero
2643 1752 2821 1817 mille
2857 1754 3073 1835 potius
3108 1761 3360 1819 mortes
3396 1754 3817 1837 oppetendae,
3851 1777 4046 1838 quam
4080 1755 4213 1820 tale
4246 1778 4398 1840 pro·

2444 1837 2639 1902 brum
2682 1847 3097 1905 sacrosancto
3133 1838 3383 1905 Christi
3429 1841 3706 1918 nomini,
3751 1849 3974 1906 nostra
4017 1841 4241 1924 culpa,
4276 1841 4397 1906 ali-

2445 1922 2707 2004 quando
2744 1924 3063 1989 inuratur.
3120 1923 3289 2005 Quis
3309 1927 3488 1990 enim
3522 1947 3598 1990 80
3631 1926 4059 1992 intercessore
4094 1926 4394 2005 confidat,

2445 2029 2644 2090 quem
2697 2030 2814 2074 suo
2874 2009 3262 2089 sacerdotio,
3309 2009 3432 2077 hoc
3476 2022 3576 2077 est
3617 2010 4063 2078 intercedendi
4101 2033 4394 2092 munere,

2444 2093 2736 2176 quotidie
2772 2094 3046 2177 spoliet?
3085 2093 3254 2176 Quis
3289 2105 3628 2162 aeternam
3667 2099 3771 2162 sui
3815 2098 4397 2176 sanctificationem

2444 2187 2722 2262 reponat
2754 2180 2825 2244 in
2863 2181 3057 2246 unica
3087 2182 3133 2264 ¹)
3180 2180 3430 2247 Christi
3467 2180 3807 2261 oblatione,
3854 2203 4053 2266 quam
4096 2185 4396 2267 supposi-

2445 2265 2531 2330 tis
2575 2265 2720 2331 aliis
2764 2265 3024 2331 assidue
3067 2264 3322 2331 inducit
3356 2287 3432 2330 ao
3486 2266 3831 2333 obliterat?
3903 2266 4074 2348 Quis
4126 2290 4398 2334 suarum

2442 2349 2737 2416 sordium
2771 2351 3174 2418 ablutionem
3208 2359 3425 2434 speret
3460 2374 3502 2417 a
3535 2351 3787 2418 Christi
3821 2354 4161 2437 sanguine,
4199 2375 4396 2438 quem

2440 2436 2655 2518 porcis
2697 2436 3214 2503 conculcandum
3247 2437 3545 2520 proiicit?
3591 2436 3758 2518 Quis
3801 2459 3986 2523 spem
4028 2439 4257 2505 beatae
4290 2440 4395 2528 yi-

2442 2528 2548 2586 tae
2602 2543 2687 2586 ex
2744 2521 2993 2588 Christi
3047 2531 3258 2587 morte
3301 2523 3653 2606 concipiat,
3711 2524 3894 2590 ouius
3936 2525 4221 2591 fructum
4266 2525 4394 2590 alio

2441 2615 2519 2671 ut
2562 2609 2944 2687 transferat,
3001 2629 3146 2673 eam
3204 2617 3342 2674 tota
3387 2631 3508 2674 sua
3546 2609 3795 2674 virtute
3838 2610 4151 2675 enervat?
4220 2608 4390 2692 Quis

2441 2715 2512 2758 se
2556 2692 2808 2760 Christi
2852 2693 3363 2777 participatione,
3407 2702 3599 2759 extra
3640 2716 3838 2778 quam
3872 2716 4007 2760 non
4049 2696 4178 2760 nisi
4213 2716 4391 2761 mors

2440 2787 2559 2858 est,
2606 2781 2829 2844 vivere
2863 2779 3122 2863 cogitet,
3159 2782 3275 2862 qui
3310 2801 3563 2845 sacram
3600 2780 3743 2846 eius
3781 2781 4389 2847 communicationis

2438 2873 2756 2929 tesseram
2818 2864 3208 2948 disrumpit?
3296 2864 3514 2946 Quam
3579 2867 4010 2932 conscientiae
4075 2867 4389 2932 securita-

2438 2957 2576 3014 tem
2631 2948 2714 3016 ad
2767 2948 2901 3016 Dei
2952 2949 3238 3016 tribunal
3296 2951 3531 3017 afferat
3571 2950 3711 3029 ille,
3758 2953 3866 3034 qui
3909 2952 4048 3017 eius
4092 2952 4387 3037 gloriam,

2436 3056 2633 3118 quam
2684 3035 3006 3103 illibatam
3061 3036 3185 3102 sibi
3236 3038 3352 3102 uni
3402 3038 3651 3103 servari
3704 3038 3944 3120 poscit,
4001 3037 4085 3103 ad
4136 3038 4389 3104 idolum

2435 3121 2804 3188 traductam
2846 3122 3191 3204 procuret?
3237 3124 3444 3206 Atqui
3477 3124 3549 3188 in
3584 3144 3661 3188 eo
3702 3122 3915 3203 corde,
3959 3124 4067 3190 cui
4108 3124 4241 3189 sint
4271 3125 4388 3192 illa

2434 3208 2655 3273 omnia
2697 3208 2932 3288 ablata,
2970 3229 3136 3291 quae
3171 3209 3276 3276 vel
3310 3207 3464 3274 fidei
3510 3208 3617 3274 vel
3657 3210 3919 3292 pietatis
3961 3209 4248 3275 scintilla
4281 3232 4387 3276 re-

2433 3302 2612 3359 stare
2652 3293 2908 3376 potest?
2946 3293 3107 3360 Illas
3143 3300 3481 3378 praeterea
3512 3294 3982 3360 satisfactiones
4019 3292 4178 3359 dum
4212 3316 4385 3360 mer-

2435 3386 2691 3458 cantur,
2738 3379 2971 3461 quibus
3005 3401 3044 3444 a
3087 3378 3381 3446 cruciatu
3419 3380 3764 3446 solvantur
3796 3385 4207 3455 mortuorum
4243 3380 4384 3444 ani-

2433 3485 2580 3529 mae
2593 3516 2610 3543 ,
2655 3464 2901 3529 mirum
2943 3464 3074 3529 nisi
3115 3465 3318 3548 probe
3359 3465 3773 3549 intelligunt,
3818 3484 4016 3547 quam
4059 3463 4385 3547 flagitiosa

2432 3550 2505 3614 in
2571 3549 2918 3641 Christum
2982 3549 3260 3633 perfidia
3323 3572 3465 3616 sese
3520 3549 3772 3615 obstrin
3908 3556 3955 3613 t.
4044 3546 4386 3630 Quotquot

2434 3637 2612 3700 enim
2647 3637 3020 3701 animarum
3053 3635 3336 3701 salutem
3368 3637 3578 3719 pretio
3612 3657 3752 3700 nun
3909 3640 4086 3712 ntur,
4124 3653 4233 3698 eos
4267 3656 4384 3699 ve-

2432 3742 2578 3786 ram
2631 3721 2811 3785 illam
2870 3741 2945 3786 80
2997 3721 3287 3800 11810818,
3334 3742 3498 3804 (11188
3552 3741 3684 3786 non
3728 3740 3888 3785 auro
3932 3729 4047 3783 aut
4089 3726 4381 3802 argento,

2433 3805 2552 3873 sed
2585 3807 2869 3890 pretioso
2925 3805 3180 3873 Christi
3233 3807 3555 3891 sanguine
3609 3805 3929 3883 constitit,
3987 3801 4382 3886 redemptio-

2432 3913 2587 3957 nem
2629 3892 2973 3976 abnegare,
3019 3900 3193 3958 certo
3228 3892 3472 3959 certius
3516 3898 3633 3957 est.
3688 3890 3837 3954 lam
3878 3889 4212 3955 neminem
4244 3890 4384 3957 fore

2434 3978 2756 4058 existimo,
2793 3978 2897 4044 cui
2932 3977 3196 4061 quidem
3231 3979 3303 4042 in
3346 3977 3566 4061 aliqua
3605 3975 3842 4040 frontis
3886 3978 4036 4054 [pag.
4084 3979 4192 4055 70]
4227 3997 4381 4059 par-

2432 4063 2636 4130 ticula
2689 4062 2901 4147 pudor
2943 4063 3213 4128 haereat
3226 4115 3242 4143 ,
3285 4064 3397 4146 qui
3449 4061 3888 4128 conscientiae
3941 4061 4381 4127 innocentiam

2432 4148 2502 4214 in
2562 4148 2865 4216 tenendis
2919 4148 3210 4234 profanis
3264 4147 3397 4213 illis
3452 4146 3830 4214 sacerdotiis
3881 4146 4112 4211 testari
4179 4147 4377 4213 ausit:

2433 4256 2710 4319 quorum
2753 4256 2920 4319 quae
2973 4234 3324 4318 purissima
3366 4232 3702 4311 videntur,
3762 4239 4025 4297 tantum
4080 4225 4379 4298 exsecra-

2431 4320 2582 4387 bilis
2625 4321 2954 4404 nequitiae
2997 4341 3219 4386 seeum
3261 4319 3556 4385 trahunt.

2603 4407 2668 4471 N
2668 4428 2798 4472 unc
2842 4405 2926 4471 ad
2967 4413 3065 4485 te,
3111 4427 3149 4471 0
3192 4407 3298 4471 vir
3342 4405 3610 4483 eximie,
3669 4402 3957 4487 aliosque
3999 4404 4069 4467 in
4113 4403 4378 4469 univer-

2431 4513 2576 4557 sum
2620 4513 2866 4571 omnes,
2911 4494 3021 4576 qui
3065 4494 3137 4558 in
3177 4511 3386 4575 papae
3427 4510 3634 4574 regno
3678 4489 3893 4554 locum
3939 4489 4223 4572 aliquem
4264 4488 4378 4554 be-

2429 4578 2649 4649 neficii
2713 4577 2975 4644 nomine
3040 4577 3366 4654 obtinent,
3444 4575 3807 4642 orationem
3868 4594 4083 4639 meam
4146 4574 4375 4639 refero.

2431 4661 2765 4747 Quidquid
2800 4672 3157 4747 proventus
3193 4661 3533 4727 annuatim
3566 4659 3720 4726 inde
3755 4659 3840 4726 ad
3873 4681 3991 4727 vos
4024 4659 4212 4739 redit,
4248 4679 4380 4742 qua

2430 4749 2829 4815 conscientia
2883 4769 3200 4832 usurpare
3255 4745 3579 4825 audeatis,
3637 4766 3895 4829 quaero.
3985 4742 4065 4811 Si
4106 4745 4179 4810 in
4221 4764 4375 4811 oan-

2430 4834 2610 4900 cellis
2654 4836 3046 4901 vestratium
3099 4832 3496 4899 iudiciorum
3538 4832 3703 4898 haec
3747 4831 4105 4916 disputatio
4148 4850 4374 4896 versa-

2428 4929 2630 4999 retur,
2677 4922 2808 4987 8010
2853 4920 2937 4986 8(1
2980 4917 3412 4988 obtinendum
3456 4918 3613 4984 satis
3648 4938 3976 5001 superque
4010 4937 4169 4993 esse,
4216 4913 4374 4980 alle-

2568 5193 2627 5259 1)
2664 5207 2786 5261 una,
2825 5190 2960 5245 1576
2993 5206 3135 5261 seqq.
