4984 5975
540 315 859 390 XXXIV
1729 316 2278 386 'PRAO'I'A'I'US
2322 313 2911 384 THEOLOGIOI
2952 313 3401 386 MINORES.

868 509 1152 576 Praeter
1191 508 1370 573 116116
1410 506 1762 574 editionem
1814 506 2183 590 principem
2226 506 2414 573 nulla
2466 507 2599 572 alia
2633 524 2927 590 unquam
2981 506 3266 587 exstitit,
3322 511 3647 590 quantum
3688 526 3810 569 nos
3863 502 4126 587 quidem
4166 502 4572 586 rescivimus,

572 624 845 706 eiusque
899 621 1305 705 exemplaria
1352 620 1425 684 in
1479 618 1892 702 paucissimis
1945 616 2359 686 bibliothecis
2412 617 2693 702 publicis
2747 616 3020 700 reperiri
3073 624 3327 683 certum
3384 623 3502 684 est.
3589 616 3762 700 Ipsis
3812 615 4222 681 rarissimum
4278 615 4574 683 libellum

564 740 838 801 nostrae
889 730 1253 800 collectioni
1294 730 1567 796 minime
1610 729 2056 813 spernendum
2097 728 2399 811 κεψῆλιον
2439 729 2680 796 addere
2722 727 3013 812 contigit.
3102 730 3360 808 Postea,
3404 737 3483 793 ut
3516 727 3825 807 diximus,
3869 727 4050 792 Beza
4092 746 4149 792 a.
4194 729 4376 792 1576.
4422 748 4574 793 eum

562 843 947 931 appendicis
999 845 1145 910 vice
1204 864 1323 909 suo
1366 843 1796 908 ’111-6616166111
1834 841 2099 925 ‘corpori
2142 841 2512 921 subiunxit,
2559 862 2645 908 ex
2686 861 2816 924 quo
2858 838 3089 905 eadem
3132 839 3503 907 conditione
3544 839 3618 904 in
3658 843 3948 905 caeteras
3990 836 4306 904 editiones
4354 840 4572 922 (1597.

568 959 730 1021 1611
781 964 850 1022 et
889 954 1083 1041 1667)
1128 955 1409 1036 transiit,
1453 951 1535 1020 (16
1580 951 1814 1036 quibus
1865 951 2023 1020 vide
2065 973 2231 1037 quae
2287 973 2485 1036 supra
2528 973 2674 1037 pag.
2717 951 2966 1017 XXIV
3008 973 3138 1036 666.
3194 951 3369 1017 (11616
3412 957 3586 1016 66111.
3645 951 3862 1015 Bezae
3902 949 4099 1014 editio
4144 949 4321 1016 haud
4375 951 4576 1019 infre-

564 1075 844 1152 quenter
886 1068 968 1134 ab
1003 1066 1384 1132 authentico
1427 1064 1784 1147 exemplari
1831 1062 2185 1147 discrepat,
2230 1064 2448 1130 rarius
2491 1062 2855 1144 emendata,
2902 1064 3160 1147 saepius
3203 1063 3562 1146 depravata
3604 1061 3898 1126 lectione.
3986 1062 4393 1128 Posteriores
4436 1062 4574 1128 edi-

561 1179 774 1245 tiones
818 1200 966 1244 eam
1008 1177 1211 1244 talem
1254 1174 1639 1260 simpliciter
1672 1176 2064 1242 describunt.
2155 1173 2315 1242 Sola
2355 1174 2986 1243 Amstelodamensis
3025 1174 3504 1241 manifestiores
3546 1193 3802 1240 errores
3844 1180 4195 1259 expurgat,
4238 1194 4575 1258 nunquam

562 1310 724 1358 vero
772 1289 857 1356 ad
901 1289 1336 1375 archetypum
1376 1288 1675 1354 recurrit.

2258 1580 2667 1666 CAPUT
2726 1582 2883 1665 IV.

1717 1766 3076 1867 PSYCHOPANNYCHJA.
3148 1757 3437 1858 1534.

880 1972 1233 2040 Calvinum
1280 1980 1432 2039 aute
1475 1972 1814 2039 biennium
1856 1977 2004 2054 post
2061 1969 2272 2037 editos
2312 1969 2386 2036 111
2422 1967 2747 2036 Senecam
2799 1970 3297 2035 commentarios
3352 1969 3653 2053 elapsum
3709 1969 3793 2035 ad
3838 1969 4085 2052 scripta
4129 1968 4209 2034 de
4265 1967 4458 2036 rebus
4493 1967 4580 2035 ad

566 2084 953 2170 religionem
989 2084 1439 2169 spectantibus
1472 2082 1921 2167 componenda
1960 2102 2232 2149 manum
2274 2081 2641 2148 admovisse
2688 2081 2879 2146 testis
2914 2089 3017 2147 est
3057 2080 3234 2147 Bcza
3247 2133 3263 2161 ,
3312 2081 3425 2165 qui
3459 2081 3661 2148 refert
3701 2102 3856 2147 eum
3907 2080 4180 2147 Lutetia
4233 2079 4456 2146 relicta
4510 2080 4581 2147 in

571 2218 810 2281 agrum
856 2196 1293 2264 Santonicum
1355 2195 1500 2279 (alii
1562 2196 1953 2282 nominatim
2018 2193 2368 2278 designant
2429 2193 2661 2259 urbem
2718 2191 2909 2258 hodie
2973 2193 3198 2277 Ange
3217 2193 3477 2258 11161116
3542 2192 3813 2276 dictam)
3878 2190 4297 2277 demigrasse,
4362 2191 4582 2276 ibique

564 2309 774 2374 amico
818 2306 1079 2376 cuidam
1116 2328 1382 2391 operam
1419 2305 1705 2387 dedisse,
1748 2305 1936 2372 66166
1979 2312 2214 2390 rogatu
2255 2301 2490 2371 breves
2539 2303 2854 2388 quasdam
2898 2303 3371 2370 admonitiones
3414 2303 3809 2371 christianas
3854 2305 4208 2387 scripserit,
4255 2324 4417 2388 quas
4468 2303 4583 2371 1116

558 2418 863 2503 parochis
903 2417 1241 2485 nonnullis
1282 2418 1462 2483 inter
1502 2438 1687 2484 sacra
1730 2416 2100 2483 recitandas
2142 2398 2451 2482 tradebat*
2492 2423 2574 2481 ut
2612 2414 2934 2500 paulatim
2983 2415 3265 2500 populus
3320 2416 3403 2482 ad
3456 2414 3755 2483 veritatis
3812 2411 4229 2499 indagandae
4288 2415 4583 2483 studium

561 2530 951 2597 alliceretur.
1041 2529 1229 2612 Quae
1272 2528 1571 2610 schedae,
1616 2549 1822 2612 quum
1865 2526 2249 2612 simpliciter
2288 2548 2495 2593 manu
2528 2528 2810 2611 scriptae
2846 2534 3082 2607 essent,
3129 2535 3411 2594 aetatem
3453 2548 3590 2593 non
3634 2527 3948 2606 tulerunt,
3990 2547 4111 2593 1166
4152 2526 4341 2594 facile
4393 2528 4585 2594 nobis

557 2643 1080 2727 persuaserimus
1118 2661 1353 2707 verum
1396 2661 1539 2706 esse
1582 2639 1758 2723 quod
1800 2639 1958 2705 olim
1999 2638 2306 2704 nonnulli
2339 2639 2790 2719 insinuanmt,
2831 2639 3035 2706 fuisse
3071 2639 3193 2704 has
3227 2639 3473 2724 primas
3515 2623 3959 2706 Institutionis
3999 2636 4208 2705 lineas
4248 2638 4384 2704 iam
4435 2646 4582 2705 tum

565 2754 651 2820 ab
688 2761 919 2819 autore
964 2751 1345 2818 elaboratas.
1436 2750 1850 2835 (Florimond
1892 2750 1974 2816 de
2007 2735 2371 2830 Raemond,
2409 2749 2579 2815 Hist.
2622 2751 2699 2816 de
2742 2751 2807 2816 la
2838 2750 3172 2817 missam
3211 2751 3289 2817 de
3330 2750 3628 2831 Pheresie,
3671 2774 3733 2834 p.
3766 2752 3950 2836 883.)

874 2865 1039 2930 Mox
1091 2862 1462 2929 veredum
1517 2861 1830 2927 Aureliae
1888 2859 2195 2946 degebat,
2260 2859 2592 2944 peculiare
2647 2861 2908 2945 aliquod
2972 2869 3432 2945 argumentum
3497 2860 3940 2948 theologicum
3989 2863 4115 2929 sibi
4159 2862 4582 2933 tractandum

578 2976 879 3058 sumpsit,
924 2976 991 3039 in
1039 2995 1167 3058 quo
1210 2988 1275 3040 et
1317 2972 1563 3041 solidae
1606 2973 1940 3040 doctrinae
1982 2979 2052 3039 et
2092 2972 2469 3041 dialecticae
2513 2971 2896 3040 subtilitatis
2939 2973 3199 3059 insigne
3241 2975 3574 3060 specimen
3619 2973 3843 3041 edidit.
3934 2975 4256 3043 Refutare
4300 2981 4582 3042 conatus

570 3095 677 3152 est
713 3087 977 3152 illorum
1025 3108 1341 3166 errorem,
1387 3092 1722 3152 vetustum
1767 3083 2028 3170 quidem
2044 3138 2062 3167 ,
2109 3083 2226 3151 sed
2266 3094 2411 3167 tum
2452 3086 2739 3151 maxime
2780 3107 2822 3150 a
2863 3085 3256 3169 quibusdam
3297 3093 3687 3155 renovatum
3704 3139 3721 3168 ,
3765 3087 3876 3170 6111
3921 3087 4205 3154 (16116116
4249 3089 4582 3155 seiunctas

569 3218 610 3263 a
654 3197 1033 3282 corporibus
1090 3197 1552 3264 defunctorum
1610 3197 1865 3264 animas
1920 3195 2252 3265 docebant.
2343 3196 2525 3279 Quid
2575 3184 2935 3265 calvinhm
2987 3198 3072 3263 ad
3114 3198 3288 3264 hanc
3332 3199 3730 3265 sententiam
3789 3218 3948 3284 prae
4004 3201 4277 3266 caeteris
4317 3199 4583 3284 impug-

574 3310 865 3376 nandam
903 3308 1240 3393 impulerit
1272 3309 1449 3374 haud
1487 3310 1673 3375 facile
1709 3309 1975 3392 dixeris,
2020 3330 2224 3393 quum
2258 3316 2435 3376 66116
2468 3310 2646 3375 111161
2680 3309 2910 3376 Gallos
2944 3309 3084 3376 61116
3119 3311 3352 3377 6616116
3388 3309 3556 3375 tales
3599 3312 4012 3394 quaestiones
4056 3311 4340 3396 agitatas
4379 3311 4584 3377 fuisse

570 3422 749 3488 fama
790 3442 926 3486 non
970 3422 1157 3486 ferat.
1246 3418 1385 3485 Vix
1426 3420 1625 3486 etiam
1668 3421 2138 3488 crediderimus
2179 3421 2509 3489 exstitisse
2550 3428 2696 3486 tum
2736 3422 3051 3523 temporis
3093 3423 3338 3505 scripta
3374 3422 3447 3487 in
3488 3422 3726 3505 quibus
3770 3421 3851 3487 de
3893 3431 4368 3514 ψυχοπαννυχίςι,
4413 3442 4584 3505 6666

576 3534 846 3613 (1161161,
894 3542 1029 3598 tam
1068 3533 1658 3617 6611161,16166116
1701 3532 1954 3599 erudito
1998 3531 2404 3618 disputatum
2444 3533 2648 3598 fuerit
2688 3552 2764 3598 ac
2805 3532 3007 3599 fuisse
3050 3533 3403 3600 coniecerit
3444 3533 3684 3617 aliquis
3726 3556 3811 3600 ex
3855 3533 4125 3601 Calvini
4166 3534 4576 3600 refutatione.

571 3647 825 3713 Audias
863 3647 1083 3730 potius
1127 3647 1345 3729 ipsum
1382 3647 1454 3710 in
1497 3645 1902 3728 praefatione
1946 3645 2054 3710 sui
2093 3644 2298 3713 libelli
2354 3645 2434 3711 de
2478 3642 2771 3709 eiusdem
2822 3644 3037 3711 causis
3082 3653 3149 3712 et
3189 3646 3527 3712 occasione
3571 3645 4021 3711 disserentem.
4108 3647 4468 3728 Postquam
4505 3665 4579 3710 se

574 3777 615 3821 a
666 3758 1007 3823 nonnullis
1051 3758 1179 3841 piis
1233 3758 1392 3823 viris
1448 3756 1867 3822 sollicitatum
1920 3755 2120 3822 fuisse
2180 3755 2348 3821 dixit
2388 3764 2464 3821 ut
2505 3756 2640 3823 talc
2694 3754 2939 3839 aliquid
2981 3756 3232 3838 ederet,
3286 3777 3524 3824 verum
3566 3757 3885 3824 hactenus
3936 3756 4386 3842 flagitantibus
4439 3776 4578 3821 11611

569 3868 858 3947 66661666,
903 3871 996 3933 116
1038 3868 1283 3952 pergit:
1333 3852 1601 3934 Minime
1642 3867 1803 3933 mihi
1857 3867 2206 3950 expeditum
2247 3874 2384 3934 erat
2425 3889 2567 3935 cum
2617 3869 2707 3934 iis
2760 3887 3021 3932 manum
3077 3890 3394 3935 conserere
3451 3869 3565 3953 qui
3626 3873 3862 3935 starent
3903 3867 3986 3934 ab
4041 3869 4329 3934 adversis
4370 3868 4579 3951 parti-

564 3980 712 4059 bus,
765 4000 1029 4060 quorum
1082 4001 1192 4046 nec
1232 3985 1471 4059 eastra,
1515 3999 1624 4045 nec
1666 3980 1819 4059 tela,
1874 3999 1982 4045 nee
2036 3980 2425 4065 subterfuqia
2465 4000 2776 4046 noveram.
2867 3979 3163 4045 Nondum
3211 3983 3376 4047 em‘m
3430 3982 3771 4063 quidquam
3813 3981 3900 4049 ad
3951 4000 4049 4044 me
4077 3980 4403 4061 perlatum
4444 3984 4584 4057 erat

556 4094 815 4172 praeter
868 4102 1201 4157 murmura
1263 4096 1320 4158 et
1381 4111 1608 4157 raucos
1676 4092 1993 4173 strepitus.
2115 4091 2195 4158 Ut
2247 4091 2534 4175 conyredi
2598 4112 2737 4157 cum
2788 4092 2904 4172 iic,
2976 4093 3089 4176 qui
3143 4094 3216 4159 in
3287 4084 3548 4159 arenam
3614 4093 3893 4159 nondum
3941 4092 4346 4175 prodierant,
4410 4090 4580 4156 nihil

554 4222 829 4284 prorsus
891 4201 1073 4267 aliud
1122 4204 1436 4269 videretur
1489 4222 1682 4286 quam
1736 4223 1942 4267 aerem
1993 4204 2234 4269 clausis
2284 4203 2481 4268 oculis
2543 4203 2875 4268 verberare.
2987 4204 3081 4269 At
3136 4205 3212 4270 de
3278 4225 3565 4271 successu
3621 4205 3793 4288 louye
3863 4203 4048 4270 aliter
4111 4202 4335 4268 accidit
4386 4222 4578 4285 quam

562 4332 985 4396 speraveram.
1087 4312 1414 4395 Siquidem
1475 4315 1812 4380 blaterones
1866 4314 1967 4380 illi
2019 4318 2193 4380 tanta
2237 4282 2603 4380 strenuitate
2655 4316 2727 4379 in
2768 4320 2988 4398 partes
3038 4336 3196 4381 suas
3259 4318 3695 4396 incubuerunt,
3759 4320 3830 4380 ut
3885 4295 4127 4397 aliquot
4188 4315 4323 4379 iam
4383 4313 4578 4379 homi-

566 4444 721 4490 uum
771 4424 984 4490 miuia
1040 4425 1109 4488 in
1163 4428 1421 4492 eandem
1471 4416 1676 4493 secum
1733 4426 2059 4492 insaniam
2114 4427 2439 4491 traxerint.
2516 4425 2607 4491 Et
2645 4427 2857 4509 ipsum
2906 4428 3094 4493 etiam
3143 4429 3412 4510 malum,
3467 4434 3537 4494 ut
3594 4428 3798 4507 video,
3857 4426 4194 4493 iucruduit.
4303 4424 4582 4507 Quidam

568 4537 735 4602 enim
766 4536 1092 4619 principio
1145 4537 1396 4620 confuse
1444 4538 1820 4623 qam-iebant,
1882 4542 2270 4611 mortuorum
2313 4538 2558 4603 animos
2610 4539 2913 4619 dormire,
2977 4558 3179 4621 *neque
3232 4539 3603 4622 definiebant
3657 4540 3813 4623 quid
3859 4558 3984 4620 per
4035 4557 4318 4603 somnum
4359 4536 4581 4602 vellent

579 4647 858 4731 intelliqi.
958 4647 1373 4714 Emerserunt
1424 4656 1644 4730 postea
1699 4648 2053 4734 ψνχοκτόνοι
2107 4650 2217 4715 isti
2259 4651 2372 4733 qui
2413 4670 2686 4732 prorsus
2726 4671 2836 4715 eas
2882 4651 3192 4735 inquiant.
3278 4650 3324 4715 1
3325 4652 3553 4718 uorum
3601 4651 3854 4733 quidem
3893 4669 4168 4716 errorem
4218 4669 4340 4714 non
4375 4649 4583 4731 feren-

567 4758 719 4827 dwm
734 4810 751 4840 ,
823 4759 1050 4824 horum
1141 4779 1285 4824 vero
1366 4762 1689 4827 insaniam
1769 4763 2049 4846 qraviter
2120 4762 2520 4828 coercendam
2592 4762 2895 4828 existima.
3033 4761 3330 4845 Utrosque
3407 4785 3519 4828 nec
3593 4765 3864 4843 ratione,
3962 4782 4073 4826 uec
4145 4760 4376 4827 iudicio
4435 4758 4578 4823 nia.

588 4870 818 4935 Verum
873 4871 945 4936 id
998 4871 1154 4937 abiis
1194 4872 1582 4952 persuadere
1639 4894 1764 4939 aon
1805 4875 1900 4939 ita
1956 4872 2147 4956 facile
2189 4878 2304 4953 est,
2346 4873 2481 4937 nisi
2530 4874 2871 4970 vanitatem
2909 4873 3136 4957 palam
3189 4878 3274 4955 et,
3328 4875 3494 4957 quod
3532 4875 3797 4955 dieitur,
3851 4875 3922 4939 in
3956 4892 4024 4938 os
4064 4871 4373 4955 refellam,
4414 4890 4584 4952 quae

568 5001 691 5046 uon
732 4983 863 5048 nisi
904 4984 971 5047 iu
1021 5002 1239 5048 eorum
1279 4983 1532 5066 emptis
1570 4984 2066 5065 deprehenditur.
2154 4984 2476 5050 Dicuntur
2519 4989 2724 5050 autem
2762 5006 2919 5051 sua-s·
2957 5006 3163 5069 nuqas
3203 4986 3408 5052 neseio
3439 4987 3664 5068 quibu-5
3705 4985 4017 5051 schedulis
4055 4983 4373 5077 ventilare,
4410 5000 4582 5064 quas

571 5093 734 5158 mihi
770 5095 1030 5160 necdum
1065 5096 1280 5162 videre
1321 5096 1585 5178 con-tiyit.
1680 5097 1949 5163 Tantum
1989 5098 2070 5164 ab
2112 5097 2311 5164 amico
2352 5096 2603 5162 noadas
2641 5098 2954 5178 quasdam
2997 5097 3223 5178 accepi,
3264 5099 3494 5181 quibus
3517 5098 3980 5181 perscripserat
4019 5116 4182 5180 quae
4220 5094 4318 5160 vel
4359 5114 4437 5159 ea:
4477 5112 4586 5159 ore

566 5204 947 5288 loqaeaettium
1003 5207 1281 5290 excipere
1330 5206 1441 5275 ali.
1479 5206 1713 5272 cursim
1770 5207 2061 5290 licuerat,
2122 5210 2216 5276 vel
2282 5210 2683 5292 undecunque
2728 5207 3026 5292 colliqere.
3115 5208 3327 5293 lyam·
3375 5229 3569 5291 quum
3622 5209 3722 5276 illi
3764 5209 4055 5277 susurris
4111 5205 4460 5273 dan-adum
4510 5224 4585 5270 se
