4984 5975
667 276 791 338 375

652 469 720 529 et
758 463 1170 545 peculiariter
1210 464 1481 544 spiritus
1534 467 1791 527 sanctus
1842 461 2029 539 inest,
2083 460 2177 525 vel
2220 461 2437 543 potius
2484 461 2621 540 ipse

664 555 758 614 est
796 550 1050 613 caritas.
1142 548 1467 629 Siquidem
1509 547 1689 613 Deus
1734 548 1969 614 caritas
2012 552 2116 612 est.
2212 545 2622 628 Quamobrem

664 636 851 700 sicuti
893 634 1031 697 sine
1074 635 1308 714 spiritu
1350 638 1561 698 sancto
1604 633 1766 698 nihil
1807 638 2094 697 nostrum
2126 653 2319 713 neque
2348 637 2619 714 qratum,

665 741 857 800 neque
897 725 1206 801 acceptum
1249 718 1385 785 Deo
1429 724 1545 796 est,
1602 720 1696 783 ita
1749 739 1941 800 neque
1994 739 2127 784 esse
2175 718 2310 783 sine
2360 717 2621 783 caritate

652 810 873 888 potest.
969 805 1173 886 Quum
1196 824 1365 888 -erqo
1405 804 1676 869 dicimus
1712 804 1837 885 fide
1878 804 2015 870 sola
2055 804 2127 869 in
2168 802 2377 868 Deum
2419 807 2477 868 et
2519 802 2619 866 le-

661 910 805 956 sum
854 889 1176 956 Christum
1218 890 1427 955 salvos
1467 911 1582 955 nos
1625 910 1755 955 esse
1786 909 1998 971 posse,
2040 890 2112 954 in
2153 888 2268 955 hac
2311 890 2455 971 ipsa
2495 888 2621 969 fide

661 977 985 1042 caritatem
1009 978 1106 1042 vel
1137 977 1205 1041 in
1220 976 1462 1059 pm'fmis
1493 974 2118 1059 comprehendendam
2149 995 2281 1040 esse
2312 975 2620 1052 ducimus,

665 1082 827 1144 quae
856 1062 1155 1146 princeps
1186 1068 1242 1126 et
1262 1062 1603 1144 potissima
1627 1062 1672 1144 ¹)
1728 1066 1976 1126 nostrae
2017 1061 2248 1126 salutis
2289 1064 2377 1125 est
2405 1079 2619 1125 causa.

2320 271 2500 338 IAO.
2544 268 3017 338 SADOLETI

4514 277 4617 343 3⁷6

2724 478 3092 542 arrogamus
3134 458 3308 523 nobis
3349 459 3712 540 quidquam,
3759 479 3880 523 non
3900 459 4058 539 plus
4087 479 4199 524 nos
4230 480 4437 541 sapere
4460 483 4621 543 quam

2722 549 2994 624 oporteat
3036 564 3256 634 sapere
3305 545 3480 609 nobis
3525 544 3694 625 ipsis
3735 545 4221 626 persuademus,
4277 566 4393 610 non
4442 568 4622 629 super-

2722 629 2893 694 biam
2930 630 3259 710 afferimus
3288 631 3375 695 ad
3405 630 3904 695 contemnendum
3938 630 4225 695 ecclesiae
4255 631 4490 711 decreta,
4518 655 4623 700 non

2723 716 2928 780 animi
2961 715 3283 780 elationem
3317 735 3514 796 neque
3547 716 3866 799 inqenium
3901 716 4062 781 inter
4069 715 4333 797 populos
4364 724 4623 799 nostriani,

2723 805 2833 865 aut
2874 821 3098 865 novam
3139 802 3462 881 quandam
3512 802 3891 881 sapientiam
3945 806 4346 880 ostentamus,
4394 805 4492 868 sed
4537 806 4624 888 (de

2712 885 2936 967 probis
2988 892 3045 951 et
3099 887 3280 951 rectis
3338 884 3724 952 Christianis
3780 887 4023 970 loquor)
4073 888 4145 951 in
4183 887 4514 954 humilitate
4549 891 4625 954 in-

2720 972 3047 1055 qredimur
3080 976 3264 1053 atque
3307 973 3376 1035 in
3411 971 3780 1037 obedientia.-
3823 978 3881 1037 et
3912 993 3989 1038 ea
4021 991 4181 1054 quae
4201 993 4319 1055 per
4350 976 4624 1039 maiorum

2721 1062 3071 1123 nostrorum
3104 1058 3641 1123 sanctissimorum
3662 1057 3999 1138 hominum,
4033 1059 4626 1141 sapientissimorum

845 1147 985 1226 Sed,
1028 1154 1098 1212 ut
1139 1148 1435 1247 abeamus
1478 1170 1520 1212 a
1558 1148 1994 1245 disputatione,
2028 1153 2092 1245 ‘et
2130 1152 2521 1211 revertamur
2546 1164 2620 1243 ’eo
2667 1175 2674 1254 i
2723 1164 2840 1224 que
2890 1143 3253 1241 autoritates
3278 1144 3542 1242 ,tradita
3594 1144 3771 1209 nobis
3818 1149 3877 1208 et
3927 1146 4257 1241 constituta
4304 1151 4471 1224 sunt,
4517 1151 4626 1211 tan-

666 1234 832 1298 unde
873 1254 1095 1299 sumus
1135 1234 1431 1317 diyressi,
1487 1233 1862 1298 ostendimus
1902 1231 2100 1311 vobis,
2141 1232 2378 1314 fratres
2421 1251 2620 1295 caris·
2725 1249 2915 1310 quam
2961 1248 3081 1309 per
3122 1234 3423 1310 spiritum
3471 1249 3611 1308 vere
3664 1235 3949 1294 sanctum
3991 1230 4225 1296 dictata
4265 1235 4442 1312 atque
4469 1253 4627 1313 prae-

665 1319 835 1397 simi,
880 1320 975 1384 vel
1012 1321 1322 1384 ostendere
1353 1320 1571 1399 potius
1609 1319 1813 1383 conati
1854 1338 2076 1383 sumus
2119 1319 2271 1401 (non
2317 1318 2483 1380 enim
2522 1339 2621 1379 ae-

665 1410 820 1486 quat
840 1407 1327 1487 maynitudinem
1348 1405 1446 1468 rei
1461 1407 1515 1485 2)
1553 1405 1756 1468 oratio
1791 1405 2034 1484 nostra)
2072 1404 2294 1485 quanti
2327 1403 2622 1467 momenti
2669 1441 2674 1482 =

665 1491 768 1568 sit,
813 1497 1183 1572 quantopere
1225 1491 1311 1555 ad
1353 1511 1465 1554 nos
1496 1491 1821 1571 pertineat,
1864 1494 2111 1554 nostrae
2152 1488 2328 1553 nobis
2369 1488 2622 1552 animae

667 1576 924 1656 eiusque
961 1577 1193 1642 salutis
1217 1577 1598 1658 procuratio,
1635 1596 1763 1656 qua
1782 1576 1840 1658 ⁸)
1877 1580 2091 1640 nostra
2125 1575 2194 1638 in
2229 1575 2449 1638 anima
2482 1593 2622 1637 nos-

664 1666 789 1726 met
821 1661 951 1743 ipsi
994 1662 1102 1727 toti
1142 1683 1390 1738 sumus,
1446 1661 1786 1742 bonumque
1827 1660 1934 1725 hoc
1964 1661 2229 1741 proprie
2272 1664 2329 1723 et
2368 1659 2621 1724 unicum

666 1751 949 1812 nostrum
992 1753 1109 1825 est,
1154 1753 1395 1812 caetera
1436 1747 1622 1825 bona,
1680 1747 1891 1811 aliena
1947 1746 2122 1810 nobis
2179 1746 2395 1809 omnia
2438 1750 2620 1825 atque

667 1832 1015 1898 disiuncta:
1058 1827 1284 1913 quibus
1316 1853 1395 1897 ne
1430 1833 1593 1914 ipsis
1625 1832 1875 1914 quidem
1905 1832 2045 1914 frui
2079 1830 2232 1895 ullis
2261 1850 2621 1913 possumus,

667 1919 731 1984 si
775 1938 851 1981 ea:
893 1918 1001 1981 hoc
1033 1918 1326 1999 principe
1368 1924 1423 1980 ct
1465 1939 1602 1982 rere
1644 1923 1850 1982 nostro
1893 1916 2272 1982 excidamus.
2340 1915 2470 1981 Pro
2503 1936 2622 1998 quo

666 2004 793 2068 sibi
836 2004 1059 2067 tue-ndo
1114 2008 1172 2068 et
1225 2003 1640 2067 conservando
1695 2005 1948 2068 animae
2008 2007 2158 2080 [pag.
2200 2007 2303 2080 14]
2346 2002 2498 2067 bono
2541 2006 2624 2066 tot

669 2089 989 2171 quondam
1016 2087 1252 2153 Christi
1281 2089 1718 2172 gloriosissimi
1754 2093 2081 2170 martyres,
2116 2087 2436 2152 mortalem
2461 2086 2623 2151 hanc

670 2175 871 2238 vitam
899 2179 1188 2256 prompto
1232 2175 1442 2238 animo
1473 2180 1854 2256 posuerunt:
1909 2179 1993 2239 tot
2050 2174 2437 2238 sanctissimi
2491 2173 2625 2238 doc-

669 2264 834 2324 tores
872 2260 1192 2325 nocturnis
1233 2261 1610 2340 diurnisque
1663 2260 1999 2325 sudoribus
2055 2279 2128 2323 ac
2183 2258 2449 2342 viyiliis,
2505 2278 2624 2340 quo

667 2366 783 2410 nos
837 2345 908 2410 in
957 2346 1129 2410 viam
1181 2352 1409 2411 rectam
1464 2347 1825 2411 inducerent
1878 2351 1933 2411 et
1987 2346 2442 2422 constituerent,
2501 2344 2624 2409 sibi

666 2430 1113 2496 elaborandum
1156 2452 1287 2498 esse
1329 2436 1707 2496 statuerunt:
1760 2436 1884 2497 tota
1928 2430 2079 2495 olim
2123 2436 2251 2495 tam
2291 2430 2527 2494 multas
2570 2434 2625 2494 et

665 2523 798 2580 tam
837 2537 1063 2599 qraves
1106 2516 1185 2582 ab
1229 2518 1448 2599 impiis
1482 2519 1770 2599 tyrannis
1812 2522 1869 2582 et
1896 2515 2309 2598 praesidibus
2346 2517 2625 2599 yentium

664 2603 950 2667 iniurias
985 2608 1041 2666 et
1082 2603 1467 2667 calamitates
1488 2602 1753 2683 pertulit
1785 2602 2055 2667 ecclesia.
2127 2602 2299 2682 Quae
2327 2602 2464 2666 ideo
2497 2622 2623 2667 om-

669 2689 787 2752 nia
832 2692 886 2750 et
928 2709 971 2752 a
1001 2695 1404 2770 praepotente
1446 2688 1587 2751 Deo
1620 2688 1958 2768 permissa,
2003 2693 2060 2752 et
2101 2707 2144 2751 a
2183 2686 2448 2768 fortibus
2490 2686 2626 2751 illis

663 2774 847 2851 viris,
902 2771 1140 2837 Christi
1184 2795 1321 2837 vere
1363 2772 1700 2838 cultoribus
1741 2778 2044 2853 suscepta,
2090 2771 2376 2851 tolerata,
2418 2773 2625 2838 decer·

665 2863 919 2937 tataque
970 2863 1144 2936 sunt,
1199 2863 1269 2923 ut
1313 2880 1434 2940 per
1479 2878 1652 2924 omne
1703 2859 2260 2939 echerimentorum
2302 2862 2359 2922 et
2388 2857 2625 2938 proba-

668 2944 904 3009 tionum
958 2963 1152 3027 yenus
1192 2941 1503 3024 plurimis
1558 2942 1755 3009 veluti
1810 2943 2063 3009 malleis
2120 2961 2380 3022 excusa,
2433 2942 2626 3008 multo

666 3029 806 3113 iyni
841 3034 1139 3111 purqata,
1182 3029 1374 3092 tantis
1415 3033 1775 3094 sanctorum
1814 3029 2141 3093 'aerumnis
2184 3033 2365 3109 atque
2402 3027 2626 3093 labori-

667 3115 786 3180 bus
827 3115 1107 3193 conflata,
1153 3115 1567 3193 consolidata,
1607 3134 1921 3195 expressa,
1966 3118 2022 3177 et
2061 3114 2414 3179 maximam
2453 3115 2626 3195 apud

669 3198 884 3266 Deum
934 3200 1214 3283 qratiam
1264 3199 1588 3281 fidelitatis
1650 3221 1805 3265 suae
1869 3199 2121 3265 ecclesia
2188 3198 2503 3277 obtineret,
2570 3204 2627 3264 et

669 3304 986 3350 summam
1039 3286 1213 3368 apud
1265 3285 1540 3351 homines
1595 3286 2004 3351 autoritatem.
2094 3284 2268 3350 Haec
2319 3305 2432 3350 nos
2456 3285 2625 3351 ,Deo

673 3371 930 3436 ecclesia
974 3373 1041 3435 in
1089 3370 1333 3437 Christo
1376 3372 1787 3455 reyeneravit,
1831 3370 1981 3436 haec
2020 3390 2134 3436 nos
2175 3371 2360 3449 aluit,
2403 3371 2625 3452 confir-

668 3458 886 3537 mavit,
929 3458 1250 3536 instruxit,
1286 3459 1443 3538 quid
1474 3477 1587 3522 nos
1621 3457 1869 3537 sentire,
1913 3457 2068 3538 quid
2104 3457 2360 3535 credere,
2397 3457 2467 3520 in
2501 3476 2621 3538 quo

668 3562 846 3623 spem
872 3564 1136 3625 ponere,
1181 3564 1310 3624 qua
1352 3544 1462 3607 via
1506 3543 1573 3606 in
1617 3543 1848 3608 coelum
1891 3544 2133 3609 tendere
2174 3563 2289 3607 nos
2334 3547 2623 3623 oporteat,

668 3627 820 3709 ipsa
879 3629 1093 3693 eadem
1146 3629 1399 3694 edocuit.
1493 3628 1628 3693 Nos
1679 3630 1750 3693 in
1807 3627 1923 3692 hac
1976 3629 2290 3694 communi
2341 3629 2626 3695 ecclesiae

666 3714 792 3794 fide
835 3715 1197 3791 incedimus,
1243 3736 1356 3779 nos
1398 3713 1577 3779 illius
1616 3714 1772 3798 leqes
1805 3719 1862 3779 et
1882 3719 2220 3796 praecepta
2258 3716 2626 3780 retinemus:

670 3804 727 3862 et
767 3801 829 3863 si
871 3801 1119 3880 quando
1173 3800 1521 3883 frayilitate
1571 3805 1627 3864 et
1677 3801 2122 3864 incontinentia
2174 3800 2321 3866 victi
2364 3802 2451 3866 ad
2481 3821 2624 3881 pec-

670 3886 939 3949 candum
970 3886 1367 3966 prolabimur
1441 3886 1605 3967 quod
1646 3886 1891 3950 utinam
1932 3885 2152 3950 saltem
2194 3906 2344 3951 raro
2385 3906 2461 3950 ac
2501 3907 2626 3951 non

670 3968 939 4032 nimium
985 3990 1168 4050 saepe
1224 3973 1293 4034 in
1348 3993 1387 4035 n
1477 3973 1524 4035 's
1538 3971 1597 4054 ⁴)
1651 3972 1977 4050 accideret)
2033 3972 2104 4035 in
2159 3972 2370 4036 eadem
2422 3977 2625 4035 tamen

668 4053 796 4134 fide
835 4054 1122 4120 ecclesiae
1162 4059 1592 4141 exsuryimus:
1631 4057 1978 4138 quibusque
2013 4056 2129 4120 ula
2163 4057 2625 4137 expiationibus

671 4143 731 4204 et
778 4141 1182 4220 poenitentiis
1246 4148 1301 4205 et
1363 4141 1902 4224 satisfactionibus
1959 4147 2280 4224 peccatum
2343 4148 2624 4207 nostrum

672 4224 865 4302 ablui,
912 4230 967 4288 et
1011 4226 1098 4291 ad
1141 4226 1548 4309 inteqritatem
1582 4228 1950 4308 pristinam,
1994 4227 2274 4293 clemente
2318 4249 2467 4311 erqa
2510 4248 2625 4294 nos

670 4330 912 4393 semper
955 4316 1012 4375 et
1051 4312 1446 4377 misericorde
1469 4313 1623 4391 Dec,
1670 4334 1780 4377 nos
1821 4313 2067 4377 restitui
2112 4314 2293 4392 docet,
2343 4318 2487 4392 [pag.
2519 4318 2620 4393 15]

671 4415 781 4459 eas
836 4396 1137 4477 capiundi
1193 4401 1247 4461 et
1303 4400 1739 4480 satisfaciendi
1797 4399 2071 4463 rationes
2131 4400 2515 4479 suscipimus
2568 4405 2625 4465 et

668 4480 1050 4545 adhibemus.
1141 4481 1340 4563 quue
1378 4485 1468 4548 ita
1516 4504 1706 4566 quum
1746 4484 2051 4564 facimus,
2101 4485 2468 4564 confidimus
2511 4505 2624 4551 nos

670 4568 887 4630 veniae
940 4572 995 4630 et
1046 4569 1513 4633 misericordiae
1571 4571 1770 4635 locum
1831 4569 2007 4651 apud
2059 4568 2273 4634 Deum
2324 4572 2620 4635 invenire.

672 4651 820 4716 Non
877 4653 1040 4716 enim
1085 4659 1342 4732 practer
1382 4657 1745 4720 sententiam
1787 4660 1842 4720 et
1887 4656 2280 4720 autoritatem
2335 4658 2621 4722 ecclesiae

806 4975 864 5043 1)
901 4977 1272 5046 potissimum,
1317 4976 1497 5047 Luyd.
1533 4986 1579 5032 et
1616 4981 1749 5049 Ary.
1955 4981 2014 5047 2)
2052 4983 2156 5051 rei,
2206 4998 2304 5036 om.
2341 4981 2425 5036 ed.
2452 4984 2611 5049 prin·

661 5060 787 5115 ceps
1009 5044 1072 5109 3)
1114 5045 1397 5100 Gallasius
1444 5046 1578 5101 1552
1620 5050 1952 5105 mondavit.-
2036 5052 2152 5119 uia,
2198 5066 2352 5119 quem
2397 5052 2617 5120 sequuti

658 5123 806 5240 atate
827 5116 1168 5240 ’Emi-⁶⁸⁸
1374 5114 1434 5182 4)
1474 5131 1639 5185 saepe
1686 5119 1867 5187 nobiS,
1916 5117 2017 5172 155
2086 5134 2227 5189 seqq.
2262 5134 2330 5173 cx
2363 5119 2610 5175 mda-

2724 1320 2923 1394 cepta,
2986 1315 3153 1378 omni
3205 1333 3345 1378 cum
3392 1315 3516 1395 fide
3577 1317 3978 1397 suscipimus.
4076 1314 4327 1381 Etenim
4379 1317 4628 1383 novimas

2724 1405 2779 1464 et
2812 1401 3048 1465 scimus
3090 1406 3391 1479 quantum
3431 1398 3650 1465 habeat
3693 1402 3944 1480 virium,
3988 1402 4209 1482 quanti
4241 1403 4324 1465 sit
4356 1405 4625 1483 nwnienti,

2724 1486 2943 1566 quanti
2972 1485 3281 1565 ponderis
3322 1487 3497 1568 apud
3533 1486 3745 1552 Deum
3787 1487 4143 1552 humilitas:
4186 1508 4345 1568 quae
4378 1497 4498 1553 una
4525 1490 4630 1552 vir-

2724 1577 2827 1635 tus
2867 1572 2937 1634 in
2968 1571 3213 1650 primis
3257 1571 3604 1637 christiana
3653 1577 3771 1650 est,
3815 1593 4070 1654 eamque
4114 1594 4355 1655 semper
4393 1573 4631 1638 naam

2729 1655 3020 1721 Christus
3062 1656 3384 1722 Dominus
3428 1663 3631 1721 noster
3671 1664 3728 1723 et
3767 1660 4049 1737 monitis,
4105 1665 4160 1723 et
4191 1660 4552 1742 praeceptis,
4586 1664 4633 1724 et

2721 1743 2909 1823 factis
2963 1746 3145 1823 atque
3197 1742 3485 1823 operibus
3537 1745 3677 1809 suis
3707 1764 3873 1824 prae
3923 1765 3988 1809 se
4037 1745 4206 1823 tulit,
4251 1745 4631 1826 parvulisque

2724 1828 2893 1906 solis,
2939 1828 3009 1891 id
3051 1833 3137 1892 est
3151 1877 3166 1905 ,
3211 1827 3556 1893 humilibus
3586 1830 3983 1912 propositum
4025 1830 4184 1894 dixit
4228 1851 4360 1895 esse
4411 1849 4633 1912 reynum

2724 1913 3043 1978 coelorum.
3112 1914 3260 1978 Non
3293 1916 3459 1979 enim
3491 1917 3697 1996 refert,
3741 1935 4066 1997 corporene
4088 1917 4290 1996 parvi
4327 1936 4408 1979 an
4447 1916 4632 1998 maqni

2725 1999 2945 2076 simus,
2989 1999 3100 2064 sed
3141 1999 3306 2065 illud
3336 2001 3694 2081 plurimum
3728 2001 3932 2082 refert,
3975 2007 4190 2066 utrum
4223 2002 4431 2065 animo
4460 2002 4632 2066 simus

2725 2084 2969 2162 humili,
3011 2106 3176 2149 anne
3214 2086 3494 2165 superbo.
3585 2085 3922 2167 Superbia,
3965 2107 4126 2168 quae
4166 2088 4413 2170 anyelos
4450 2087 4633 2152 deiecit

2725 2170 2802 2236 de
2821 2171 2997 2248 coela,
3031 2170 3385 2235 hominibus
3417 2173 3629 2237 eadem
3662 2174 3782 2237 iter
3803 2172 3872 2236 in
3902 2173 4132 2237 coelum
4165 2173 4434 2255 impedit.
4488 2172 4632 2238 Unde

2727 2256 2969 2321 coeleste
3020 2257 3266 2322 animal
3323 2258 3584 2341 anyelus
3622 2263 3880 2340 propter
3933 2257 4297 2340 superbiam
4346 2258 4633 2340 expulsum

2728 2347 2834 2420 est,
2880 2363 2949 2406 eo
2992 2346 3309 2407 terrenum
3353 2343 3596 2408 animal
3637 2343 3813 2409 homo
3834 2349 4094 2425 propter
4129 2348 4280 2423 [pag.
4323 2351 4424 2422 161
4465 2342 4638 2407 humi-

2727 2427 2964 2493 litatem
3004 2428 3353 2492 extollitur:
3393 2434 3461 2492 ut
3503 2436 3815 2510 appareat
3842 2429 4069 2509 plane,
4113 2430 4497 2495 constitutum
4529 2447 4637 2493 esse

2727 2513 2906 2577 nobis
2949 2514 3017 2578 in
3062 2513 3411 2579 humilitate
3452 2516 3887 2595 potissimum,
3947 2520 4004 2578 et
4054 2516 4477 2580 adiumentum
4515 2534 4638 2596 per·

2717 2603 2946 2680 petuae
2998 2598 3229 2663 salutis
3280 2605 3554 2677 nostrae,
3625 2607 3681 2665 et
3732 2600 3925 2665 huius
3980 2600 4187 2666 beatae
4243 2621 4320 2666 ac
4369 2600 4639 2667 iucundae

2728 2684 2894 2764 spei,
2951 2705 3079 2765 qua
3131 2684 3219 2748 ad
3259 2685 3493 2752 coelum
3534 2687 3876 2765 tendimus,
3929 2686 4411 2767 firmamentum.
4495 2687 4638 2767 Quae

2729 2789 2923 2850 quum
2966 2771 3060 2833 ita
3102 2770 3255 2848 sint,
3315 2771 3632 2835 carissimi
3671 2774 3934 2854 fratres,
3994 2793 4188 2854 quum
4243 2778 4451 2838 nostra
4488 2770 4638 2837 salus

2729 2853 2923 2933 nobis,
2961 2875 3157 2935 quum
3199 2876 3350 2920 vera
3390 2857 3546 2935 vita,
3592 2877 3785 2938 quum
3827 2863 4076 2923 aeterna
4123 2858 4424 2940 felicitas,
4476 2875 4639 2940 quum

2729 2944 2961 3006 nosmet
2982 2941 3110 3022 ipsi
3142 2941 3404 3023 denique
3437 2941 3613 3009 nobis
3643 2943 3807 3025 ipsis
3823 2943 4144 3026 inprimis
4164 2948 4220 3009 et
4241 2946 4504 3010 maxime
4533 2960 4639 3007 eae-

2729 3031 3007 3091 terarum
3048 3047 3262 3092 rerum
3304 3030 3582 3094 omnium
3624 3031 3761 3094 cari
3803 3050 3934 3096 esse
3973 3029 4334 3112 debeamus,
4378 3050 4555 3113 quum
4590 3028 4638 3091 si

2726 3117 2957 3177 nosmet
2997 3113 3169 3193 ipsos
3190 3114 3693 3194 perdiderimus,
3738 3115 3903 3180 nihil
3944 3117 4197 3198 uspiam
4240 3123 4539 3194 nostrum,
4582 3113 4639 3178 id

2726 3204 2832 3276 est,
2876 3198 3038 3279 quod
3079 3199 3259 3278 iuvet,
3303 3205 3416 3263 aut
3448 3201 3613 3282 quod
3639 3203 3958 3281 pertineat
3999 3203 4086 3266 ad
4124 3223 4256 3283 nos,
4301 3204 4496 3267 simus
4531 3221 4640 3265 am

2713 3284 2899 3369 plius
2935 3286 3278 3366 reperturi,
3333 3306 3527 3366 quum
3569 3286 3812 3352 nullum
3848 3288 4114 3371 yravius
4153 3288 4481 3366 damnum,
4529 3284 4640 3350 nul·

2726 3369 2859 3434 lum
2901 3371 3234 3436 exitiosius
3275 3370 3532 3450 malum,
3575 3373 3756 3437 nulla
3799 3374 4076 3439 acerbior
4108 3374 4441 3441 calamitas
4479 3372 4641 3437 amis-

2725 3456 2899 3520 sione
2952 3460 3010 3519 et
3059 3456 3305 3522 iactura
3360 3458 3722 3522 animarum
3775 3464 4137 3525 nostrarum
4179 3461 4456 3527 accidere
4493 3456 4641 3522 nobis

2715 3542 2953 3623 possit.-
2997 3547 3245 3622 quanto,
3289 3541 3541 3621 obsecro,
3584 3544 3806 3623 studiO,
3851 3566 3978 3626 qua
4021 3546 4227 3610 animi
4269 3566 4426 3611 cura
4463 3550 4514 3610 et
4546 3540 4640 3607 sol-

2726 3626 3045 3691 licitudine
3075 3628 3406 3707 providere
3447 3628 3763 3709 debemus,
3815 3649 3891 3695 ne
3951 3632 4023 3694 in
4077 3630 4185 3696 hoc
4227 3637 4467 3697 tantum
4493 3627 4641 3711 peri-

2727 3712 2936 3777 culum
2988 3713 3172 3778 salus
3226 3719 3285 3779 et
3335 3714 3461 3778 vita
3505 3720 3720 3780 nostra
3759 3716 4177 3781 coniiciatur?
4268 3716 4519 3782 Dabitis
4555 3731 4639 3777 vos

2715 3799 2991 3880 profecto
3032 3798 3192 3862 milii
3224 3804 3282 3865 et
3312 3801 3661 3879 concedetis,
3702 3800 3867 3866 nihil
3886 3803 4318 3882 perniciosius
4349 3821 4529 3883 neque
4553 3799 4640 3881 su-

2727 3888 2972 3948 nestum
3012 3886 3218 3967 maqis
3260 3888 3499 3950 evenire
3541 3885 3715 3950 nobis
3759 3908 3970 3968 posse,
4028 3908 4219 3968 quam
4276 3888 4642 3953 amissionem

2727 3969 4642 4141 nmssfn‘zfflfffflnfflmffecfflffi

2728 4161 2804 4205 ne
2845 4140 2916 4204 id
2957 4141 3220 4220 accidat,
3253 4143 3770 4224 praecavendum.
3864 4144 4065 4210 Cuius
4105 4146 4274 4210 enim
4316 4146 4470 4211 mali
4508 4160 4639 4216 sorS,

2726 4226 2786 4290 si
2828 4246 2905 4290 ea
2947 4226 3015 4289 in
3058 4247 3172 4291 nos
3215 4228 3467 4306 incidat,
3510 4231 3787 4294 omnium
3829 4230 4141 4295 malorum
4183 4237 4272 4296 est
4299 4226 4638 4302 deterrima,

2726 4311 3002 4376 eiusdem
3055 4312 3211 4376 mali
3247 4314 3604 4395 periculum
3653 4317 3929 4381 maxime
3982 4317 4262 4382 omnium
4315 4317 4487 4382 nobis
4531 4330 4641 4377 esse

2720 4396 3194 4479 formidolosum
3247 4399 3432 4466 debet.
3521 4399 3778 4465 Etenim
3834 4407 4072 4483 quanta
4099 4401 4146 4485 ¹)
4212 4409 4302 4468 est
4368 4403 4437 4467 in
4495 4396 4639 4463 malo

2725 4483 2926 4561 moles,
2971 4488 3181 4548 tantus
3223 4486 3293 4549 in
3322 4486 3611 4567 periculo
3652 4488 3808 4551 mali
3851 4507 4088 4552 necesse
4122 4492 4212 4551 est
4247 4493 4318 4552 ut
4350 4489 4434 4553 sit
4462 4488 4635 4551 timor.

2724 4569 2933 4649 Atque
2974 4573 3043 4632 ut
3086 4571 3198 4651 qui
3238 4571 3490 4636 horrent
3529 4576 3585 4636 et
3627 4578 3906 4637 nwtuunt
3949 4574 4016 4636 in
4042 4572 4316 4658 pelayus
4348 4566 4639 4654 praecipi·

2722 4655 2866 4733 tari,
2915 4655 2984 4720 lii
3024 4676 3101 4719 ne
3144 4657 3231 4721 ad
3262 4662 3680 4738 praeruptam
3720 4660 3969 4740 quidem
4008 4664 4064 4724 et
4107 4660 4516 4724 imminentem
4546 4672 4638 4734 pe·

2720 4739 2859 4823 layo
2900 4760 3123 4824 rupem
3166 4744 3396 4807 audent
3429 4742 3727 4822 accedere,
3776 4748 3922 4822 [pag.
3967 4750 4066 4824 1'7]
4112 4746 4204 4810 sic
4246 4746 4360 4828 qui
4390 4737 4637 4808 terribile

2718 4825 2881 4891 illud
2923 4826 3056 4891 Dei
3098 4831 3153 4891 et
3195 4827 3656 4893 damnatorium
3699 4830 4005 4895 iudicium
4035 4830 4532 4911 perhorrescunt,
4570 4820 4635 4888 ab

2850 5188 2907 5253 1)
2949 5186 3061 5242 Ed.
3089 5189 3350 5256 princeps
3386 5196 3438 5244 et
3471 5190 3952 5259 Arqentoratensis
3985 5190 4207 5245 habent.-
4239 5197 4502 5259 quantum.
