4984 5975
400 305 519 365 401

392 491 464 555 in
508 486 814 553 manibus
857 495 1012 553 sunt
1052 488 1521 557 ecclesiasticae
1556 491 1902 572 historiae,
1929 494 2190 575 puriore
2231 493 2346 560 illo

392 573 656 641 saeculo
677 573 950 638 minime
971 575 1300 641 exstitisse
1322 585 1621 642 narrant:
1648 578 1883 660 quibus
1903 586 2167 660 patrum
2188 601 2346 662 quo-

393 681 521 745 que
578 660 954 725 wstimonia
996 661 1432 727 consentiunt.
1497 663 1720 729 Fucus
1772 685 1929 746 ergo
1987 672 2114 744 est,
2174 665 2345 748 quod

394 745 839 813 humilitatem
889 744 1024 810 illic
1067 752 1135 812 et
1177 768 1217 811 a
1261 745 1528 812 Christo
1580 756 1645 812 et
1701 747 1782 814 ab
1836 750 2115 815 ecclesia
2154 772 2344 834 prae-

395 841 649 916 ceptam
683 853 759 897 ac
794 832 1215 896 constitutam
1255 835 1369 898 ais.
1437 834 1730 899 Tametsi
1769 836 1944 899 enim
1980 833 2114 900 illic
2148 858 2344 919 quae-

398 919 547 983 dam
581 925 854 1000 apparet
886 916 1279 983 humilitatis
1322 921 1587 1002 species,
1634 920 1828 1003 longe
1870 929 2094 988 tamen
2138 921 2340 1002 abest,

396 1006 553 1089 quin
607 1003 878 1069 deiectio
932 1002 1288 1085 quaelibet,
1324 999 1734 1071 humilitatis
1806 1006 2100 1085 nomine,
2169 1007 2343 1090 apud

393 1092 614 1155 Deum
667 1087 1173 1154 commendetur.
1233 1089 1495 1172 Itaque,
1552 1112 1779 1156 veram
1821 1090 2083 1156 demum
2122 1093 2342 1157 humi-

390 1177 649 1241 litatem
684 1174 931 1239 Paulus
967 1194 1108 1239 esse
1144 1172 1332 1240 docet
1366 1175 1532 1260 (Col.
1575 1181 1632 1255 2,
1678 1180 1804 1260 18),
1842 1198 2007 1260 quae
2041 1178 2124 1242 ad
2159 1177 2342 1243 verbi

392 1261 518 1327 Dei
565 1260 864 1344 regulam
908 1267 1009 1324 est
1050 1262 1422 1342 composita.

565 1348 651 1411 In
707 1344 1057 1410 asserenda
1125 1353 1504 1410 sanctorum
1556 1348 2051 1426 intercessione,
2106 1350 2162 1414 si
2218 1350 2338 1416 hoc

392 1440 657 1499 tantum
712 1429 1033 1509 intendis,
1092 1451 1201 1495 888
1258 1432 1538 1508 assiduis
1582 1433 1752 1499 votis
1796 1441 2106 1516 expetere
2149 1436 2338 1519 regni

391 1518 647 1585 Christi
693 1517 1269 1599 complementum,
1325 1518 1396 1582 in
1450 1540 1576 1600 quo
1620 1519 1798 1583 salus
1843 1520 2133 1585 omnium
2178 1522 2338 1585 fide-

388 1606 555 1670 lium
601 1602 995 1678 continetur,
1041 1623 1231 1667 nemo
1275 1610 1376 1669 est
1414 1613 1733 1683 nostrum,
1778 1606 1890 1688 qui
1933 1606 2222 1688 aliquam
2257 1606 2338 1672 de

392 1712 470 1756 ea
521 1710 594 1754 re
650 1687 1160 1752 controversiam
1216 1688 1428 1754 faciat.
1494 1690 1753 1772 Itaque,
1802 1689 2056 1754 nullum
2101 1712 2337 1773 operae

392 1776 678 1860 pretium
736 1773 973 1850 fecisti,
1029 1774 1102 1835 in
1160 1774 1333 1839 hanc
1386 1783 1643 1858 partem
1696 1783 2038 1859 tantopere
2080 1777 2335 1842 incum-

392 1859 603 1927 bendo
620 1883 636 1937 ;
682 1858 799 1924 sed
855 1858 1121 1923 noluisti
1166 1859 1413 1925 scilicet
1457 1862 1755 1926 amittere
1800 1861 2047 1926 salsum
2078 1863 2127 1946 ¹)
2166 1863 2336 1927 illud

389 1946 759 2023 dicterium,
814 1965 942 2027 quo
996 1965 1114 2009 nos
1163 1944 1496 2024 verberas,
1545 1953 1687 2024 [pag.
1737 1954 1839 2024 33]
1886 1948 2070 2030 quasi
2114 1950 2335 2031 opine-

385 2053 556 2110 mur,
603 2032 859 2095 animas
893 2052 1025 2094 una
1064 2052 1211 2095 cum
1247 2031 1622 2114 corporibus
1655 2032 1944 2097 interire.
2004 2033 2141 2097 Nos
2177 2055 2334 2099 vero

387 2116 865 2202 philosophiam
915 2116 1113 2181 istam
1169 2118 1441 2181 summis
1499 2118 1737 2183 vestris
1782 2118 2212 2201 pontificibus,
2261 2141 2336 2185 ac

389 2203 819 2270 cardinalium
877 2202 1147 2284 collegio
1206 2201 1664 2284 relinquimus:
1722 2225 1763 2268 a
1814 2204 2048 2286 quibus
2092 2204 2334 2270 fidelis-

389 2293 547 2356 sime
600 2290 741 2353 iam
794 2287 1018 2351 multis
1071 2288 1261 2351 annis
1304 2288 1479 2352 culta
1522 2289 1672 2365 fuit,
1719 2311 1928 2372 neque
1974 2290 2166 2354 hodie
2210 2290 2334 2356 coli

390 2375 642 2440 desinit.
704 2372 936 2455 Itaque
987 2382 1054 2438 et
1109 2372 1300 2451 illud,
1359 2374 1529 2455 quod
1574 2373 1867 2452 subiicis,
1908 2375 2170 2440 illorum
2215 2386 2333 2455 est,

391 2462 679 2527 suaviter
731 2457 1013 2523 delitiari
1028 2509 1043 2535 ‚
1088 2458 1270 2523 nulla
1321 2459 1581 2524 futurae
1634 2461 1812 2525 vitae
1865 2459 2331 2528 sollicitudine:

390 2568 461 2612 ac
512 2567 634 2611 nos
676 2544 947 2609 miseros
995 2543 1493 2624 homunciones,
1540 2545 1714 2628 quod
1766 2557 1904 2611 tam
1962 2547 2158 2611 anxie
2214 2568 2332 2630 pro

390 2631 639 2699 Christi
704 2651 906 2714 regno
962 2628 1361 2710 laboramus,
1417 2630 1697 2697 ludibrio
1751 2632 2009 2698 habere.
2099 2630 2333 2698 Caete-

388 2739 530 2783 rum
575 2719 647 2781 in
695 2727 1065 2781 sanctorum
1112 2716 1573 2782 intercessione
1614 2739 1733 2783 nos
1777 2739 1923 2783 eam
1964 2719 2035 2782 in
2077 2726 2334 2800 partem

389 2802 770 2880 institimus,
815 2822 1010 2883 quam
1053 2823 1186 2865 non
1230 2812 1332 2867 est
1374 2803 1617 2867 mirum
1659 2826 1778 2869 cur
1824 2805 2329 2887 praetermittas.

388 2889 785 2955 Innumerae
819 2888 997 2952 enim
1039 2888 1532 2969 superstitiones
1577 2888 1686 2953 hic
1725 2889 1990 2955 fuerunt
2030 2889 2333 2956 exciden-

392 2975 540 3041 dae:
578 2995 746 3059 quae
805 2995 880 3039 eo
926 2994 1133 3057 usque
1187 2980 1622 3053 emerserant,
1668 2985 1745 3041 ut
1784 2976 2044 3059 penitus
2088 2998 2173 3042 ex
2213 2977 2330 3043 ho-

388 3061 640 3126 minum
671 3059 908 3124 animis
945 3059 1157 3124 deleta
1190 3072 1363 3125 esset
1397 3060 1647 3127 Christi
1682 3063 2087 3142 intercessio;
2124 3064 2332 3130 sancti

430 3170 501 3211 ro
546 3146 673 3211 diis
726 3147 1219 3225 invocarentur3
1278 3146 1351 3209 in
1407 3145 1587 3225 illos,
1645 3169 1812 3230 quae
1866 3150 2132 3231 propria
2179 3156 2334 3215 sunt

386 3169 512 3299 gei
558 3233 772 3297 officia
827 3231 1403 3312 distribuerentur3
1458 3254 1578 3297 1188
1621 3233 1954 3317 quidpiam
1988 3235 2337 3301 interesset

387 3320 559 3384 inter
602 3339 829 3383 eorum
885 3317 1131 3382 cultum
1181 3326 1248 3380 et
1290 3328 1580 3383 veterem
1620 3318 1822 3398 illam,
1867 3341 2065 3403 quam
2108 3342 2332 3386 omnes

385 3405 620 3469 merito
663 3422 1099 3481 exsecramur,
1143 3401 1592 3469 idololatriam.

560 3488 898 3569 Quantum
944 3488 1027 3552 ad
1071 3490 1521 3572 purgatorium
1564 3490 1815 3570 attinet,
1862 3492 2103 3556 scimus
2146 3497 2328 3556 vete-

388 3597 491 3641 res
535 3574 775 3640 alicubi
818 3573 1124 3639 ecclesias
1180 3575 1408 3640 fecisse
1462 3576 1846 3641 nonnullam
1902 3577 1973 3640 in
2029 3575 2330 3659 precibus

390 3670 799 3727 mortuorum
835 3659 1252 3737 mentionem,
1299 3660 1414 3726 sed
1448 3661 1633 3726 illam
1674 3682 1895 3727 raram
1929 3672 1996 3727 et
2030 3662 2331 3742 sobriam,

388 3756 453 3812 et
493 3746 722 3830 paucis
763 3752 1023 3809 tantum
1044 3744 1282 3811 ⁴verbis
1326 3746 1888 3829 comprehensam,
1935 3747 2232 3831 denique,
2262 3748 2333 3813 in

388 3854 516 3917 qua
568 3838 944 3914 appareret,
1000 3829 1163 3894 nihil
1222 3831 1401 3895 aliud
1453 3832 1623 3898 velle
1638 3885 1653 3911 ,
1707 3853 1901 3916 quam
1946 3855 2134 3898 suam
2178 3855 2336 3918 erga

386 3926 680 3983 mortuos
735 3917 1074 3982 caritatem
1128 3917 1337 3982 obiter
1387 3920 1632 3984 testari.
1697 3921 1790 3984 At
1841 3920 2134 3984 nondum
2192 3920 2337 3984 nati

387 4013 576 4071 erant
612 4002 968 4079 architecti,
1006 4023 1046 4066 a
1077 4003 1312 4085 quibus
1345 4005 1797 4087 purgatorium
1831 4004 2006 4070 istud
2041 4013 2337 4071 vostrum

388 4095 906 4157 construeretur:
963 4088 1078 4169 qui
1116 4097 1341 4170 postea
1398 4091 1470 4153 in
1520 4098 1774 4154 tantam
1830 4090 2337 4173 amplitudinem

386 4175 547 4240 illud
595 4174 987 4252 dilatarunt,
1041 4174 1110 4237 in
1165 4184 1419 4239 tantam
1472 4176 1852 4241 extulerunt
1903 4175 2332 4257 altitudinem,

388 4271 465 4326 ut
498 4259 838 4345 potissima
880 4259 1066 4342 regni
1111 4262 1317 4325 vestri
1361 4263 1570 4343 portio
1611 4262 1755 4343 ipso
1798 4262 2123 4327 fulciatur.
2184 4260 2334 4328 Scis

385 4349 543 4430 ipse,
592 4345 804 4429 qualis
849 4365 1145 4410 errorum
1176 4345 1364 4411 lerna
1404 4347 1560 4411 inde
1603 4348 1944 4412 emerserit
1952 4371 1970 4427 3
2012 4348 2139 4413 scis
2176 4355 2332 4430 quot

430 4431 778 4516 raestigias
833 4438 1063 4513 sponte
1107 4433 1492 4516 excogitarit
1534 4433 1937 4515 superstitio,
1982 4433 2216 4516 quibus
2260 4455 2330 4499 se

383 4454 672 4597 luderem
732 4517 859 4582 sois
903 4524 1059 4598 quot
1101 4516 1499 4600 imposturas
1542 4519 1853 4583 fabricata
1894 4519 1982 4584 sit
2024 4518 2132 4582 hic
2174 4541 2330 4585 ava-

385 4605 555 4685 ritia,
580 4623 709 4686 quo
731 4623 923 4667 omne
947 4623 1154 4685 genus
1181 4604 1478 4669 homines
1500 4604 1894 4687 emulgeret3
1932 4605 2058 4669 scis
2084 4613 2328 4686 quanto

383 4689 652 4773 pietatis
697 4686 1087 4752 detrimento
1128 4689 1375 4755 factum
1418 4689 1485 4754 id
1527 4691 1743 4755 fuerit.
1809 4689 1983 4753 Nam
2027 4697 2103 4754 ut
2137 4690 2330 4755 omit-

388 4785 525 4840 tam
569 4794 804 4840 verum
846 4773 976 4838 Dei
1019 4773 1269 4840 cultum
1313 4797 1395 4841 ex
1440 4797 1515 4841 eo
1556 4773 1743 4841 valde
1787 4773 2160 4855 concidisse,
2203 4776 2328 4842 hoc

378 4870 557 4927 certe
591 4860 717 4937 fuit
752 4859 1129 4942 pessimum,
1175 4861 1347 4943 quod
1382 4861 1539 4926 dum
1581 4862 1877 4928 certatim
1921 4860 2155 4927 volunt
2186 4883 2326 4926 om-

522 5152 581 5217 1)
621 5150 838 5219 salsum,
874 5150 1056 5218 ayunt
1088 5155 1286 5203 veteres
1295 5166 1315 5215 ,·
1359 5165 1419 5204 88
1456 5151 1623 5217 gentil
1657 5168 1877 5221 propos,
1914 5151 2075 5205 vertit
2113 5150 2325 5206 Gallus.

603 5220 680 5272 'us
699 5219 915 5287 primus
937 5217 1161 5285 scripsit
1182 5218 1392 5285 falsum,
1427 5234 1580 5287 quem
1600 5222 1920 5276 recentiores
1942 5222 2159 5290 sequuti
2176 5224 2324 5276 sm.

597 5303 821 5360 calvini
848 5320 1033 5374 opera.
1112 5304 1224 5359 Vol.
1269 5304 1328 5359 V.

1770 304 1899 370 AD
1946 304 2419 373 SADOLETI
2459 307 3022 376 EPISTOLAM.

4284 321 4418 385 402

2450 516 2570 560 nes
2615 495 2772 560 sine*
2801 497 2937 561 ullo
2980 497 3109 563 Dei
3145 505 3495 583 praecepto
3540 500 3845 583 opitulari
3888 505 4164 571 mortuis
4178 557 4195 584 ,
4256 527 4413 591 ger-

2448 602 2649 646 mana
2690 583 2979 648 caritatis
3022 583 3252 664 officia,
3290 606 3460 668 quae
3494 592 3836 669 tantopere
3875 589 4251 673 exiguntur,
4292 614 4412 676 pe-

2449 668 2629 732 nitus
2668 668 3118 752 neglexerunt.

2619 751 2771 817 Non
2824 755 3070 837 patiar,
3114 752 3449 836 Sadolete,
3494 765 3570 822 ut
3624 757 3941 823 eiusmodi
3983 761 4255 843 flagitiis
4297 784 4410 829 ec-

2449 836 2683 902 clesiae
2728 859 2971 904 nomen
3013 840 3447 920 inscribendO,
3487 849 3555 906 et
3594 864 3739 907 eam
3783 851 4011 909 contra
4044 846 4142 911 fas
4187 853 4254 910 et
4295 849 4404 914 ius

2447 923 2726 989 infames
2739 975 2755 1002 ,
2814 931 2883 989 et
2933 925 3121 991 nob‘is
3176 927 3499 993 invidiam
3563 928 3736 1010 apud
3788 928 4126 1012 imperitos
4181 932 4401 1014 facias,

2447 1028 2524 1073 ac
2571 1010 2626 1072 si
2669 1010 2915 1074 bellum
2982 1032 3134 1075 cum
3204 1011 3477 1078 ecclesia
3529 1033 3759 1097 gerere
3814 1015 4003 1080 nobis
4062 1016 4396 1083 decretum

2446 1095 2631 1158 foret.
2699 1095 2901 1174 Nam,
2947 1103 3023 1160 ut
3077 1098 3404 1162 fateamur
3448 1099 3621 1164 iacta
3672 1099 3873 1165 fuisse
3931 1101 4089 1167 olim
4146 1103 4400 1169 semina

2445 1178 2768 1262 quaedam
2813 1183 3368 1264 superstitionum,
3416 1205 3586 1266 quae
3622 1183 3703 1249 ab
3745 1187 4067 1269 evangelii
4157 1190 4398 1254 uritate

2444 1265 2748 1329 nonnihil
2801 1265 3317 1350 degenerabant,
3363 1270 3490 1335 scis
3535 1279 3755 1335 tamen
3799 1272 3960 1350 ista,
4005 1274 4120 1355 qui
4165 1295 4396 1341 uscum

2444 1351 2516 1413 in
2604 1351 2789 1416 rimis
2833 1352 3319 1436 belligeramur,
3363 1355 3721 1439 impietatis
3762 1366 4077 1438 monstra,
4122 1381 4260 1424 non
4302 1361 4399 1425 ita

2444 1437 2546 1517 pri
2593 1458 2696 1501 em
2756 1438 2863 1503 vel
2919 1445 3078 1503 nata
3131 1459 3307 1518 esse,
3364 1440 3472 1506 vel
3515 1449 3691 1506 certe
3729 1443 3803 1506 in
3846 1443 4019 1508 hano
4063 1447 4396 1528 magnitu-

2444 1520 2667 1586 dinem
2714 1524 3097 1589 excrevisse.
3213 1522 3391 1590 Sane
3444 1526 3528 1591 ad
3595 1548 3876 1611 regnum
3933 1537 4229 1595 vestrum
4277 1552 4396 1596 ex-

2441 1608 2888 1690 pugnandum,
2927 1610 3414 1688 conterendum,
3454 1610 3980 1694 disperdendum,
4017 1637 4148 1680 non
4185 1615 4391 1682 divini

2442 1694 2624 1758 verbi
2679 1693 2869 1757 modo
2927 1696 3201 1775 virtute,
3270 1696 3385 1761 sed
3439 1709 3814 1763 sanctorum
3873 1700 4075 1765 etiam
4129 1710 4396 1785 patrum

2439 1777 2765 1860 praesidio
2808 1780 3043 1844 armati
3089 1802 3334 1848 sumus.
3412 1786 3632 1867 Atque
3676 1793 3753 1848 ut
3795 1785 4103 1851 ecclesiae
4146 1790 4392 1852 autori-

2441 1872 2643 1928 tatem
2660 1914 2675 1941 ,
2721 1885 2945 1947 quam,
2994 1865 3197 1932 veluti
3237 1868 3459 1934 Aiacis
3503 1868 3809 1953 clypeum
3825 1922 3841 1949 ,
3888 1871 4163 1938 subinde
4204 1873 4394 1937 nobis

2439 1949 2732 2032 opponis,
2780 1950 3128 2033 aliquando
3172 1951 3291 2017 tibi
3335 1975 3605 2036 prorsus
3651 1958 4008 2021 excutiam:
4056 1958 4394 2024 nonnullis

2440 2035 2655 2103 adhuc
2709 2037 3058 2119 propositis
3113 2039 3430 2123 exemplis
3496 2040 3820 2120 indicabo,
3901 2052 4147 2125 quanto
4186 2044 4393 2109 inter-

2440 2120 2612 2186 vallo
2656 2143 2697 2186 a
2738 2131 2969 2187 sancta
3010 2121 3127 2187 illa
3170 2125 3557 2207 antiquitate
3592 2126 3929 2193 differatis.
3995 2130 4232 2195 Eversi
4267 2129 4392 2194 mi·

2438 2207 2694 2271 nisterii
2747 2229 2863 2273 vos
2920 2228 3326 2288 accusamus,
3383 2211 3566 2275 cuius
3608 2232 3892 2277 vacuum
3938 2218 4056 2293 [fol.
4096 2219 4204 2293 34]
4250 2217 4391 2280 81118

2437 2311 2511 2355 re
2553 2311 2793 2356 nomen
2837 2293 3012 2375 apud
3055 2315 3174 2360 vos
3209 2305 3449 2360 manet.
3517 2296 3860 2377 Quantum
3901 2299 4078 2363 enim
4101 2298 4196 2382 ¹ad
4239 2321 4392 2383 pas-

2437 2376 2626 2443 cendi
2681 2378 2907 2461 populi
2950 2398 3175 2443 curam
3231 2382 3497 2462 attinet,
3554 2384 3910 2466 episcopos*
3933 2405 4009 2449 88
4050 2385 4391 2468 presbyte-

2437 2483 2545 2527 ros
2588 2471 2806 2528 mutas
2849 2484 2991 2528 esse
3026 2472 3296 2545 statuas,
3342 2468 3531 2550 pueri
3565 2489 3819 2552 quoque
3853 2479 4159 2535 cernunt:
4199 2490 4392 2552 prae-

2437 2547 2654 2613 dando
2698 2547 2911 2613 solum
2954 2569 3028 2616 88
3073 2551 3364 2616 vorando
3408 2561 3709 2619 strenuos
3754 2575 3917 2634 esse,
3955 2556 4249 2619 omnium
4284 2575 4391 2621 or—

2437 2633 2669 2698 dinum
2709 2634 3019 2700 mortales
3065 2639 3511 2719 experiuntur.
3601 2639 3687 2703 In
3742 2660 3965 2706 sacrae
4011 2661 4250 2706 coenae
4291 2641 4393 2706 lo-

2436 2741 2587 2785 cum
2648 2721 3038 2785 sacrificium
3090 2722 3394 2802 subiisse,
3451 2744 3578 2807 quo
3632 2746 3751 2790 sua
3804 2726 4050 2790 virtute
4094 2726 4393 2791 exinani-

2436 2815 2549 2869 tur
2589 2826 2766 2870 mors
2810 2803 3078 2885 Christi,
3119 2807 3391 2893 indigne
3431 2810 3723 2876 ferimus.
3794 2811 3880 2875 In
3921 2812 4394 2876 exsecrandam

2434 2891 2790 2956 missarum
2831 2891 3384 2959 nundinationem
3430 2896 3889 2962 vociferamur:
3939 2916 4207 2962 coenam
4253 2898 4390 2962 Do-

2436 2977 2603 3041 mini
2647 2974 2917 3043 dimidia
2971 3001 3056 3044 ex
3109 2988 3297 3062 parte
3356 2982 3692 3063 querimur
3746 2989 4041 3065 ereptam
4086 3004 4231 3048 esse
4275 3005 4392 3066 po-

2435 3058 2589 3147 pulo
2649 3062 3020 3129 christiano.
3097 3065 3183 3129 In
3237 3066 3623 3132 sceleratam
3680 3069 4180 3134 simulacrorum
4233 3069 4392 3134 ado-

2438 3149 2761 3214 rationem
2812 3149 3207 3217 invehimur.
3300 3151 3732 3218 Sacramenta
3774 3154 4181 3219 ostendimus
4217 3155 4392 3220 mul-

2436 3236 2523 3300 tis
2567 3234 2857 3318 profanis
2900 3237 3309 3317 opinionibus
3352 3239 3709 3321 inquinata.
3775 3239 4239 3324 Indulgentiae
4276 3240 4392 3306 do-

2436 3342 2660 3387 cemus
2702 3319 3028 3385 horrendo
3073 3324 3283 3389 crucis
3326 3322 3578 3389 Christi
3621 3324 3965 3407 opprobrio
4006 3326 4388 3408 obrepsisse.

2436 3405 2925 3470 Traditionibus
2985 3406 3292 3474 humanis
3348 3410 3777 3475 christianam
3840 3410 4212 3474 libertatem
4265 3411 4391 3474 im-

2435 3491 2770 3575 plora-mus
2827 3488 3128 3556 obrutam
3185 3494 3386 3559 fuisse
3440 3504 3509 3560 et
3562 3515 3955 3578 oppressam.
4057 3495 4187 3559 His
4231 3516 4391 3579 ergo

2439 3600 2515 3643 ac
2570 3574 2893 3641 similibus
2958 3578 3252 3659 pestibus
3320 3580 3697 3664 purgandas
3753 3579 4154 3658 curavimus,
4224 3601 4388 3661 quas

2438 3663 2624 3727 nobis
2669 3661 2974 3727 ecclesias
3027 3661 3356 3730 Dominus
3409 3664 3908 3732 commendavit.
3999 3664 4386 3746 Expostula,

2438 3748 2497 3814 si
2540 3753 2722 3830 potes
2737 3798 2751 3824 ,
2806 3747 3144 3814 nobiscum
3188 3749 3269 3814 de
3310 3752 3579 3830 iniuria,
3637 3772 3834 3834 quam
3880 3749 4237 3814 catholicae
4281 3771 4387 3816 ec-

2439 3834 2673 3899 clesiae
2715 3833 3169 3916 irrogavimus,
3218 3836 3374 3901 dum
3418 3837 3565 3902 ausi
3605 3857 3833 3901 sumus
3877 3834 4121 3899 violare
4165 3855 4389 3902 sacras

2440 3920 2582 3986 eius
2627 3918 3010 3985 sanctiones.
3077 3922 3438 3988 Enimvero
3479 3921 3547 3986 id
3600 3924 3733 3986 iam
3775 3919 3988 4004 magis
4031 3919 4387 4005 pervulga-

2437 4014 2582 4071 tum
2638 4012 2766 4083 est,
2822 4025 3018 4086 quam
3061 4014 3137 4070 ut
3189 4006 3492 4091 negando
3534 4006 3868 4090 quidpiam
3923 4006 4259 4088 proficias,
4312 4008 4388 4071 111

2439 4092 2582 4157 istis
2635 4089 2937 4155 omnibus
2990 4112 3125 4156 non
3178 4092 3450 4159 obscure
3504 4114 3545 4156 a
3607 4092 3795 4158 nobis
3849 4098 4024 4156 stare
4090 4102 4386 4158 veterem

2438 4176 2809 4243 ecclesiam:
2864 4176 3180 4260 vobisque
3235 4179 3443 4243 nihilo
3486 4179 3736 4257 minus,
3783 4198 3980 4260 quam
4025 4199 4146 4242 nos
4187 4179 4384 4260 ipsos,

2437 4261 2789 4328 adversari.
2888 4262 3023 4328 Hic
3079 4284 3233 4337 vero
3285 4263 3639 4341 succurrit,
3695 4263 3867 4346 quod
3920 4261 4158 4328 alicubi
4202 4268 4386 4327 exte·-

2435 4347 2681 4414 nuandi
2743 4368 2943 4413 causa
3005 4347 3200 4428 dicis,
3249 4351 3445 4414 etiam
3499 4350 3554 4413 si
3621 4369 3834 4413 mores
3889 4350 4092 4413 vestri
4150 4368 4386 4430 parum

2435 4435 2572 4499 sint
2614 4434 2978 4516 compositi,
3009 4428 3156 4499 'non
3203 4456 3346 4500 esse
3389 4434 3534 4499 ideo
3577 4453 3875 4511 causam,
3917 4455 4034 4499 cur
4078 4455 4118 4497 a
4160 4442 4386 4500 sancta

2433 4518 2707 4586 ecclesia
2764 4519 3224 4585 discessionem
3286 4521 3615 4585 faciamus.
3715 4520 3898 4584 Fieri
3952 4517 4214 4600 quidem
4270 4519 4385 4585 vix

2432 4612 2665 4689 potest,
2710 4611 2787 4668 ut
2830 4611 2926 4670 tot
2968 4605 3404 4684 crudelitatis,
3451 4604 3792 4684 avaritiae,
3840 4605 4236 4687 rapacitatis,
4278 4605 4382 4667 in-

2432 4690 2933 4771 temperantiae,
3000 4691 3412 4775 arrogantiae
3426 4742 3442 4770 ,
3519 4690 3906 4756 insolentiae
3921 4740 3936 4768 ,
4014 4688 4381 4765 libidinum,

2432 4775 2881 4857 scelerumque
2935 4777 3230 4841 omnium
3272 4776 3621 4860 exemplis,
3678 4796 3845 4859 quae
3890 4776 3964 4840 in
4008 4774 4383 4840 hominibus

2431 4859 2680 4927 ordinis
2723 4862 2822 4925 tui
2865 4861 3083 4944 palam
3123 4862 3468 4944 conspicua
3508 4868 3683 4941 sunt,
3729 4883 3860 4926 non
3905 4880 4300 4944 magnopere
4343 4882 4385 4923 a

2430 4955 2653 5013 vestra
2706 4954 2893 5029 parte
2949 4947 3319 5011 alienentur
3420 4947 3582 5013 lebis
3639 4947 3870 5012 animi:
3927 4965 4158 5023 verum
4212 4944 4385 5008 nihil

2429 5052 2658 5098 eorum
2714 5053 2835 5097 nos
2886 5031 3281 5115 perpulisset
3461 5054 3540 5098 ea
3580 5030 3920 5108 tentanda,
3966 5050 4131 5112 quae
4173 5028 4385 5094 multo

2427 5117 2659 5183 maiori
2711 5118 3096 5200 necessitate
3153 5140 3382 5184 sumus
3437 5119 3749 5204 aggressi.
3827 5116 3970 5181 Ista
4020 5135 4213 5212 porro
4255 5115 4384 5178 fuit

2429 5203 2800 5282 necessitas,
2846 5201 3018 5286 quod
3061 5201 3179 5268 lux
3221 5203 3485 5271 divinae
3531 5203 3836 5270 veritatis
3882 5206 4234 5278 exstincta,
4278 5218 4390 5264 88-
