4984 5975
408 313 532 373 405

404 496 670 565 aliunde
702 517 901 580 quam
936 517 976 561 a
1008 497 1152 562 Deo
1186 517 1317 562 uno
1351 495 1613 580 pendet,
1649 517 1847 578 quam
1884 496 2111 562 miseri
2145 504 2360 576 erunt,

406 582 778 669 quicunque
812 581 1056 648 talibus
1089 581 1243 647 fidei
1277 581 1667 647 rudimentis
1704 580 2126 650 imbuentur‘l
2184 582 2362 650 Hinc

408 666 881 747 animadverto,
918 665 1244 747 Sadolete,
1279 668 1477 732 nimis
1497 668 1772 732 otiosam
1807 675 1875 732 te
1900 666 2143 732 habere
2177 668 2363 733 theo-

408 756 683 838 logiam:
755 752 963 837 qualis
1029 761 1132 818 est
1180 753 1317 818 fere
1372 774 1601 819 eorum
1658 753 1952 817 omnium
2007 754 2117 836 qui
2175 754 2362 819 seriis

412 840 847 908 conscientiae
901 840 1364 904 certaminibus
1416 859 1753 920 nunquam
1808 838 2074 903 fuerunt
2115 839 2361 905 exerci-

413 927 549 992 tati.
618 925 883 1008 Alioqui
918 925 1097 990 enim
1132 924 1465 990 hominem
1499 923 1936 990 christianum
1968 925 2043 988 in
2085 931 2223 990 tam
2257 924 2359 990 lu-

409 1012 614 1089 brico,
658 1012 791 1076 imo
843 1019 981 1075 tam
1036 1009 1379 1092 praecipiti
1428 1009 1572 1074 loco
1627 1030 1966 1092 nunquam
2007 1010 2359 1076 constitue-

407 1119 533 1176 res,
554 1099 626 1162 iu
650 1117 778 1179 quo
799 1097 920 1161 vix
941 1106 1347 1161 momentum
1381 1102 1599 1178 posset
1616 1095 1994 1174 consistere,
2018 1095 2357 1178 siquando

403 1183 509 1249 vel
565 1183 914 1247 minimum
964 1181 1425 1264 impelleretur.
1489 1180 1599 1245 Da
1640 1179 1822 1257 mihi,
1869 1202 2001 1246 non
2045 1180 2189 1247 dico
2235 1181 2356 1246 ali-

402 1290 600 1352 quem
640 1266 722 1332 de
756 1266 973 1333 media
1006 1267 1194 1350 plebe
1227 1266 1581 1345 indoctum,
1626 1265 1741 1331 sed
1782 1266 2208 1332 rudissimum
2243 1287 2354 1332 su-

399 1354 702 1421 bulcum:
748 1354 805 1419 si
843 1354 912 1417 in
950 1374 1146 1437 grege
1182 1351 1312 1416 Dei
1355 1360 1675 1431 censetur,
1719 1361 2168 1435 comparatum
2212 1373 2353 1418 esse

400 1438 487 1505 ad
543 1439 850 1504 militiam
892 1439 1075 1502 illam
1120 1438 1471 1521 oportebit,
1518 1458 1686 1519 quae
1728 1437 1858 1520 piis
1903 1438 2210 1503 omnibus
2254 1444 2357 1503 est

400 1548 444 1591 a
470 1526 633 1590 'Deo
685 1523 1002 1589 ordinata.
1086 1523 1297 1589 Adest
1351 1523 1682 1590 accinctus
1740 1524 1976 1601 hostis,
2032 1524 2352 1600 imminet,

395 1610 839 1694 congreditur,
877 1632 951 1676 ac
997 1610 1202 1675 hostis
1244 1608 1505 1691 quidem
1549 1608 2111 1686 instructissimus,
2150 1617 2218 1673 et
2250 1609 2355 1676 cui

392 1696 586 1762 nulla
646 1696 877 1760 mundi
954 1697 1162 1761 virtus
1222 1709 1322 1759 est
1373 1693 1932 1778 inexpugnabilis:
1983 1694 2217 1777 quibus
2271 1695 2355 1760 ad

392 1780 837 1848 resistendum
878 1782 989 1846 vel
1024 1780 1364 1864 praesidiis
1400 1781 1747 1859 munietur,
1793 1779 1898 1846 vel
1943 1780 2095 1845 telis
2138 1800 2354 1846 arma-

396 1868 583 1934 bitur
625 1867 736 1932 ille
778 1868 1009 1946 miser,
1051 1880 1127 1931 ut
1168 1888 1301 1931 non
1345 1866 1567 1949 statim
1612 1863 2074 1932 absorbeatur?
2140 1866 2351 1933 Unico

389 1975 556 2020 sane
590 1952 809 2037 gladio
843 1951 1272 2036 pugnandum
1308 1949 1494 2017 docet
1524 1951 1794 2030 Paulus,
1838 1952 2041 2018 verbo
2082 1952 2353 2017 Domini

389 2039 671 2122 (Ephes.
714 2043 771 2116 6,
815 2039 942 2118 17).
1011 2038 1191 2120 Ergo
1244 2038 1518 2101 inermis
1561 2036 1814 2102 diabolo
1858 2036 1941 2101 ad
1975 2058 2201 2102 necem
2238 2036 2350 2103 de-

390 2126 577 2192 ditur
620 2126 872 2202 anima,
916 2123 1027 2189 ubi
1072 2122 1201 2188 Dei
1236 2123 1435 2189 verbo
1479 2122 1813 2205 spoliatur.
1884 2127 2001 2202 [fol.
2048 2127 2157 2201 37]
2179 2123 2350 2207 ⁵Age

386 2233 591 2288 nunc,
639 2231 727 2276 an
763 2230 898 2274 non
933 2211 1059 2274 erit
1098 2209 1314 2291 prima
1356 2208 1516 2273 haec
1559 2208 1766 2273 hostis
1808 2207 2230 2286 machinatio,
2275 2215 2351 2273 ut

390 2295 695 2381 gladium
749 2295 1002 2361 Christi
1054 2294 1249 2358 militi
1294 2293 1630 2359 excutiat?
1700 2293 1868 2374 Quis
1912 2315 2106 2377 porro
2150 2316 2347 2361 excu-

388 2380 598 2449 tiendi
637 2380 871 2446 modus
889 2431 903 2459 ,
939 2381 1070 2446 nisi
1103 2388 1180 2444 ut
1212 2378 1686 2444 dubitationem
1720 2379 1815 2443 illi
1854 2380 2120 2459 iniiciat,
2177 2380 2346 2448 sitne

386 2469 671 2534 verbum
720 2466 990 2531 Domini
1044 2486 1174 2548 quo
1228 2465 1560 2541 innititur,
1616 2486 1700 2530 an
1760 2464 2087 2530 hominis?
2168 2463 2345 2546 Quid

384 2555 634 2619 misero
680 2552 788 2616 hic
821 2544 1062 2617 facies?
1128 2550 1454 2616 Iubeasne
1491 2551 2033 2632 circumspectare
2077 2548 2346 2616 ubinam

384 2640 525 2706 sint
571 2638 703 2704 viri
756 2635 932 2702 docti
977 2637 1045 2702 in
1099 2658 1259 2720 quos
1322 2636 1679 2701 reclinatus
1743 2635 2030 2718 quietem
2082 2636 2340 2718 capiat?

383 2726 481 2792 At
536 2745 628 2789 ne
680 2723 1008 2806 respirare
1064 2722 1331 2806 quidem
1385 2721 1601 2805 ipsum
1659 2723 1728 2786 in
1774 2722 1896 2788 hoc
1941 2722 2344 2806 subterfugio

385 2812 564 2877 sinet
621 2809 846 2874 hostis.
904 2808 1080 2873 Nam
1136 2810 1190 2873 si
1236 2809 1435 2874 semel
1480 2829 1555 2872 eo
1598 2807 1954 2890 impulerit,
2000 2816 2076 2872 ut
2111 2808 2183 2871 in
2225 2808 2344 2874 ho-

382 2897 606 2962 mines
628 2895 984 2973 incumbat,
1010 2893 1273 2977 urgebit
1306 2915 1382 2960 ac
1414 2892 1726 2977 percellet
1756 2893 1965 2976 magis
2000 2915 2076 2959 ac
2111 2893 2340 2978 magis,

385 2982 597 3049 donec
653 2980 1079 3065 praecipitem
1133 2979 1402 3045 dederit.
1468 2980 1652 3064 Ergo
1707 2987 1823 3044 aut
1876 3001 1960 3045 ex
2011 2979 2184 3046 facili
2228 3002 2342 3063 op-

382 3069 749 3152 primetur,
806 3074 923 3131 aut
955 3066 1199 3132 relictis
1235 3065 1610 3131 hominibus
1645 3073 1824 3130 recta
1856 3066 1928 3130 in
1970 3067 2193 3131 Deum
2236 3088 2340 3131 re-

342 3166 349 3179 “
385 3156 639 3238 spicict.
716 3153 824 3219 Ita
867 3173 1026 3217 sane
1068 3174 1174 3218 res
1217 3152 1447 3231 habet,
1492 3151 1690 3216 fidem
1732 3150 2164 3216 christianam
2206 3173 2341 3217 non

382 3240 684 3305 humano
720 3237 1093 3303 testimonio
1126 3237 1488 3317 fundatam,
1526 3257 1661 3301 non
1699 3236 2007 3320 ambigua
2038 3237 2341 3320 opinione

383 3325 764 3403 suffultam,
821 3346 953 3388 non
998 3323 1342 3388 hominum
1399 3322 1752 3388 autoritate
1806 3323 2156 3388 subnixam
2198 3343 2341 3389 esse

378 3418 665 3495 oportet,
713 3408 828 3475 sed
874 3409 1078 3493 digito
1121 3409 1251 3475 Dei
1293 3409 1579 3475 viventis
1624 3406 1926 3473 cordibus
1960 3408 2202 3473 nostris
2237 3408 2340 3473 in-

380 3497 734 3579 sculptam,
781 3502 855 3559 ut
897 3495 1097 3560 nullis
1122 3515 1419 3560 errorum
1455 3493 1709 3559 offuciis
1751 3494 2085 3559 obliterari
2127 3499 2337 3577 queat.

378 3581 623 3666 Itaque
678 3580 846 3645 nihil
898 3580 1098 3645 habet
1145 3580 1435 3659 Christi,
1479 3580 1594 3663 qui
1622 3580 1800 3645 -haec
1843 3580 2165 3644 elementa
2206 3600 2340 3643 non

380 3676 597 3733 tenet:
638 3667 860 3731 Deum
895 3687 1103 3731 unum
1138 3687 1298 3745 esse,
1330 3666 1443 3749 qui
1477 3673 1734 3730 mentes
1774 3674 2030 3731 nostras
2074 3663 2158 3730 ad
2191 3686 2339 3747 per-

380 3750 789 3837 spiciendam
815 3773 1003 3817 suam
1027 3744 1371 3818 veritatem
1392 3751 1745 3827 illuminat,
1769 3752 1880 3833 qui
1908 3751 2135 3816 eodem
2156 3749 2340 3815 illam

378 3840 625 3922 spiritu
652 3835 957 3904 cordibus
990 3835 1309 3920 obsignat,
1347 3837 1461 3919 qui
1496 3844 1676 3903 certa
1709 3837 1851 3901 eius
1886 3837 2340 3902 testificatione

376 3924 817 3991 conscientias
851 3924 1211 3989 confirmat.
1279 3922 1465 3988 Haec
1485 3922 1600 3986 illa
1634 3929 1735 3987 est
1765 3921 1962 4005 plena
2002 3923 2337 4004 firmaque,

379 4020 458 4076 ut
508 4012 610 4074 ita
643 4008 904 4091 loquar,
942 4008 1265 4074 certitudo
1301 4007 1489 4073 nobis
1525 4029 1565 4073 a
1598 4007 1809 4072 Paulo
1857 4007 2336 4073 commendata:

377 4116 575 4179 quae,
612 4101 690 4159 ut
712 4094 970 4158 nullum
1010 4093 1399 4159 dubitationi
1428 4093 1640 4159 locum
1668 4093 1993 4175 relinquit,
2021 4093 2069 4177 ¹)
2091 4094 2187 4157 ita
2210 4113 2341 4157 non

375 4179 580 4247 modo
613 4180 789 4244 inter
811 4179 1153 4244 hominum
1176 4178 1582 4245 defensiones
1617 4199 1751 4243 non
1774 4178 2038 4244 vacillat
2056 4186 2171 4243 aut
2191 4178 2345 4243 hae-

378 4268 562 4346 sitat,
611 4265 749 4330 utri
780 4266 997 4348 potius
1031 4264 1386 4330 adhaereat
1419 4265 1612 4349 parti,
1647 4262 1763 4330 sed
1784 4285 1978 4347 quae,
2015 4271 2153 4328 toto
2188 4262 2343 4328 orbe

377 4353 819 4428 adversante,
866 4358 1162 4417 constare
1216 4351 1341 4416 sibi
1382 4372 1516 4415 non
1561 4348 1816 4415 desinit.
1853 4349 2032 4415 Hinc
2070 4370 2148 4413 ea
2182 4369 2341 4431 quo·

380 4459 514 4521 que
552 4437 866 4515 nascitur,
907 4458 1105 4519 quam
1148 4437 1455 4502 ecclesiae
1493 4434 1865 4511 tribuimus,
1911 4443 1979 4499 et
2018 4433 2339 4499 illibatam

379 4524 699 4590 volumus
747 4522 1015 4600 servari,
1052 4520 1386 4589 iudicandi
1421 4521 1713 4587 facultas.
1771 4520 2125 4603 Utcunque
2164 4521 2339 4585 enim

378 4608 838 4675 tumultuetur
856 4607 1143 4673 mundus
1173 4608 1679 4692 opinionumque
1714 4606 2035 4670 varietate
2057 4614 2342 4689 perstre-

377 4703 529 4779 pat,
590 4714 932 4776 nunquam
986 4700 1205 4759 tamen
1260 4695 1353 4760 sio
1405 4692 1780 4760 destituitur
1830 4689 2041 4756 fidelis
2100 4691 2338 4770 anima,

377 4781 547 4864 quin
608 4785 863 4845 rectum
906 4777 988 4843 ad
1039 4779 1318 4845 salutem
1361 4799 1628 4845 cursum
1670 4784 1908 4842 toneat.
1968 4777 2199 4859 Neque
2242 4784 2342 4841 ta—

377 4887 545 4933 men
582 4874 703 4930 aut
736 4886 883 4929 eam
916 4864 1068 4930 fidei
1103 4865 1570 4948 perspicaciam
1605 4863 1873 4941 somnio,
1912 4882 2078 4945 quae
2104 4861 2179 4925 in
2203 4862 2343 4927 veri
2448 4904 2479 4921 -

374 4951 668 5035 falsique
721 4948 1095 5016 discrimine
1135 4972 1459 5033 nusquam
1501 4951 1776 5029 aberret,
1820 4968 2141 5032 nusquam
2198 4947 2341 5012 hal-

530 5224 593 5289 1)
634 5222 745 5278 Ed.
774 5224 1061 5291 princeps.-
1096 5220 1328 5290 reliquit.

1783 308 1912 374 AD
1958 305 2433 406 sADoLETI
2472 308 3035 377 EPIsToLAM.

4243 345 4254 352 “
4295 323 4428 390 406

2464 496 2830 579 lucinetur;
2873 505 3022 572 aut,
3032 519 3181 564 eam
3223 500 3467 585 affingo
3509 502 4009 584 contumaciam,
4059 527 4228 588 quae
4269 511 4424 575 uni-

2464 603 2733 649 versum
2769 584 3115 650 hominum
3149 607 3358 670 genus
3392 586 3578 651 velut
3611 609 3695 653 ex
3730 588 3861 653 alto
3897 589 4231 674 despiciat,
4268 596 4423 660 nul-

2462 667 2596 754 lius
2644 669 2962 736 iudicium
3019 679 3329 752 moretur,
3391 672 3718 739 delectum
3769 674 3947 740 inter
3987 676 4287 744 indoctos
4341 702 4420 748 ac

2465 752 2757 821 eruditos
2799 756 3058 822 nullum
3102 756 3369 822 habeat:
3417 758 3580 841 quin
3623 760 3837 841 potius
3883 760 4110 842 fateor,
4155 764 4299 846 pias
4342 786 4420 833 ac

2463 860 2620 904 vere
2653 841 2991 925 religiosas
3023 850 3280 909 mentes
3315 863 3448 908 non
3481 845 3701 909 omnia
3732 845 3864 912 Dei
3894 849 4214 930 mysteria
4246 871 4418 916 sem-

2463 945 2582 1007 per
2623 927 2899 1010 assequi,
2943 928 3280 993 interdum
3320 929 3520 994 etiam
3562 929 3634 994 in
3677 931 3872 996 rebus
3908 931 4418 1002 evidentissimis

2462 1012 2811 1092 caecutire,
2869 1014 2965 1078 ita
3021 1013 3272 1079 sellicet
3321 1013 3612 1079 Domino
3668 1015 4083 1099 providente,
4143 1042 4273 1103 quo
4331 1021 4417 1087 ad

2460 1095 2966 1164 submissionem
2985 1097 3506 1184 modestiamque
3529 1103 3899 1167 assuefiant.
3946 1104 4245 1170 Rursum
4267 1113 4415 1172 tan-

2458 1189 2601 1247 tam
2639 1204 2782 1248 essc
2822 1185 3032 1250 fateor
3075 1185 3254 1268 apud
3294 1206 3405 1251 eas
3450 1186 3767 1251 bonorum
3809 1189 4121 1270 omnium,
4166 1191 4416 1258 nedum

2458 1267 2786 1347 ecclesiae,
2833 1271 3275 1335 reverentiam
3288 1322 3304 1350 ,
3350 1279 3426 1336 ut
3465 1293 3601 1337 non
3642 1272 3832 1340 facile
3877 1275 3957 1341 ab
4002 1275 4137 1341 ullo
4182 1297 4264 1356 se·
4295 1276 4414 1344 ho-

2458 1353 2637 1417 mine
2682 1354 2998 1420 dimoveri
3042 1356 3288 1436 sinant,
3345 1357 3418 1421 iu
3461 1378 3589 1439 quo
3634 1365 3880 1425 rectam
3920 1359 4173 1426 Christi
4213 1363 4414 1429 intel-

2456 1437 2801 1522 ligentiam
2857 1440 3434 1524 deprehenderint:
3491 1451 3568 1508 ut
3617 1465 4093 1529 nonnunquam
4137 1468 4414 1531 suspen·

2460 1522 2614 1590 dere
2658 1525 2970 1592 iudicium
3014 1526 3268 1607 malint,
3316 1549 3518 1611 quam
3552 1529 3636 1612 ad
3672 1529 4144 1597 dissensionem
4177 1532 4414 1600 leviter

2457 1609 2775 1692 prosilire.
2822 1613 3110 1677 Tantum
3133 1613 3478 1692 contende,
3512 1615 3898 1698 quantisper
3915 1617 4187 1683 Domini
4213 1618 4412 1685 verbo

2455 1696 2804 1776 insistunt,
2872 1719 3210 1780 nunquam
3263 1700 3359 1763 ita
3415 1700 3854 1783 deprehensas
3909 1704 4168 1782 teneri,
4208 1711 4284 1768 ut
4337 1705 4410 1770 in

2458 1782 2733 1846 exitium
2756 1782 3178 1848 abducantur.
3226 1783 3435 1850 Verbi
3469 1796 3689 1850 autem
3725 1785 3929 1869 ipsius
3965 1797 4212 1853 certam
4248 1789 4411 1855 adeo

2457 1888 2534 1932 ac
2576 1869 2990 1950 perspicuam
3041 1870 3121 1934 iis
3177 1891 3320 1935 esse
3366 1868 3738 1951 veritatem,
3794 1879 3871 1937 ut
3905 1893 4122 1957 neque
4164 1874 4244 1940 ab
4289 1874 4409 1941 ho-

2454 1951 2777 2030 minibus,
2834 1958 3070 2037 neque'
3090 1954 3171 2019 ab
3217 1955 3470 2039 angelis
3522 1957 3902 2024 labefactari
3942 1966 4152 2041 queat.
4241 1960 4410 2026 Pro-

2453 2036 2608 2102 inde
2647 2040 2925 2105 facessat
2976 2041 3323 2123 nugatoria
3374 2041 3520 2121 illa,
3579 2047 3697 2122 [fol.
3736 2048 3844 2123 38]
3891 2065 4088 2129 quam
4131 2045 4408 2112 rudibus

2453 2130 2525 2188 et
2563 2123 2892 2190 illiteratis
2933 2126 3285 2191 convenire
3330 2126 3523 2208 dicis,
3568 2129 3953 2212 simplicitas
3967 2181 3983 2210 ,
4040 2129 4125 2195 ad
4164 2130 4408 2197 doctio-

2451 2231 2559 2274 res
2599 2218 2985 2292 respectare,
3030 2220 3096 2277 et
3139 2211 3223 2276 ad
3266 2232 3495 2277 eorum
3529 2220 3768 2280 nutum
3801 2214 4133 2281 inclinare.
4202 2216 4407 2282 Prae-

2453 2303 2752 2378 terquam
2807 2296 2987 2360 enim
3040 2296 3214 2380 quod
3264 2297 3417 2362 fidei
3483 2320 3726 2364 nomen
3781 2321 3913 2364 non
3977 2307 4272 2366 meretur
4323 2301 4405 2367 de

2450 2380 2766 2464 religione
2786 2383 3122 2464 persuasio
3143 2384 3627 2464 quantumlibet
3658 2384 4002 2464 obstinata,
4039 2407 4206 2469 quae
4228 2386 4404 2466 alibi,

2449 2487 2647 2548 quam
2691 2467 2763 2531 in
2799 2467 2985 2546 Deo‚'
3008 2469 3375 2550 acquiescit,
3418 2471 3566 2552 quis
3606 2469 3806 2536 fidem
3849 2470 4151 2554 appellet,
4194 2472 4403 2537 ambi-

2447 2572 2652 2701 gam
2685 2554 2905 2619 nescio
2940 2575 3140 2636 quam
3173 2555 3570 2638 opinionem,
3606 2576 3771 2638 quae
3805 2577 3938 2621 non
3973 2563 4237 2621 tantum
4260 2555 4401 2622 dia-

2534 2637 2577 2701 li
2607 2638 2859 2704 artibus
2893 2638 3082 2704 facile
3115 2647 3601 2722 extorqueatur,
3639 2638 3755 2706 sed
3791 2648 4042 2724 sponte,
4080 2661 4199 2724 pro
4232 2648 4402 2708 tem-

2444 2743 2684 2805 porum
2723 2724 3167 2805 inclinatione,
3205 2726 3605 2791 fluctuetur?
3652 2726 3838 2792 cuius
3879 2728 3999 2792 vix
4042 2727 4209 2793 alius
4253 2748 4402 2811 spe-

2445 2809 2578 2873 rari
2622 2810 2773 2875 finis
2812 2817 3054 2892 potest,
3093 2832 3291 2893 quam
3334 2818 3413 2874 ut
3453 2810 3723 2876 tandem
3765 2811 4151 2878 evanescat?

2621 2892 2813 2975 Quod
2856 2916 2990 2960 non
3036 2895 3163 2961 alio
3205 2918 3325 2962 nos
3369 2904 3698 2979 spectasse
3752 2897 4108 2976 cavillaris,
4166 2905 4401 2998 tyran-

2444 2980 2669 3046 nicum
2710 2979 2837 3047 hoc
2878 2981 3112 3066 iugum
3166 2982 3587 3063 excutiendo,
3644 3003 3842 3066 quam
3899 2991 3974 3049 ut
4025 3005 4149 3050 nos
4190 3006 4261 3049 m
4306 2984 4399 3050 ef-

2443 3067 2696 3147 frenem
2739 3066 3074 3133 licentiam
3117 3068 3548 3148 solveremus,
3594 3068 3848 3136 abiecta
3890 3071 4107 3150 etiam,
4152 3070 4210 3136 si
4252 3068 4400 3136 Deo

2442 3152 2683 3234 placet,
2728 3154 2989 3218 futurae
3033 3155 3211 3219 vitae
3254 3154 3675 3238 cogitatione,
3733 3155 4052 3221 iudicium
4095 3176 4179 3220 ex
4222 3177 4398 3221 com-

2443 3239 2797 3319 paratione.
2828 3240 3003 3304 vitae
3046 3248 3308 3304 nostrae
3352 3261 3506 3305 cum
3538 3249 3763 3306 vestra
3802 3240 4072 3306 feratur.
4161 3241 4396 3306 Multis

2442 3322 2708 3405 quidem
2751 3324 2932 3389 vitiis
2960 3325 3010 3406 ¹)
3057 3323 3483 3405 abundamus,
3529 3326 3813 3390 labimur
3854 3327 4053 3391 nimis
4088 3346 4282 3409 saepe
4317 3347 4395 3392 ac

2444 3407 2902 3490 delinquimus.
2994 3406 3130 3474 Sed
3171 3409 3493 3492 impedior
3535 3410 3964 3489 verecundia,
4009 3432 4124 3489 ne,
4180 3409 4394 3493 quoad

2442 3514 2564 3577 per
2602 3494 2946 3560 veritatem
2989 3494 3159 3574 licet,
3203 3495 3470 3578 gloriari
3512 3496 3740 3574 ausim,
3784 3502 4033 3578 quanto
4066 3515 4183 3561 vos
4213 3495 4396 3559 omni

2444 3600 2529 3644 ex
2572 3587 2759 3662 parte
2802 3580 3296 3645 antecellamus:
3354 3581 3484 3645 nisi
3537 3583 3706 3646 forte
3748 3581 4035 3645 Romam
4089 3580 4392 3662 excipere

2444 3664 2609 3730 velis
2665 3665 3078 3747 praeclarum
3129 3665 3293 3730 illud
3350 3666 3721 3731 sanctitatis
3775 3665 4164 3732 sacrarium:
4223 3685 4392 3748 quae

2442 3749 2656 3831 ruptis
2697 3757 2913 3815 rectae
2959 3749 3339 3833 disciplinae
3380 3752 3742 3835 repagulis,
3798 3749 4170 3834 proculcata
4210 3750 4391 3814 omni

2443 3835 2814 3913 honestate,
2861 3837 2955 3902 sic
2995 3836 3066 3900 in
3111 3836 3333 3901 omnia
3373 3837 3770 3921 flagitiorum
3813 3856 4056 3919 genera
4097 3834 4392 3899 exunda-

2442 3922 2570 3998 vit,
2614 3932 2692 3985 ut
2733 3921 2850 3986 vix
2893 3942 3179 4004 unquam
3222 3922 3353 3987 tale
3395 3921 3724 3987 foeditatis
3768 3919 4144 4003 exemplum
4187 3921 4391 3985 exsti-

2443 4007 2617 4071 terit.
2681 4005 2821 4072 Nos
2864 4006 3111 4072 scilicet
3145 4009 3485 4090 oportebat
3516 4015 3616 4072 tot
3650 4004 4129 4073 discriminibus
4165 4027 4241 4072 ac
4276 4027 4391 4090 pe-

2442 4091 2669 4158 riculis
2712 4092 2928 4175 capita
2969 4099 3196 4158 nostra
3251 4093 3528 4159 obiicere
3542 4143 3557 4169 ,
3617 4113 3703 4157 ne
3760 4092 3901 4158 eius
3954 4092 4253 4174 exemplo
4308 4091 4392 4156 ad

2444 4178 2841 4243 severiorem
2904 4178 3375 4244 continentiam
3438 4177 4015 4261 adstringeremur.
4110 4178 4206 4241 At
4268 4195 4392 4241 nos

2442 4263 2716 4329 minime
2759 4263 3135 4347 refugimus,
3179 4265 3335 4346 quin
3371 4263 3729 4346 disciplina,
3774 4284 3939 4346 quae
3974 4262 4250 4330 vetustis
4284 4281 4391 4328 ca-

2445 4349 2725 4415 nonibus
2768 4349 3018 4415 sancita
3059 4349 3184 4414 suit
3225 4349 3440 4415 locum
3483 4348 3675 4414 hodie
3718 4347 3986 4428 habeat,
4043 4347 4394 4430 diligenter

2445 4455 2524 4501 ac
2565 4433 2737 4499 bona
2777 4434 2907 4499 fide
2952 4434 3383 4501 custodiatur:
3425 4436 3581 4516 quin
3620 4435 3836 4517 potius
3880 4453 4136 4516 semper
4170 4434 4392 4498 testati

2447 4540 2693 4599 sumus,
2732 4527 2809 4584 ut
2831 4520 3101 4586 ecclesia
3120 4520 3214 4585 ita
3236 4520 3472 4585 misere
3493 4512 3943 4598 collaberetur,
3975 4539 4105 4583 non
4129 4516 4392 4582 aliunde

2443 4604 2657 4688 magis
2711 4605 2958 4671 factum
3016 4626 3188 4683 csse,
3248 4606 3376 4671 nisi
3434 4605 3588 4688 quia
3642 4604 3806 4670 luxu
3864 4612 3930 4669 et
3984 4603 4394 4688 indulgentia

2444 4698 2757 4756 enervata
2798 4691 2941 4756 fuit.
3030 4690 3399 4773 Disciplina
3441 4691 3647 4770 enim,
3703 4712 3837 4756 non
3891 4711 4078 4757 secus
4121 4710 4196 4755 ac
4240 4709 4392 4753 ner-

2444 4775 2569 4855 vis,
2612 4797 2845 4859 corpus
2888 4776 3214 4854 ecclesiae,
3256 4782 3336 4839 ut
3378 4776 3545 4842 bene
3587 4775 3949 4856 cohaereat,
3994 4795 4259 4840 necesse
4293 4780 4396 4837 est

2587 5080 2645 5145 l)
2685 5081 2760 5135 In
2793 5080 3030 5136 editione
3068 5080 3313 5137 Galla-9⁸⁶2·
3342 5084 3533 5138 vitiose
3578 5082 3863 5137 scrutina.-
3910 5086 3974 5135 ut
4005 5080 4070 5133 iis
4143 5077 4291 5149 quod
4331 5077 4395 5131 in

2447 5151 2794 5221 sequentibus
2831 5148 2982 5204 1576.
3015 5149 3168 5206 1597.
3206 5149 3338 5205 1611
3374 5156 3664 5220 servatum,
3700 5151 3771 5205 ab
3806 5120 4400 5202 Amstezodammnbue

2447 5235 2577 5276 vero
2609 5225 2976 5288 expuo-am
3009 5226 3104 5275 est.
3671 5246 3682 5263 .
3869 5299 3973 5354 26*
