4984 5975
353 350 474 413 253

353 535 495 601 aliis
537 536 708 600 citra
747 530 1098 619 piaculum'
1126 534 1386 618 aliquod
1439 536 1708 620 exsequi
1761 536 1986 620 possis.
2050 536 2305 600 Verum

351 623 527 689 enim
571 621 930 705 prudentia
962 621 1071 686 1110
1102 628 1171 687 et
1202 621 1502 705 diligenti
1534 620 2104 688 animadversione
2139 640 2305 704 opus

351 715 469 787 est,
517 728 652 791 qua
694 728 860 790 quae
905 708 1048 773 eius
1090 714 1286 772 notae
1329 715 1484 772 sunt
1518 714 1586 772 et
1617 709 1884 787 formae,
1931 707 2305 772 discernere

351 794 435 860 ab
486 793 569 858 iis
622 794 888 859 noveris
904 845 918 870 ,
974 814 1140 876 quae
1195 812 1345 858 cum
1399 794 1529 859 Dei
1588 794 1789 860 verbo
1842 815 1978 858 non
2032 791 2305 858 obscure

349 887 680 965 pugnant,
739 887 806 944 et
847 879 1031 945 velut
1072 880 1463 961 impressam
1505 880 1579 943 in
1621 880 1836 945 fronte
1881 885 2122 964 gerunt
2163 899 2304 942 ma·-

352 965 656 1031 nifestam
698 966 1121 1048 impietatem.
1212 964 1405 1046 Quod
1458 971 1674 1030 totum
1716 965 2019 1048 exempla
2061 971 2128 1030 et
2183 965 2304 1031 sub

352 1051 573 1117 oculos
615 1051 965 1117 subiicient
999 1050 1252 1130 melius,
1299 1063 1364 1116 et
1400 1050 1665 1117 brevius
1700 1050 2069 1134 expedient.
2139 1049 2305 1116 Oar-

348 1139 539 1203 nium
572 1158 758 1202 esum
793 1137 1130 1220 religionis
1165 1137 1429 1202 nomine
1462 1137 1870 1216 interdicere,
1914 1137 2168 1220 hocque
2202 1138 2303 1200 in-

347 1222 624 1289 terdicto
668 1222 963 1288 fidelium
1007 1222 1298 1307 obligare
1339 1223 1791 1299 conscientias,
1838 1223 2031 1306 plane
2073 1230 2304 1307 tyran-

344 1310 589 1389 nicum,
638 1316 833 1391 atque
876 1309 1106 1386 etiam,
1162 1316 1241 1372 ut
1294 1308 1624 1392 apostolus
1681 1309 1971 1392 loquitur
2030 1311 2091 1391 (1
2133 1309 2302 1373 mim.

347 1402 406 1474 4,
449 1396 537 1479 1),
584 1395 979 1460 diabolicum
1020 1395 1160 1459 fuit.
1251 1399 1400 1473 [pag.
1444 1400 1550 1474 18]
1604 1396 1701 1460 At
1742 1416 1948 1477 quum
1990 1395 2076 1460 sit
2124 1393 2301 1460 istud

344 1481 623 1546 Domini
662 1482 988 1564 permissu
1028 1480 1146 1546 tibi
1188 1481 1261 1544 in
1305 1480 1519 1545 medio
1562 1481 1887 1559 relictum,
1928 1481 2303 1546 vescarisne

347 1567 529 1633 omni
575 1566 683 1632 die
727 1566 1053 1643 carnibus,
1101 1586 1186 1631 an
1229 1567 1302 1630 in
1343 1574 1550 1632 totam
1588 1567 1793 1632 vitam
1828 1566 2176 1643 abstineas,
2222 1565 2302 1629 il·-

348 1652 429 1719 lis
484 1651 716 1718 diebus
777 1652 935 1735 quin
990 1661 1056 1717 te
1110 1652 1472 1731 abstineas,
1533 1653 1700 1718 nihil
1754 1652 2073 1736 prohibet.
2162 1651 2303 1716 Cur

348 1740 527 1804 enim
562 1759 696 1803 non
730 1737 1065 1803 interdum
1100 1738 1312 1816 liceat,
1350 1735 1522 1821 quod
1557 1756 1819 1821 semper
1841 1738 2120 1804 liberum
2157 1736 2299 1802 est?

349 1824 461 1890 Ita
501 1823 815 1891 scelerato
848 1823 1123 1907 imperio
1159 1824 1402 1907 absque
1438 1823 1681 1889 scelere
1721 1822 2000 1906 parebis,
2043 1824 2302 1889 animus

349 1910 439 1977 sit
458 1911 577 1976 tibi
611 1910 826 1988 modo,
862 1909 1127 1975 rudium
1146 1911 1556 1993 ignorantiae
1588 1912 1660 1974 in
1694 1910 1822 1976 hoc
1855 1910 2226 1988 concedere,
2250 1908 2302 1994 ¹)

347 2014 479 2061 non
517 1996 719 2061 etiam
755 1997 1044 2060 animam
1075 1997 1147 2060 in
1182 1995 1328 2061 illos
1350 1997 1781 2061 traditionum
1816 1996 2082 2079 laqueos
2118 2005 2300 2061 tuam

346 2082 657 2148 inserere.
746 2085 993 2147 Arcere
1045 2082 1348 2165 coniugio
1393 2102 1531 2159 eos,
1589 2082 1704 2165 qui
1760 2082 1977 2147 carnis
2019 2082 2299 2147 inconti-

347 2168 572 2233 nentia
616 2167 1052 2252 exagitantur,
1100 2188 1182 2232 ex
1221 2167 1447 2233 eodem
1484 2175 1586 2232 est
1619 2167 1992 2251 tyrannidis
2028 2186 2297 2252 genere:

346 2273 465 2319 neo
506 2262 736 2319 tamen
777 2253 1006 2319 eadem
1045 2253 1165 2318 tibi
1207 2253 1486 2336 parendi
1521 2254 1721 2317 fuerit
1753 2253 2049 2331 facultas,
2095 2253 2299 2336 siqui-

348 2338 495 2405 dem
536 2340 655 2404 illo
700 2338 955 2404 ardoris
998 2339 1222 2404 aculeo
1264 2340 1595 2422 pungeris,
1641 2339 1814 2421 quod
1859 2360 1994 2403 non
2034 2346 2113 2403 ut
2154 2359 2298 2403 car-

347 2428 564 2504 nium,
622 2426 720 2490 ita
761 2426 990 2490 uxoris
1029 2425 1492 2491 abstinentiam
1537 2423 1822 2489 libertati
1865 2433 2017 2490 tuae
2057 2425 2298 2507 permi-

347 2510 509 2577 serit
545 2512 895 2577 Dominus.
960 2511 1180 2591 Hunc,
1225 2530 1421 2594 quem
1460 2512 1532 2575 in
1575 2512 2001 2577 caeremoniis
2040 2519 2296 2577 vestra-

346 2597 552 2675 tibus,
612 2618 893 2681 quarum
948 2618 1147 2662 causa
1199 2597 1364 2662 baec
1418 2596 1724 2661 instituta
1776 2605 1879 2662 est
1920 2596 2294 2680 disputatio,

344 2704 462 2767 pro
506 2703 585 2748 eo
630 2694 924 2766 tempore
967 2703 1095 2765 quo
1135 2684 1281 2749 istic
1324 2683 1444 2748 tibi
1486 2681 1841 2748 vivendum
1874 2692 1990 2761 est,
2037 2702 2297 2765 semper

346 2770 678 2848 intuearis,
725 2789 993 2852 scopum
1038 2769 1158 2834 tibi
1201 2788 1520 2852 propono:
1580 2775 1657 2832 ut
1700 2788 1865 2851 quae
1909 2768 2096 2833 nulla
2140 2775 2297 2833 sunt

345 2856 683 2940 impietate
725 2855 1065 2934 notabiles,
1112 2855 1193 2920 iis
1236 2855 1450 2920 sobrie
1493 2853 1757 2937 quidem
1801 2861 1870 2919 et
1911 2874 2133 2937 parce,
2180 2854 2294 2920 sed

346 2948 568 3007 tamen
603 2961 807 3024 quum
839 2960 1002 3007 usus
1035 2940 1394 3024 postulabit
1431 2939 1635 3005 libere
1669 2959 2027 3025 secureque
2062 2940 2295 3006 defun-

348 3029 549 3112 garis:
595 3028 787 3093 facile
830 3037 913 3092 ut
951 3036 1291 3111 appareat,
1348 3026 1601 3092 nullam
1645 3048 1787 3093 esse
1831 3036 2014 3092 tuam
2056 3046 2180 3093 nec
2222 3028 2294 3092 in

348 3112 728 3192 affectando,
772 3135 893 3179 nec
937 3116 1010 3178 in
1054 3112 1436 3197 refugiendo
1481 3109 2029 3196 superstitionem.
2104 3112 2294 3195 Quae

344 3200 445 3267 vel
486 3200 768 3264 minima
810 3199 1136 3284 sacrilegii
1150 3199 1209 3283 ²)
1254 3207 1410 3264 nota
1452 3205 1608 3264 sunt
1649 3219 1969 3282 aspersae,
2018 3221 2128 3265 eas
2163 3220 2294 3265 non

344 3288 548 3372 tnagis
570 3307 773 3369 quam
793 3295 1192 3351 venenatum
1214 3291 1588 3368 serpentem
1613 3286 1924 3370 attingas:
1951 3307 2093 3351 esse
2116 3286 2294 3351 enim

344 3389 414 3436 re
454 3393 619 3439 vera
659 3372 891 3454 quovis
948 3380 1252 3455 serpente
1307 3371 1443 3436 solo
1498 3376 1747 3442 attactu
1789 3370 2327 3454 pestilentiores,.

346 3461 497 3542 quin
540 3458 663 3523 tibi
707 3458 834 3523 sim
873 3458 1288 3542 probaturus,
1330 3456 1501 3542 1111111
1542 3455 1782 3521 diffido.
1851 3457 2104 3522 Earum
2137 3478 2294 3523 vero

344 3544 411 3608 in
430 3564 713 3609 numero
746 3544 1245 3610 simulacrorum
1268 3545 1776 3622 venerationem,
1801 3543 2126 3608 unctionis
2149 3564 2293 3609 sus-

345 3632 725 3714 ceptionem,
767 3629 1327 3715 indulgentiarum
1371 3629 1768 3713 emptionem
1782 3680 1798 3708 ,
1842 3628 2294 3714 irrigationem

345 3736 420 3781 ex
462 3733 642 3800 aqua
683 3715 1105 3782 exsecrandis
1158 3715 1292 3779 illis
1343 3715 1727 3782 exorcismis
1782 3717 2145 3795 incantata,
2202 3716 2290 3782 si-

343 3802 661 3886 milesque
696 3800 861 3867 alios
895 3823 1014 3885 per
1032 3823 1105 3867 se
1137 3800 1545 3867 damnabiles
1579 3801 1749 3867 ritus
1780 3821 2044 3885 repono.
2111 3799 2293 3882 Quid

340 3890 518 3953 enim
558 3887 833 3953 tandem
877 3888 1099 3953 afferri
1143 3895 1359 3971 queat,
1403 3887 1577 3971 quod
1618 3887 1689 3950 in
1733 3907 1960 3952 eorum
1995 3888 2291 3952 omnium

340 3973 836 4040 excusationem
878 3975 1036 4039 satis
1078 3973 1323 4056 valeat,
1369 3994 1496 4056 quo
1540 3974 1763 4038 minus
1809 3974 1977 4039 tanti
2017 3993 2059 4038 a
2101 3973 2289 4039 nobis

335 4060 646 4126 maleficii
680 4059 981 4125 damnari
1014 4057 1338 4125 debeant?
1398 4057 1551 4126 Scio
1587 4058 1764 4126 enim
1798 4058 2112 4143 quosdam
2148 4078 2291 4125 esse

334 4145 813 4228 moderatores,
868 4147 1106 4229 quibus
1149 4144 1232 4210 ad
1274 4145 1704 4230 exagitandos
1746 4143 1925 4212 leves
1963 4144 2124 4211 istas
2138 4197 2154 4224 ,
2210 4153 2289 4209 ut

335 4232 515 4298 credi
559 4231 822 4312 volunt,
875 4240 942 4297 et
983 4231 1180 4297 nihili
1220 4251 1460 4317 nugas,
1506 4229 1813 4297 videmur
1853 4231 2130 4296 nimium
2184 4251 2288 4297 as-

453 4319 507 4383 ':
556 4317 677 4385 sed
720 4317 876 4400 quid
918 4318 1049 4398 illi,
1105 4319 1408 4401 inquam,
1464 4316 1551 4382 ad
1592 4316 1971 4384 diluendam
2012 4316 2289 4381 nimiam

332 4339 508 4471 ἕο
564 4410 863 4470 nostram
918 4404 1212 4489 (quando
1265 4404 1362 4470 ita
1402 4403 1625 4471 vocari
1667 4402 1912 4488 placet)
1971 4402 2288 4468 acerbita-

331 4495 470 4555 tem
509 4489 785 4556 tandem
825 4489 1155 4556 afferunt?
1242 4490 1505 4574 Negare
1548 4496 1724 4556 certe
1766 4509 1903 4554 non
1953 4487 2290 4554 audebunt

330 4575 712 4660 ubicunque
755 4574 839 4642 ad
888 4576 1142 4643 cultum
1172 4583 1477 4661 prostant
1508 4575 1582 4641 in
1616 4575 1878 4658 templis
1916 4574 2284 4654 simulacra,

328 4663 699 4728 maximam
741 4669 808 4726 et
844 4682 1057 4747 prope
1098 4664 1479 4729 universam
1521 4662 1866 4727 hominum
1918 4659 2285 4725 multitudi-

326 4769 488 4814 nem
532 4747 780 4815 divinis
833 4749 978 4831 ipsa
1026 4748 1383 4815 honoribus
1436 4748 1772 4832 prosequi:
1828 4768 1905 4813 ac
1956 4746 2030 4811 in
2080 4762 2158 4810 eo
2211 4746 2288 4810 in

327 4832 703 4902 secundum
746 4834 911 4919 legis
952 4844 1394 4919 praeceptum,
1435 4834 1608 4919 quod
1642 4840 1745 4938 est
1779 4833 1860 4899 de
1892 4853 2029 4898 non
2067 4831 2286 4898 colen·-

474 5144 536 5210 1)
576 5143 699 5199 Ed‘
732 5144 744 5156 ‘
770 5143 1092 5265 ἔδαψας
1122 5141 1449 5195 concredere
1496 5143 1703 5205 (versio
1720 5141 1936 5223 fellica
1969 5140 2154 5228 habet.-
2184 5154 2286 5221 ‘ce-

323 5211 622 5353 {egilam
668 5211 729 5275 2)
830 5209 922 5266 dd.
957 5225 1091 5266 rece.
1126 5206 1263 5262 15⁷6
1297 5223 1469 5278 01ης..-
1503 5208 1771 5265 sacrificii.
1837 5207 2026 5265 Ver-uo
2054 5208 2287 5280 901110οε

1544 346 1670 413 ΒΕ
1714 340 2233 415 FUGIENDIS
2274 340 2762 414 IMPIORUM
2805 346 3157 415 SAORJS.

4232 356 4363 420 254

2408 532 2510 600 dis
2554 534 2766 614 idolis,
2811 535 3192 619 impingere.
3282 535 3349 601 N
3349 556 3435 601 on
3478 534 3788 603 stolidum
3831 539 4172 606 hominum
4214 543 4361 610 vul-

2407 641 2550 771 gus,
2595 619 2710 686 sed
2752 619 3298 703 prudentissimos
3339 643 3646 706 quosque,
3692 631 3759 689 et
3789 627 4066 690 summis
4107 628 4363 713 ingenii

2454 707 2875 790 octrinaeque
2914 705 3176 773 dotibus
3206 707 3553 791 praeditos,
3597 710 3723 776 hoc
3753 730 3973 776 errore
4005 721 4226 797 captos
4256 716 4360 781 in-

2409 791 2799 876 volutosque
2846 813 2988 858 esse
3037 793 3209 858 dico:
3269 793 3352 859 ad
3398 794 3696 877 ipsorum
3739 796 4110 879 opinionem
4155 800 4360 884 (qnod

2409 878 2745 961 apostolus
2788 881 2931 944 fieri
2947 931 2961 955 ,
3007 886 3084 943 ut
3125 881 3503 959 meministi,
3549 881 3763 966 iubet)
3809 889 3876 947 te
3918 904 4171 950 revocO.
4260 882 4357 967 Si,

2409 984 2538 1047 quo
2579 964 2714 1029 illis
2752 971 3071 1031 testatum
3112 967 3338 1044 iacias,
3394 967 3711 1051 religione
3767 975 3833 1032 te
3886 968 3970 1034 ab
4022 971 4180 1053 ipsis
4224 992 4360 1038 non

2409 1049 2798 1133 discrepare,
2844 1058 3044 1134 caput
3085 1072 3304 1116 coram
3338 1052 3687 1119 simulacro
3719 1053 3989 1138 detegis,
4033 1062 4148 1121 aut
4178 1076 4358 1141 genu

2405 1156 2669 1202 curvas:
2729 1137 2888 1220 quid
2946 1137 3124 1202 aliud
3177 1159 3372 1220 quam
3430 1138 3674 1205 diserta
3719 1140 4175 1207 testificatione
4217 1141 4356 1209 ido-

2406 1221 2710 1287 lolatram
2751 1229 2821 1286 te
2865 1243 3007 1288 esse
3048 1222 3418 1306 profiteris?
3510 1229 3658 1306 [pag.
3704 1230 3808 1305 19]
3862 1227 3958 1291 At
3998 1235 4155 1292 utut
4175 1230 4227 1313 ¹)
4271 1231 4359 1295 si-

2406 1308 2699 1374 mulacro
2741 1317 2807 1373 te
2843 1309 3161 1373 honorem
3205 1308 3458 1375 deferre
3500 1310 3874 1378 hominibus
3929 1314 4168 1397 fingas,
4229 1314 4360 1381 Dei

2406 1399 2631 1458 tamen
2673 1396 2870 1459 unius
2912 1395 3164 1460 cultum
3194 1395 3586 1480 cogitatione
3618 1398 4084 1482 complecteris.
4149 1399 4360 1481 Quasi

2406 1500 2563 1546 vero
2607 1488 2796 1545 tuum
2840 1480 2959 1559 sit,
3015 1480 3326 1546 honorem
3383 1482 3466 1547 ad
3512 1483 3764 1548 arbitrii
3804 1485 3899 1548 tui
3944 1484 4211 1551 modum
4254 1488 4358 1552 in-

2406 1572 2510 1630 ter
2552 1565 2976 1631 simulacrum
3027 1575 3096 1631 et
3135 1567 3357 1632 Deum
3398 1569 3736 1633 viventem
3778 1571 4037 1652 partiri:
4082 1570 4357 1657 Deoque

2405 1652 2628 1716 omnia
2671 1651 2959 1716 intuenti
3009 1653 3281 1736 perinde
3333 1654 3553 1736 palam
3608 1654 3916 1736 illudere,
3976 1676 4051 1720 ac
4101 1658 4156 1723 si
4214 1660 4356 1725 eius

2406 1738 2658 1821 oculos,
2725 1738 2897 1821 quod
2955 1739 3247 1803 omnium
3308 1739 3665 1805 hominum'
3707 1742 4110 1825 perspiciunt
4163 1743 4355 1824 oculi,

2406 1825 2806 1906 praeteriret.
2879 1823 2984 1887 De
3017 1823 3373 1890 chrismate
3405 1826 3563 1909 quid
3609 1826 3821 1891 dicam
3846 1825 4068 1893 aliud?
4114 1830 4184 1893 in
4227 1851 4357 1914 quo

2404 1907 2820 1993 suscipiendo
2858 1911 2917 1975 si
2959 1920 3025 1975 te
3067 1910 3238 1975 nihil
3281 1930 3548 1994 peccare
3582 1912 3895 1990 defendis,
3940 1914 4112 1997 quod
4143 1915 4356 1980 homi-

2405 2016 2572 2060 num
2615 1997 2948 2078 iniquitati
2991 2003 3069 2060 ut
3110 1998 3498 2077 satisfacias,
3544 2000 3840 2064 membra
3885 1998 4210 2066 duntaxat
4250 2002 4355 2066 in-

2403 2082 2585 2164 ungi,
2631 2082 2820 2146 nulla
2861 2082 3294 2148 conscientiae
3334 2083 3650 2168 religione
3692 2085 3989 2167 patiaris:
4037 2107 4157 2171 ego
4202 2106 4355 2153 oon-

2403 2174 2509 2231 tra
2563 2167 2858 2251 graviter
2900 2176 2967 2232 te
3019 2167 3398 2251 delinquere
3457 2190 3663 2253 arguo
3676 2222 3692 2249 ,
3748 2171 3860 2254 qui
3902 2172 4014 2236 vel
4065 2173 4349 2240 frontem

2404 2252 2661 2331 afferas,
2705 2253 2777 2317 in
2821 2274 3018 2336 quam
3061 2253 3470 2335 inscribatur,
3517 2276 3684 2338 quae
3726 2256 3798 2319 in
3841 2277 3960 2323 sua
4003 2260 4348 2324 confirmar-

2402 2338 2580 2403 tione
2624 2341 2706 2405 ab
2747 2339 2881 2404 illis
2907 2350 3266 2422 usurpatur
3307 2339 3729 2424 blasphemia,
3774 2350 3842 2406 te
3876 2342 4109 2408 salutis
4144 2345 4353 2411 chris-

2400 2430 2578 2488 mate
2619 2426 2993 2490 confirmari
3004 2448 3021 2506 3
3064 2427 3172 2491 vel
3215 2446 3453 2492 manus
3495 2428 3809 2511 porrigas,
3852 2428 3926 2492 in
3957 2430 4191 2511 quibus
4232 2428 4370 2495 illa'

2397 2509 2828 2593 insculpatur,
2887 2531 3018 2594 qua
3059 2511 3426 2577 sacerdotes
3486 2533 3639 2578 snos
3692 2520 4047 2598 peragunt,
4104 2517 4353 2581 sacrifi-

2400 2596 2594 2662 candi
2624 2606 2694 2660 te
2726 2603 3049 2679 potestate
3092 2597 3436 2663 donatum:
3479 2598 3588 2664 vel
3619 2620 3845 2664 omnes
3877 2603 4166 2683 corporis
4199 2623 4351 2684 par-

2401 2690 2500 2747 tes
2534 2682 2845 2747 exhibeas
2879 2704 3014 2747 non
3046 2684 3289 2748 minori
3321 2684 3770 2749 exsecratione
3803 2685 4183 2763 inurendas‚
4221 2708 4352 2770 qua

2398 2768 2470 2832 111
2489 2775 2790 2833 extrema
2811 2770 3040 2853 (quam
3057 2769 3326 2849 vocant)
3348 2770 3656 2834 unctione
3677 2777 3970 2851 utuntur,
3996 2792 4114 2854 per
4131 2773 4350 2838 oleum

2399 2852 2520 2918 tibi
2563 2854 2811 2918 remitti
2854 2862 3136 2937 peccata.
3204 2853 3400 2935 Quod
3433 2855 3698 2938 quidem
3721 2856 3826 2923 vel
3860 2857 4025 2936 leve,
4059 2857 4165 2923 vel
4200 2858 4349 2923 nul·-

2396 2938 2541 3003 lnm
2572 2960 2716 3006 esse
2748 2937 3056 3006 delictum
3091 2941 3212 3006 tibi
3243 2941 3612 3019 concedam,
3647 2943 3776 3007 nisi
3808 2951 3926 3007 tua
3956 2945 3980 3007 i
4059 2944 4164 3010 ius
4195 2965 4348 3011 con-

2399 3026 2681 3092 fessione
2739 3025 3080 3093 obtinuero
3091 3050 3110 3107 3
3162 3047 3306 3091 rem
3366 3048 3507 3093 esse
3549 3028 3700 3111 plus
3744 3049 3941 3112 quam
3983 3030 4346 3115 indignam,

2398 3132 2564 3194 quae
2597 3111 2681 3176 ad
2715 3113 3274 3197 incorruptionem
3307 3115 3496 3197 regni
3518 3115 3646 3178 Dei
3680 3112 4009 3181 destinata
4040 3115 4174 3181 sint
4206 3137 4348 3182 cor·-

2396 3218 2561 3281 pora
2574 3250 2590 3278 ,
2665 3205 2852 3264 tanta
2914 3193 3470 3282 blasphemiarum
3533 3200 3845 3266 foeditate
3909 3204 4344 3287 conspurcari,

2397 3305 2594 3367 quam
2646 3284 2718 3348 in
2771 3292 3194 3368 conspectum
3235 3285 3508 3350 Domini
3563 3286 3869 3366 afferant,
3923 3308 4050 3371 quo
4105 3288 4209 3353 die
4263 3287 4348 3354 ad

2396 3368 2842 3452 recipiendam
2895 3370 3334 3435 immortalem
3391 3371 3637 3454 gloriae
3690 3391 3996 3438 coronam
4040 3373 4181 3439 eius
4226 3374 4347 3438 tri-

2395 3455 2628 3528 bunali
2665 3456 2996 3521 sistentur.
3087 3454 3202 3523 Sic
3243 3458 3358 3539 qui
3398 3458 3472 3521 in
3514 3457 3805 3523 arculam
3847 3459 4085 3542 stipem
4128 3459 4346 3524 conie-

2397 3541 2589 3619 cerit,
2647 3538 2761 3606 ubi
2816 3541 3084 3607 venales
3139 3548 3435 3625 prostent
3492 3543 3755 3622 veniae,
3823 3550 3940 3608 aut
3990 3543 4344 3626 quidquam

2396 3627 2662 3691 omnino
2706 3648 2791 3691 ex
2829 3626 2947 3691 illo
2990 3628 3138 3710 plus
3181 3629 3343 3693 satis
3374 3628 3691 3694 foecundo
3723 3650 3798 3694 ac
3831 3628 4089 3694 liberali
4122 3628 4344 3693 indul-

2394 3713 2772 3797 gentiarum
2811 3710 3501 3797 dispensationumque
3542 3714 3849 3780 thesauro
3892 3714 4016 3779 sibi
4046 3711 4343 3779 redeme-

2393 3800 2502 3878 rit,
2544 3798 2619 3862 in
2662 3797 2979 3864 nefandas
3031 3798 3183 3866 illas
3225 3799 3735 3866 nundinationes
3777 3819 4020 3865 nomen
4060 3799 4354 3882 inscrip-

2394 3883 2484 3950 sit
2528 3904 2750 3964 suum,
2806 3905 2883 3950 ac
2935 3885 3009 3949 in
3062 3905 3175 3953 eas
3220 3885 3593 3952 consentire
3649 3905 3749 3963 se,
3794 3885 3978 3950 velut
4020 3883 4173 3950 data
4212 3893 4344 3951 tes-

2394 3989 2558 4048 sera,
2603 3970 3071 4054 comprobavit.
3150 3971 3383 4055 Neque
3424 3970 3639 4060 illam,
3683 3990 3853 4054 quae
3894 3970 4008 4037 vul
4056 3991 4095 4035 o
4141 3971 4343 4038 iacta·-
4436 4001 4445 4011 ·

2390 4063 2521 4132 tur,
2567 4057 3059 4122 excusationem
3101 4057 3378 4141 accipio:
3420 4057 3551 4121 non
3596 4075 3781 4122 secus
3820 4077 3896 4122 ac
3937 4055 4182 4123 inlecta
4214 4056 4347 4122 offa

2391 4142 2731 4208 maleficae
2802 4143 3032 4209 beluae
3096 4148 3634 4226 compescuntur,
3710 4141 3806 4207 ita
3869 4142 3977 4208 vel
4043 4141 4343 4225 pauculis

2390 4229 2681 4294 nummis
2696 4279 2713 4308 ,
2769 4228 2882 4293 vel
2945 4230 3142 4293 etiam
3196 4229 3479 4313 largiore
3534 4227 3867 4293 interdum
3919 4247 4344 4293 nummorum

2391 4315 2577 4398 copia
2629 4313 3076 4381 deliniendam
3132 4336 3275 4381 esse
3332 4314 3843 4381 sacrificulorum
3885 4314 4163 4380 rabiem:
4224 4312 4341 4397 qui

2390 4421 2598 4484 quum
2648 4399 2730 4465 de
2768 4400 2954 4467 lucro
2995 4401 3245 4485 agitur,
3292 4402 3385 4467 sic
3422 4399 3706 4483 praedae
3758 4400 4048 4479 inhiant,
4106 4399 4341 4484 quovis

2390 4493 2470 4550 ut
2522 4486 2818 4552 famelico
2870 4486 3062 4552 leone
3114 4488 3249 4552 sint
3303 4484 3661 4553 rabidiores
3675 4536 3692 4565 ,
3751 4486 4074 4568 praelium
4115 4488 4343 4571 (quem

2388 4592 2641 4637 morem
2659 4569 3246 4657 pseudoprophetis
3264 4592 3339 4638 ao
3364 4570 4060 4655 pseudosacerdotibus
4083 4589 4342 4654 semper

2388 4658 2608 4737 fuisse,
2652 4659 2843 4724 tesffis
2878 4665 2981 4725 est
3019 4657 3371 4743 propheta)
3407 4657 3641 4742 (Mich.
3677 4660 3738 4737 3,
3765 4657 3834 4742 5)
3869 4677 4071 4742 super
4101 4676 4341 4722 unum-

2530 4931 2588 4996 1)
2627 4931 2778 4986 Edd.
2824 4947 2961 4987 rece.
2995 4929 3131 4984 1576
3169 4945 3308 5001 seqq.
3363 4931 3410 4984 le
3526 4937 3576 4984 t.-
3619 4939 3695 4984 ut.
3781 4929 4008 4987 smum
4054 4930 4339 4985 sububam·

2389 5015 2514 5054 m
2547 5015 2659 5055 non
2693 5002 2940 5071 attiyn'sse
2973 5000 3244 5055 videam.
3419 5001 3582 5054 maus
3615 5001 3821 5055 sedicet
3853 5001 4080 5054 alterins
4111 5011 4336 5053 acusa-

2390 5071 2589 5125 tionem
2617 5070 2925 5138 praesumit
2965 5081 3094 5122 mox
3138 5068 3504 5134 refutandam.
3523 5117 3536 5128 ,
3580 5067 3740 5138 Quod
3778 5067 3975 5123 Gallus
4006 5067 4172 5122 multo
4206 5067 4336 5121 luce·—

2390 5137 2520 5193 dius
2552 5140 2843 5206 expressit:
2880 5136 3134 5192 Combien
3169 5154 3273 5206 que
3309 5139 3358 5192 ie
3393 5138 3513 5193 face
3549 5138 3814 5193 semblent
3849 5177 3861 5190 .
3899 5176 3912 5188 .
3951 5176 3963 5189 .
4001 5175 4014 5188 .
4050 5134 4117 5189 de
4152 5141 4339 5203 porter

2388 5209 2638 5263 honneur
2671 5210 2706 5262 a
2738 5206 2945 5276 l’image
2960 5247 2976 5275 ,
3019 5206 3069 5261 ie
3103 5206 3271 5276 garde
3305 5208 3642 5262 neantmoins
3679 5221 3745 5261 en
3792 5220 3917 5258 mon
3955 5218 4103 5257 coeur
4136 5202 4190 5258 le
4226 5217 4336 5257 ser-

2388 5278 2508 5332 vice
2543 5276 2615 5331 du
2650 5289 2782 5345 vray
2813 5271 2971 5329 Dion.
