4984 5975
620 330 735 391 491
1020 423 1035 444 Ι
2118 320 2639 389 CONSILIUM
2680 321 2970 387 PAULI
3013 321 3139 386 HI.
4493 328 4608 392 492

616 514 723 580 vel
769 512 989 578 deliris
1028 509 1486 594 theolog-astris
1530 509 1902 594 ingeratur,
1951 530 2085 574 non
2128 509 2256 575 alio
2300 518 2568 593 spectat,

619 601 751 665 nisi
805 604 884 663 ut
940 594 1321 679 profundius
1376 596 1447 658 in
1504 596 1883 659 caecitatem
1936 593 2307 679 defigantur
2359 595 2571 661 homi-

618 706 782 750 num
824 691 1110 759 mentes,
1168 680 1237 746 id
1291 699 1702 763 nequaquam
1756 689 2124 745 monstrum
2171 691 2289 746 est.
2377 681 2572 746 Mon·

620 780 831 835 strum
888 769 1013 832 erit
1030 819 1045 844 ,
1099 768 1153 832 si
1198 765 1511 850 quidquid
1566 765 1638 829 in
1685 765 1961 832 ecclesia
2009 768 2258 851 geritur
2301 788 2377 832 eo
2413 766 2570 830 diri-

618 861 779 939 gant
845 854 1196 931 Germani,
1251 861 1325 918 ιιι
1376 851 1562 934 plebs
1606 851 1689 916 ad
1742 851 2110 936 legitimum
2153 853 2278 916 Dei
2322 853 2572 918 cultum

616 940 947 1018 instituta,
992 958 1252 1003 omnem
1294 937 1581 1003 iustitiae
1630 943 1697 1000 et
1739 938 1970 1003 salutis
2008 936 2315 1003 fiduciam
2358 958 2572 1021 spem-

619 1046 748 1109 que
811 1026 1129 1091 bonorum
1204 1024 1501 1088 omnium
1578 1024 1648 1086 in
1724 1043 1858 1088 uno
1924 1021 2191 1088 Christo
2257 1043 2573 1106 reponere

618 1110 874 1188 edocta,
931 1112 1004 1174 in
1058 1131 1288 1174 veram
1350 1108 1663 1194 pietatem
1722 1112 1841 1186 [fol.
1881 1120 1913 1172 3
1929 1111 1988 1187 1]
2048 1109 2356 1190 proficiat.
2448 1110 2571 1172 At-

620 1198 733 1280 qui
767 1196 818 1280 ¹)
862 1196 1228 1260 innumeris
1268 1193 1837 1277 superstitionibus
1877 1201 1945 1259 et
1974 1195 2098 1258 Dei
2120 1194 2338 1260 cultus
2382 1215 2571 1259 ever-

621 1304 735 1349 sus
787 1290 888 1347 est
942 1289 1010 1345 et
1060 1280 1356 1363 dispersa
1418 1280 1489 1344 in
1542 1280 1934 1345 vanissimas
1984 1280 2307 1345 vanitates
2360 1281 2572 1344 homi-

619 1388 783 1433 num
826 1364 1080 1444 fiducia,
1122 1376 1189 1431 et
1231 1373 1367 1430 tota
1409 1366 1544 1430 fere
1585 1365 1793 1447 pietas
1833 1366 2157 1430 exstincta
2198 1373 2315 1442 cst,
2357 1362 2425 1427 id
2467 1367 2571 1428 ni·

618 1453 719 1519 hil
784 1452 984 1517 habet
1037 1452 1332 1516 monstri.
1424 1452 1804 1516 Monstrum
1862 1451 1990 1516 erit
2033 1451 2089 1515 si
2148 1449 2571 1534 propheticae

619 1546 690 1604 et
747 1537 1138 1621 apostolicae
1212 1536 1547 1603 doctrinae
1610 1536 1825 1600 locum
1897 1535 2067 1618 apud
2135 1557 2206 1601 se
2272 1535 2572 1600 dederint

622 1623 962 1700 Germani,
1008 1643 1171 1705 quae
1213 1622 1402 1688 nobis
1446 1622 1763 1706 praecipit
1804 1621 1886 1685 ab
1920 1643 2049 1686 nno
2088 1623 2230 1686 Deo
2266 1619 2567 1703 pendere,

621 1710 722 1774 illi
780 1709 1067 1774 tribuere
1122 1706 1387 1773 laudem
1453 1708 1747 1772 omnium
1814 1707 2161 1785 bonorum,
2230 1706 2315 1771 ad
2380 1707 2569 1770 illum

621 1816 860 1873 unum,
913 1795 1168 1878 quoties
1236 1794 1457 1875 aliqua
1512 1800 1706 1876 urget
1762 1792 2143 1869 necessitas,
2201 1793 2568 1876 confugere,

619 1878 940 1965 quidquid
990 1880 1149 1945 boni
1202 1879 1543 1954 habemus,
1603 1879 1742 1942 eius
1798 1877 2189 1961 benignitati
2231 1887 2572 1960 acceptum

620 1967 899 2043 referre,
954 1966 1157 2029 vitam
1201 1974 1535 2029 aeternam
1578 1984 1713 2028 non
1756 1964 1885 2028 nisi
1928 1963 2219 2046 gratuita
2262 1964 2404 2029 eius
2445 1966 2572 2027 mi-

622 2051 976 2117 sericordia
1017 2057 1410 2133 exspectare,
1458 2048 1847 2114 renunciare
1891 2057 2155 2113 nostrae
2198 2049 2573 2133 sapientiae,

622 2145 700 2202 ut
738 2136 832 2200 illi
878 2135 1116 2200 dociles
1158 2156 1279 2200 nos
1322 2134 1766 2219 praebeamus,
1803 2153 2065 2198 omnem
2099 2134 2402 2218 propriae
2434 2135 2572 2200 vir·

622 2225 806 2297 tutis,
829 2223 1137 2298 iustitiae,
1169 2221 1536 2286 sanctitatis
1563 2219 1839 2304 gloriam
1864 2240 1938 2284 ac
1971 2218 2277 2285 fiduciam
2307 2240 2570 2297 exuere,

621 2315 700 2372 ut
739 2308 987 2373 virtute
1042 2308 1184 2372 eius
1226 2305 1541 2382 roborati,
1599 2305 1740 2369 eius
1782 2305 2037 2370 iustitia
2080 2304 2314 2384 induti,
2357 2307 2572 2369 ornati

621 2393 765 2458 eius
821 2394 1191 2470 sanctitate,
1268 2392 1339 2456 in
1400 2392 1687 2456 bonitate
1760 2391 1901 2455 eius
1965 2391 2451 2473 acquiescamus
2507 2398 2575 2456 et

619 2478 999 2564 gloriemur,
1044 2476 1280 2543 deinde
1323 2484 1528 2542 totam
1563 2477 1841 2541 istorum
1884 2474 2203 2541 bonorum
2247 2496 2574 2540 summam

619 2565 905 2631 sciamus
941 2566 1010 2628 in
1037 2564 1304 2629 Christo
1334 2584 1476 2629 esse
1510 2562 1882 2646 repositam,
1919 2560 2229 2626 admonet
2260 2583 2343 2626 ne
2375 2582 2574 2643 quam

620 2649 779 2715 alibi
819 2648 1211 2733 particulam
1255 2668 1664 2733 quaeramus.
1756 2649 1852 2712 At
1902 2644 2075 2730 quod
2117 2648 2188 2711 in
2232 2648 2417 2712 varia
2459 2647 2573 2714 de-

617 2736 971 2801 liramenta
1025 2735 1365 2799 hominum
1417 2739 1673 2799 mentes
1738 2755 1780 2797 a
1844 2752 2000 2797 vero
2064 2732 2206 2797 Deo
2263 2741 2574 2798 avocatae

622 2819 1105 2897 distrahuntur,
1151 2820 1322 2904 quod
1366 2818 1498 2884 Dei
1538 2819 1816 2903 gloriam
1860 2817 2178 2902 sacrilega
2220 2819 2573 2902 ingratitu-

622 2905 778 2972 dine
833 2908 1006 2972 inter
1058 2914 1392 2971 creaturas
1433 2906 1842 2989 partiuntur,
1900 2902 2073 2988 quod
2118 2913 2409 2969 mertuos
2452 2904 2573 2968 ho-

622 2995 835 3060 mines
899 3014 1017 3077 pro
1082 2991 1226 3057 Deo
1293 2994 1625 3070 invocant,
1693 2990 1862 3074 quod
1925 2990 2187 3055 laudem
2251 2991 2575 3056 bonorum

624 3080 1116 3164 gratiarumque
1158 3079 1478 3143 actionem
1523 3076 1605 3142 ad
1649 3077 1824 3160 ipsos
1876 3099 1917 3141 a
1961 3077 2102 3141 Deo
2146 3075 2573 3154 transferunt,

623 3165 844 3231 varios
912 3164 1033 3229 sibi
1088 3161 1303 3228 aditus
1371 3163 1453 3227 ad
1511 3164 1716 3227 vitam
1771 3170 2109 3228 aeternam
2172 3162 2339 3226 confi
2529 3171 2573 3240 t,

624 3250 809 3316 inani
853 3249 1155 3333 propriae
1199 3249 1583 3331 sapientiae,
1630 3249 1945 3327 iustitiae,
1990 3247 2259 3312 virtutis
2276 3298 2290 3323 ,
2335 3249 2383 3312 fi
2428 3247 2576 3313 ucia

625 3335 943 3401 adversus
986 3335 1207 3400 Deum
1260 3335 1670 3416 superbiunt,
1736 3334 1954 3417 impiis
1995 3333 2576 3416 imaginationibus

625 3421 973 3488 Christum
1011 3422 1362 3486 obscurant
1405 3430 1471 3485 et
1524 3421 1660 3484 fere
1704 3420 2056 3502 sepeliunt:
2103 3419 2211 3484 hic
2257 3419 2425 3483 nihil
2473 3426 2576 3483 est

625 3508 934 3585 monstri,
990 3527 1111 3572 nec
1155 3505 1521 3571 timendum
1562 3512 1687 3583 est,
1735 3506 1789 3571 si
1833 3507 1904 3569 in
1945 3505 2248 3569 futurum
2288 3506 2384 3569 ita
2425 3524 2576 3586 per-

624 3600 806 3679 gant.
905 3593 1283 3659 Monstrum
1334 3592 1489 3670 erit,
1546 3591 1602 3655 si
1661 3597 2020 3675 agnoscant
2063 3589 2383 3655 Germani
2427 3590 2574 3654 nul·

623 3680 757 3745 lam
799 3700 941 3746 esse
985 3678 1361 3743 hominibus
1404 3698 1554 3743 cum
1596 3678 1741 3743 Deo
1796 3675 2388 3742 reconciliationem
2446 3677 2576 3741 nisi

625 3767 699 3830 in
763 3764 1030 3831 Christo
1046 3817 1062 3844 ,
1128 3786 1262 3829 non
1326 3762 1514 3828 aliter
1576 3782 1773 3845 quam
1847 3762 2054 3845 ipsius
2110 3762 2577 3827 intercessione

626 3850 1025 3915 exorabilem
1088 3850 1568 3933 propitiumque
1632 3849 1849 3912 Deum
1924 3847 2111 3912 nobis
2186 3847 2361 3926 fieri,
2426 3849 2580 3931 quia

628 3956 856 4000 omnes
913 3936 1046 3999 sint
1097 3944 1468 4017 peccatores
1520 3931 1773 4018 indigni
1816 3931 1946 3998 Dei
1993 3940 2371 4015 conspectu,
2441 3955 2578 3998 non

629 4021 822 4085 aliter
862 4021 1063 4104 recipi
1106 4021 1176 4083 in
1221 4022 1531 4103 gratiam,
1587 4018 1716 4083 nisi
1768 4020 2045 4102 expiatis
2090 4040 2206 4101 per
2248 4019 2387 4084 eius
2428 4040 2580 4084 crn-

629 4127 775 4172 cem
837 4106 1150 4190 peccatis,
1209 4126 1433 4171 omnes
1490 4126 1632 4170 esse
1684 4106 2006 4188 impuros,
2063 4104 2191 4169 nisi
2235 4105 2377 4169 eius
2427 4126 2581 4170 san·

632 4192 834 4276 guine
878 4191 1256 4268 abluantur,
1302 4211 1627 4275 nusquam
1670 4189 1825 4256 alibi
1867 4211 2060 4273 quam
2106 4190 2177 4254 in
2232 4189 2344 4254 illo
2388 4190 2583 4256 unico

630 4278 947 4344 sacrificio
988 4297 1129 4341 esse
1172 4284 1559 4360 perpetuam
1602 4276 2131 4355 satisfactionem,
2177 4295 2344 4359 quae
2387 4296 2510 4339 nos
2545 4297 2584 4339 a

633 4362 1052 4427 damnatione
1108 4361 1357 4428 liberet.
1447 4363 1594 4429 Hac
1638 4362 2032 4429 certitudine
2076 4363 2388 4427 subnixas
2428 4381 2582 4426 con-

634 4449 965 4528 scientias,
1011 4447 1350 4513 indubiam
1397 4456 1701 4513 aeternae
1726 4447 1956 4513 salutis
1985 4446 2288 4513 fiduciam
2325 4454 2392 4512 et
2424 4467 2583 4529 qua-

632 4535 734 4599 vis
785 4534 1016 4598 notitia
1067 4533 1442 4599 solidiorem
1505 4534 1845 4617 concipere
1910 4532 2161 4598 debere.
2265 4534 2360 4598 At
2412 4532 2583 4617 quod

632 4627 809 4684 totus
853 4620 1099 4703 passim
1135 4619 1422 4685 mundus
1456 4640 1629 4685 nova
1662 4618 1921 4703 piacula
1955 4628 2022 4683 et
2055 4619 2375 4684 sacrificia
2408 4640 2584 4685 com·

631 4706 1021 4782 miniscitur,
1066 4706 1298 4788 quibus
1341 4703 1471 4769 Dei
1504 4706 1820 4771 iudicium
1854 4705 2143 4789 effugiat,
2188 4726 2391 4770 novos
2426 4704 2584 4770 sub-

631 4790 786 4857 inde
841 4788 1263 4869 mediatores,
1320 4812 1595 4875 quorum
1640 4792 2103 4856 intercessione
2149 4810 2221 4854 se
2262 4792 2585 4856 sustineat

632 4878 889 4960 quaerit
905 4928 920 4955 ,
975 4876 1471 4958 inquinamenta
1512 4878 1730 4944 nescio
1775 4898 1939 4960 quae
1979 4897 2097 4959 pro
2143 4874 2582 4941 ablutionibus

636 4963 760 5029 sibi
786 4963 1078 5041 accersit,
1127 4962 1371 5027 fictitiis
1407 4962 1955 5029 satisfactionibus
2003 4962 2323 5028 redimere
2359 4982 2428 5027 se
2474 4981 2583 5026 co-

777 5236 829 5303 1)
872 5236 1106 5292 Omnino
1142 5235 1446 5307 leyendum:
1484 5236 1557 5287 At
1590 5235 1748 5302 quod.

2676 516 2872 573 natur
2887 560 2904 588 ,
2948 510 3124 574 omni
3181 517 3360 573 caret
3400 512 3678 575 monstri
3720 509 4130 594 suspicione?
4233 509 4309 576 Si
4350 532 4614 580 excusso

2677 594 3009 658 inutilium
3055 594 3167 659 vel
3223 595 3423 659 etiam
3472 596 3826 680 impiarum
3877 596 4303 662 traditionum
4353 598 4501 682 iugo
4551 610 4615 664 et

2678 700 2874 745 saeva
2906 679 3023 744 illa
3045 680 3596 745 conscientiarum
3616 683 4013 759 carnificina,
4040 682 4337 766 regulam
4360 684 4612 750 vivendi

2679 766 2760 830 ab
2803 787 2933 829 uno
2976 765 3347 850 legislatore
3391 773 3459 831 et
3500 767 3817 850 magistro
3860 775 4090 851 petant
4132 767 4467 847 Germani,
4521 772 4614 835 in-

2677 851 2872 915 terim
2939 859 3159 916 tamen
3223 872 3358 916 non
3413 872 3493 916 ea
3553 852 3894 937 negligant
3949 854 4293 931 exercitia,
4344 875 4504 937 quae
4553 863 4615 920 et

2678 936 2928 1001 Christi
2979 935 3237 1087 leffius
3302 938 3435 1003 sint
3489 947 3958 1017 consentanea,
4015 948 4082 1004 et
4127 938 4211 1004 ad
4254 961 4365 1006 eas
4407 941 4614 1006 obser·
4732 1001 4740 1010 .

3013 1045 3058 1086 u

2675 1020 2926 1087 vandas
2977 1044 3012 1086 s

2676 1106 2848 1189 quod
2880 1116 3300 1191 praepostera
3333 1107 3704 1175 obedientia
3739 1115 3857 1189 [fol.
3896 1116 4004 1190 32]
4041 1108 4170 1175 Dei
4204 1110 4403 1175 verbo
4437 1132 4616 1194 prae-

2675 1194 2979 1257 feruntur
3021 1193 3366 1258 hominum
3410 1194 3620 1279 leges,
3667 1193 3839 1277 quod
3881 1197 3951 1259 in
3995 1195 4250 1260 frivolis
4294 1216 4372 1259 ac
4413 1196 4614 1260 inani-

2675 1279 2799 1344 bus
2863 1279 3454 1344 observatinnculis
3517 1280 3819 1347 homines
3886 1282 4387 1364 obstupescunt,
4452 1280 4616 1363 quod

2676 1363 2818 1428 sine
2861 1364 2998 1429 ullo
3040 1365 3258 1429 fructu
3301 1375 3417 1428 aut
3470 1364 3917 1432 aedificatione
3959 1367 4030 1431 in
4074 1366 4268 1450 nugis
4309 1365 4445 1432 illis
4487 1387 4615 1433 ser-

2675 1448 2908 1513 vandis
2952 1470 3023 1514 se
3065 1450 3476 1528 excruciant,
3532 1449 3702 1532 quod
3745 1452 3881 1516 illic
3924 1452 4244 1516 iustitiam
4286 1451 4614 1530 collocant,

2675 1535 2746 1597 in
2801 1555 2876 1599 eo
2925 1534 3093 1599 nihil
3147 1545 3248 1600 est
3303 1538 3598 1601 monstri.
3688 1536 4064 1602 Monstrum
4110 1537 4261 1616 erit,
4308 1538 4370 1603 si
4413 1558 4616 1603 sacra-

2675 1629 2900 1684 menta
2925 1642 2965 1684 a
2988 1620 3273 1685 Domino
3308 1622 3608 1687 instituta
3631 1622 3948 1687 Germani
3986 1622 4070 1687 ad
4092 1624 4396 1690 nativum
4427 1624 4616 1688 finem

2673 1715 3008 1784 revocent,
3045 1717 3123 1770 ut
3159 1706 3475 1771 nimirum
3510 1707 4167 1774 communicationem
4202 1707 4458 1773 Christi
4488 1708 4615 1792 ple-

2676 1792 2824 1856 nius
2864 1790 2999 1855 illic
3035 1792 3402 1875 percipiant
3442 1791 3667 1858 fideles
3702 1794 3977 1871 animae,
4025 1801 4096 1858 et
4133 1794 4205 1858 in
4248 1794 4466 1878 gratia
4497 1795 4616 1858 Dei

2676 1877 3089 1954 roborentur,
3135 1885 3203 1942 et
3243 1885 3382 1941 tam
3431 1887 3858 1943 exerceantur
3898 1879 3982 1944 ad
4025 1878 4319 1954 studium
4366 1887 4616 1945 sanctae

2672 1963 2877 2038 vitae,
2934 1983 3128 2045 quam
3180 1964 3253 2027 in
3297 1962 3545 2029 Christi
3600 1965 3933 2048 agnitione
3974 1973 4360 2049 augescant:
4417 1966 4472 2030 si
4512 1964 4614 2030 de-

2675 2045 2828 2113 inde
2871 2068 3136 2131 operam
3180 2047 3481 2113 dederint
3521 2058 3599 2114 ut
3640 2051 4085 2116 caeremoniae
4138 2051 4437 2134 ritusque
4486 2071 4613 2115 om·

2675 2154 2794 2199 nes
2849 2134 2921 2197 in
2974 2132 3152 2199 hunc
3196 2154 3463 2217 scopum
3503 2136 3927 2200 conferantur
3941 2187 3956 2213 ,
4002 2156 4113 2201 eas
4158 2144 4386 2201 autem
4401 2188 4416 2210 ,
4459 2155 4614 2219 quae

2675 2225 2834 2284 sunt
2876 2239 3144 2301 prorsus
3190 2220 3461 2297 alienae,
3509 2221 3986 2306 abrogaverint.
4059 2224 4152 2286 At
4194 2221 4372 2305 quod
4415 2242 4614 2288 sacro-

2676 2306 2919 2370 sanctis
2962 2304 3213 2372 Christi
3254 2306 3587 2389 mysteriis
3628 2306 3987 2372 insolenter
4029 2306 4398 2372 abutuntur
4431 2309 4614 2373 sacri·

2675 2389 2850 2454 ficuli
2904 2389 2988 2454 ad
3041 2390 3428 2456 obscoenam
3471 2391 4038 2469 nundinationem,
4089 2392 4258 2457 nihil
4299 2392 4459 2457 inde
4499 2394 4618 2476 spi·

2676 2476 2932 2541 ritualis
2976 2476 3400 2542 emolumenti
3444 2476 3526 2542 ad
3573 2478 3884 2561 populum
3931 2476 4127 2556 redit3
4173 2477 4350 2561 quod
4391 2478 4618 2561 baptis-

2678 2583 2856 2641 mus,
2911 2583 3039 2645 quo
3082 2584 3202 2627 nos
3256 2563 3500 2628 initiari
3542 2571 3919 2646 oportuerat
3969 2564 4042 2628 in
4098 2585 4324 2629 veram
4385 2565 4618 2646 purita-

2676 2654 2832 2726 tem,
2877 2654 2975 2712 tot
3013 2646 3222 2714 modis
3267 2655 3368 2713 est
3408 2649 3921 2730 contaminatus3
3979 2649 4148 2731 quod
4193 2650 4621 2715 sacratissima

2678 2752 2882 2799 coena
2944 2740 3040 2797 tot
3089 2733 3406 2816 implicita
3469 2734 3832 2818 sacrilegiis
3899 2735 4034 2799 fere
4088 2734 4386 2800 obsoleta
4439 2744 4504 2799 et
4556 2737 4618 2799 in

2677 2817 2965 2883 nihilum
3016 2819 3281 2884 redacta
3322 2827 3453 2898 est,
3519 2820 3663 2884 eius
3708 2822 3776 2884 in
3831 2819 4047 2886 locum
4091 2821 4408 2886 successit
4448 2841 4620 2886 exse-

2679 2903 2939 2969 crabilis
2992 2905 3358 2989 profanatio
3375 2957 3389 2984 ,
3455 2927 3584 2989 qua
3647 2914 3715 2970 et
3768 2905 4075 2972 Christus
4128 2905 4476 2972 sacerdotii
4528 2907 4618 2970 sui

2680 2991 2925 3056 honore
2990 2990 3334 3074 spoliatur,
3400 3000 3467 3057 et
3519 2992 3762 3074 impuri
3825 2991 4175 3058 sacrificuli
4191 3044 4205 3069 ,
4262 2992 4441 3075 quod
4492 2994 4620 3058 eius

2677 3075 3014 3159 proprium
3069 3084 3212 3141 erat
3275 3078 3400 3142 sibi
3453 3086 3792 3162 arrogant,
3870 3086 3938 3142 et
4000 3079 4398 3145 beneficium
4461 3076 4622 3162 quod

2680 3161 2867 3227 nobis
2890 3183 3010 3227 sua
3042 3171 3253 3227 morte
3294 3164 3617 3246 praestitit
3650 3163 4071 3244 obliteratur;
4105 3163 4275 3247 quod
4309 3165 4622 3229 immensa

2679 3249 3238 3314 caeremoniarum
3280 3249 3610 3333 farragine
3652 3271 3735 3315 ex
3784 3248 4106 3315 iudaismo
4149 3257 4218 3315 et
4259 3250 4620 3334 gentilitate

2681 3334 3009 3416 permixta
3051 3332 3445 3400 christianae
3473 3334 3781 3400 ecclesiae
3824 3333 4216 3413 obruuntur;
4261 3336 4443 3419 quod
4526 3336 4619 3400 lu·

2679 3422 2884 3485 rimae
2927 3440 3008 3484 ex
3053 3421 3135 3484 iis
3177 3420 3428 3486 nnllam
3472 3421 4017 3504 significationem
4061 3421 4337 3499 habent,
4386 3442 4454 3485 m
4526 3430 4620 3485 tae

2679 3506 2878 3570 etiam
2920 3526 3187 3587 prorsus
3232 3514 3389 3571 sunt
3429 3506 3742 3573 ridiculae
3786 3517 3851 3571 et
3906 3506 4215 3590 pueriles;
4268 3507 4448 3591 quod
4497 3526 4620 3571 non

2681 3590 2871 3656 modo
2933 3593 3169 3657 crassis
3225 3592 3489 3675 ineptiis
3548 3591 3827 3676 populus
3878 3600 4196 3675 perpetuo
4253 3600 4617 3677 occupatur,

2682 3676 2797 3743 sed
2853 3676 2921 3740 in
2974 3678 3386 3742 manifestam
3440 3679 3840 3762 impietatem
3885 3699 3956 3743 se
3997 3677 4416 3761 praecipitat,
4473 3676 4621 3743 dum

2681 3763 2910 3828 adorat
2961 3771 3368 3827 mortuorum
3419 3783 3566 3829 ossa
3581 3815 3597 3842 ‚
3653 3764 3888 3828 statuis
3933 3772 4000 3827 et
4042 3763 4441 3848 imaginibus
4476 3784 4618 3845 sup-

2681 3848 2879 3932 plicat
2940 3858 3007 3912 et
3069 3848 3275 3913 multa
3324 3848 3637 3915 eiusmodi
3693 3849 4020 3933 designat,
4079 3847 4148 3913 id
4205 3849 4378 3914 nihil
4433 3850 4622 3914 habet

2682 3934 2847 4000 vitii.
2923 3932 3001 3998 Si
3044 3933 3394 4018 tyrannide
3427 3934 3837 4013 Antichristi,
3885 3932 4050 4018 quae
4092 3935 4410 4001 hactenus
4457 3932 4619 4017 apud

2682 4041 2803 4084 nos
2839 4029 3135 4103 grassata
3167 4028 3287 4097 est,
3325 4020 3581 4099 abolita,
3620 4043 3729 4085 eos
3753 4020 4038 4093 ecclesiis
4071 4021 4408 4087 ministros
4442 4041 4620 4105 prae-

2685 4107 2908 4171 ficiant
2929 4105 3270 4182 Germani,
3309 4108 3419 4189 qui
3453 4106 3736 4172 officium
3772 4126 3966 4172 suum
4001 4107 4309 4172 noverint
4341 4114 4411 4171 et
4444 4127 4620 4172 exer·

2686 4198 2903 4269 ceant,
2968 4191 3081 4274 qui
3145 4213 3307 4256 sana
3360 4191 3662 4258 doctrina
3696 4192 3953 4275 plebem
3996 4200 4270 4276 pascant
4283 4243 4297 4269 ,
4363 4199 4620 4257 sanctae

2686 4278 2860 4343 vitae
2916 4277 3215 4360 exemplo
3267 4288 3580 4360 praeeant
3625 4275 3941 4356 omnibus,
3986 4279 4057 4341 in
4105 4277 4381 4342 salutem
4427 4276 4619 4344 eccle-

2687 4364 2822 4428 siae
2863 4361 3100 4427 -sedulo
3158 4362 3551 4448 advigilent,
3607 4375 3828 4446 patres
3882 4362 4161 4446 denique
4212 4369 4280 4427 et
4337 4371 4621 4446 pastores

2687 4470 2756 4514 se
2790 4468 2934 4514 esse
2972 4448 3411 4523 meminerint,
3448 4471 3658 4533 neque
3701 4448 3849 4532 plus
3895 4448 4018 4513 sibi
4053 4458 4391 4532 usurpent,
4437 4467 4622 4533 quam

2686 4543 2762 4599 ut
2807 4535 2927 4600 sub
2971 4536 3169 4599 unius
3213 4535 3460 4600 Christi
3516 4535 3890 4620 magisterio
3933 4534 4246 4619 populum
4288 4536 4620 4610 retineant,

2685 4618 2887 4684 iidem
2926 4620 3246 4685 familiam
3284 4621 3640 4704 prudenter
3683 4630 3749 4686 et
3789 4620 4122 4686 moderate
4165 4629 4426 4706 regant,
4469 4619 4623 4684 libe-

2689 4726 2795 4771 ros
2845 4705 2916 4769 in
2973 4706 3206 4771 timore
3261 4706 3389 4771 Dei
3440 4706 3772 4784 erudiant,
3837 4706 4209 4791 coniugium
4266 4728 4395 4791 qua
4448 4705 4626 4771 decet

2687 4790 3026 4856 honestate
3062 4800 3131 4855 et
3173 4791 3488 4876 pudicitia
3521 4792 3755 4870 colant,
3801 4813 3930 4857 non
3969 4798 4229 4857 tantum
4262 4800 4622 4857 monstrum

2686 4877 2829 4955 erit,
2877 4876 2993 4942 sed
3017 4876 3262 4961 aliquid
3296 4885 3587 4942 monstro
3621 4878 3991 4943 immanius.
4060 4879 4154 4942 At
4172 4876 4340 4960 quod
4379 4876 4622 4941 idolum

2685 4962 2852 5027 illud
2893 4984 3239 5028 romanum
3285 4963 3351 5026 in
3400 4965 3774 5029 sanctuario
3816 4962 3948 5028 Dei
3991 4984 4133 5029 sese
4182 4984 4297 5047 pro
4339 4962 4483 5028 Deo
4526 4982 4622 5025 os-

2686 5054 2899 5114 tentat
2953 5058 3019 5113 et
3076 5048 3414 5126 adoratur,
3470 5049 3639 5132 quod
3692 5050 4063 5115 miserrima
4115 5050 4425 5115 servitute
4481 5046 4620 5111 uni·

2686 5155 2956 5200 versum
3013 5132 3235 5199 orbem
3287 5134 3529 5217 premit
3545 5187 3560 5214 ,
3622 5134 3794 5219 quod
3847 5146 4167 5218 potestate
4218 5130 4411 5218 quam
4467 5131 4622 5199 falso

2684 5221 3012 5303 praetexit
3065 5219 3148 5283 ad
3191 5221 3547 5301 perniciem
3590 5222 3880 5287 omnium
3925 5218 4220 5286 abutitur
4241 5271 4255 5298 ,
4319 5217 4490 5303 quod
4530 5222 4623 5280 tot

3162 1021 3266 1092 dio
3334 1043 3475 1089 esse
3539 1033 3811 1106 queant,
3872 1033 4244 1090 monstrum
4302 1024 4445 1089 erit.
4529 1027 4616 1092 At
