4984 5975
596 323 721 385 203
986 332 998 360 ⁸
2110 317 3058 385 PSYOHOPANNYOHIA.
4463 320 4587 382 204

594 509 772 574 mino
814 508 1006 574 vivus
1032 508 1082 590 ¹)
1130 506 1397 590 spiritus
1432 508 1729 585 efficitur,
1776 508 1868 572 sic
1889 507 2200 585 vivificat,
2246 517 2322 571 ut
2345 506 2534 588 spiri-

595 594 724 659 tale
767 612 999 676 corpus
1039 593 1301 658 efficiat:
1348 594 1700 658 absumens
1734 614 1994 657 omnem
2029 592 2533 675 corruptionem,

594 678 847 744 nullam
893 689 1192 742 metuens
1236 678 1730 760 separationem.
1822 679 2151 762 Denique,
2198 688 2272 742 ut
2314 678 2535 742 omnia

593 764 727 829 illis
783 764 1134 829 concedam
1190 761 1271 826 de
1324 764 1544 828 anima
1589 765 1853 828 vivente
1908 764 2008 848 (in
2065 784 2192 846 quo
2250 764 2531 842 nomine,

592 857 671 914 ut
709 850 842 913 iam
887 847 1042 925 dixi,
1092 870 1226 914 non
1269 848 1537 931 haereo)
1579 849 1698 913 illa
1739 858 1961 913 tamen
2005 848 2191 914 sedes
2225 849 2534 931 imaginis

592 933 721 999 Dei
765 955 1022 1017 semper
1065 933 1247 999 salva
1289 936 1612 1000 consistit:
1662 934 1812 1000 sive
1854 935 2172 1013 animam,
2218 936 2357 999 sive
2400 934 2534 1016 spi-

592 1021 814 1097 ritum,
861 1020 1002 1083 sive
1047 1019 1309 1102 quidvis
1357 1020 1535 1084 aliud
1580 1020 1940 1085 nominent.
2029 1020 2169 1085 Nec
2203 1020 2414 1104 magis
2450 1018 2534 1084 ad

592 1105 1023 1171 refellendum
1076 1104 1339 1171 difficile
1399 1114 1499 1171 est
1542 1105 1713 1189 quod
1758 1127 1841 1170 ex
1886 1107 2213 1172 tricesimo
2258 1106 2533 1188 septimo

592 1191 954 1256 Ezechielis
1010 1191 1222 1274 capite
1276 1191 1614 1258 obiiciunt:
1672 1191 1784 1255 ubi
1840 1191 2162 1274 propheta
2203 1189 2533 1275 quandam

590 1277 1086 1343 resurrectionis
1128 1277 1570 1361 hypotyposin
1614 1277 1876 1354 faciens,
1922 1284 2114 1342 vocat
2153 1277 2457 1359 spiritum
2494 1297 2534 1340 a

592 1372 874 1446 quatuor
930 1363 1150 1427 ventis
1165 1413 1179 1439 ,
1236 1363 1349 1444 qui
1404 1363 1613 1426 vitam
1666 1363 1944 1444 inspiret
1999 1361 2202 1428 aridis
2260 1362 2530 1427 ossibus.

592 1447 758 1513 Inde
816 1450 1061 1531 optime
1119 1449 1242 1513 sibi
1296 1447 1601 1531 colligere
1658 1447 1997 1526 videntur,
2056 1447 2339 1512 hominis
2391 1447 2534 1510 ani-

591 1555 770 1598 mam
813 1533 980 1596 nihil
1019 1554 1159 1599 esse
1205 1532 1401 1610 aliud,
1446 1553 1641 1616 quam
1677 1534 1816 1599 vim
1852 1533 2356 1615 facultatemque
2396 1553 2534 1596 mo·

592 1619 788 1684 tionis
847 1618 987 1683 sine
1044 1619 1443 1684 substantia:
1503 1640 1669 1701 quae
1727 1619 1829 1684 vis
1882 1619 1953 1682 in
2007 1627 2218 1683 morte
2273 1617 2536 1700 quidem

593 1711 961 1781 evanescat,
995 1705 1065 1768 in
1088 1704 1559 1770 resurrectione
1581 1726 1739 1768 vero
1761 1705 2001 1768 iterum
2022 1703 2454 1787 recolligatur.
2476 1702 2535 1784 2)

592 1789 802 1871 Quasi
835 1809 994 1854 vero
1035 1789 1203 1854 mihi
1247 1790 1448 1855 etiam
1490 1811 1620 1854 non
1663 1789 1858 1854 liceat
1900 1789 2127 1854 eodem
2170 1786 2361 1853 modo
2406 1788 2535 1853 col-

589 1874 811 1960 ligere,
857 1876 1163 1958 spiritum
1205 1876 1333 1940 Dei
1378 1885 1493 1939 aut
1535 1882 1809 1940 ventum
1851 1883 1966 1939 aut
2007 1874 2353 1939 evanidam
2398 1895 2537 1937 mo·-

505 2028 511 2043 ‚
591 1962 837 2026 tionem
852 1962 910 2044 ⁸)
955 1981 1116 2039 esse,
1161 1981 1363 2043 quum
1406 1961 1475 2025 in
1522 1962 1735 2043 prima
1778 1982 1899 2025 sua
1930 1962 2185 2025 visione
2227 1959 2538 2024 Ezechiel

590 2047 729 2129 ipse
766 2052 1040 2111 ventum
1082 2046 1395 2125 nominet,
1440 2068 1557 2129 pro
1602 2057 1868 2112 aeterno
1903 2044 2034 2110 Dei
2076 2046 2329 2128 spiritu.
2402 2043 2538 2109 Sed

591 2131 844 2196 homini
899 2152 1037 2196 non
1087 2153 1356 2215 prorsus
1413 2132 1674 2215 stupido
1717 2131 1926 2197 facilis
1969 2131 2096 2196 erit
2134 2131 2368 2195 solutio
2412 2129 2537 2194 hu-

595 2218 703 2283 ius
745 2216 1004 2299 nodi,⁴)
1050 2238 1246 2300 quam
1290 2215 1442 2282 boni
1485 2218 1594 2283 isti
1640 2218 1799 2296 viri,
1858 2237 1977 2301 pro
2021 2238 2144 2282 sua
2184 2216 2299 2282 vel
2336 2216 2537 2281 insci-

595 2303 705 2381 tia,
751 2301 855 2369 vel
898 2302 1203 2381 ruditate,
1248 2324 1380 2367 non
1424 2304 1793 2369 observant.
1856 2302 2153 2384 Utroque
2188 2302 2365 2367 enim
2398 2301 2539 2366 loco

592 2389 839 2454 factum
874 2395 991 2464 est,
1038 2386 1210 2471 quod
1252 2389 1394 2453 fieri
1430 2388 1708 2454 subinde
1743 2388 1909 2453 solet
1943 2410 1982 2453 a
2016 2388 2386 2471 prophetis:
2426 2387 2540 2469 qui

594 2495 700 2539 res
744 2474 1114 2557 spirituales
1158 2494 1235 2539 ac
1277 2474 1565 2540 humano
1609 2495 1807 2540 sensu
1864 2473 2159 2552 altiores,
2215 2473 2540 2556 corporeis

595 2579 671 2624 ac
710 2559 1076 2625 visibilibus
1130 2559 1444 2644 symbolis
1495 2562 1801 2644 figurant.
1894 2558 2119 2641 Quum
2174 2579 2330 2642 ergo
2373 2559 2539 2622 Eze-

595 2644 765 2709 chiel
806 2666 1115 2727 expressa
1157 2651 1226 2709 et
1256 2647 1443 2726 quasi
1483 2648 1768 2711 eiconica
1782 2646 1841 2728 ⁵)
1884 2650 1998 2725 [fol.
2040 2650 2147 2722 25]
2183 2645 2428 2709 visione
2472 2652 2541 2707 et

596 2731 902 2813 spiritum
946 2729 1077 2794 Dei
1130 2738 1198 2794 et
1248 2730 1589 2795 hominum
1633 2732 1902 2813 spiritus
1947 2730 2070 2794 sub
2114 2729 2334 2795 oculos
2380 2750 2540 2812 quo-

599 2814 943 2879 dammodo
988 2825 1479 2898 repraesentare
1523 2816 1750 2894 vellet,
1810 2814 2007 2896 idque
2049 2823 2222 2880 esset
2267 2837 2307 2880 a
2348 2815 2540 2898 spiri-

599 2899 763 2964 tuali
819 2905 1057 2964 natura
1113 2901 1432 2964 alienum:
1492 2899 1990 2964 similitudinem
2036 2900 2315 2982 sumpsit
2358 2922 2398 2963 a
2436 2920 2540 2964 re-

599 2987 723 3051 bus
768 2987 1112 3067 corporeis,
1159 3006 1326 3068 quae
1370 2985 1676 3070 imaginis
1721 2987 1863 3050 vice
1907 2995 2094 3051 esset.

771 3152 1111 3221 Obiiciunt
1167 3155 1452 3221 secundo
1466 3207 1482 3235 ,
1528 3156 1842 3234 animam,
1899 3158 2161 3221 tametsi
2204 3157 2543 3220 immorta—

598 3241 783 3306 litate
839 3239 1076 3305 donata
1129 3249 1328 3320 esset,
1384 3242 1455 3306 in
1498 3249 1832 3324 peecatum
1876 3250 2097 3307 tamen
2140 3241 2540 3325 prolapsam:

641 3317 727 3391 iia
770 3325 962 3391 ruina
1015 3325 1575 3393 immortalitatem
1631 3348 1815 3393 suam
1873 3327 2167 3393 obruerit
2209 3348 2286 3393 ac
2325 3326 2544 3411 perdi-

645 3414 787 3477 erit.
879 3412 1062 3477 Haec
1117 3412 1473 3478 constituta
1517 3420 1659 3478 erat
1836 3433 1925 3478 na
1967 3421 2258 3498 peccate,
2318 3421 2385 3477 et
2432 3413 2544 3477 de-

595 3499 903 3564 nunciata
945 3497 1176 3582 primis
1218 3499 1622 3581 parentibus:
1746 3507 1886 3565 orte
1928 3500 2298 3564 moriemini
2342 3498 2542 3583 (Gen.

598 3589 656 3662 2,
700 3583 827 3669 17).
919 3585 1012 3648 Et
1053 3583 1302 3649 Paulus
1346 3586 1458 3662 ait,
1504 3584 1903 3668 stipendium
1944 3586 2223 3669 peccati,
2267 3592 2547 3649 mortem

598 3691 741 3735 esse
786 3671 1002 3753 (Rom.
1050 3673 1106 3748 6,
1147 3671 1276 3751 23).
1353 3671 1447 3734 Et
1488 3671 1821 3754 propheta,
1868 3671 2158 3736 animam
2192 3691 2358 3753 quae
2396 3690 2546 3752 pec-

596 3756 863 3835 caverit,
908 3755 1296 3820 morituram
1341 3755 1581 3822 clamat
1622 3756 1888 3856 (Ezech.
1934 3761 2029 3835 18,
2067 3757 2156 3839 4).
2228 3757 2414 3822 Haec
2449 3754 2547 3820 illi

598 3852 712 3906 aut
749 3841 1005 3906 similia.
1097 3839 1233 3906 Sed
1277 3862 1516 3924 quaero
1558 3863 1859 3925 primum,
1907 3861 2126 3907 annon
2170 3842 2367 3906 etiam
2405 3840 2546 3905 dia-

598 3926 744 3992 bolo
810 3927 1139 3991 redditum
1195 3934 1297 3992 est
1361 3926 1538 3991 idem
1607 3929 1856 4010 peccati
1911 3926 2355 4010 stipendium?
2423 3949 2546 3993 nec

599 4019 823 4076 tamen
865 4011 975 4076 ille
1034 4014 1125 4077 sic
1177 4021 1471 4078 mortuus
1516 4020 1642 4091 est,
1686 4021 1766 4078 ut
1808 4034 1945 4078 non
1991 4034 2251 4096 semper
2270 4007 2543 4096 ‘vigilet,

600 4104 675 4162 ut
718 4118 851 4161 non
895 4096 1247 4161 circumeat
1260 4150 1274 4175 ‚
1337 4120 1653 4182 quaerens
1696 4120 1890 4181 quem
1945 4098 2213 4164 devoret
2259 4105 2317 4181 (l
2363 4099 2541 4163 Petr.

602 4187 661 4262 5,
700 4183 793 4265 8),
849 4189 923 4246 ιιι
974 4203 1106 4246 non
1165 4193 1468 4265 operetur
1517 4187 1585 4249 in
1622 4185 1775 4249 filiis
1820 4184 2219 4250 diffidentiae
2266 4183 2544 4267 (Ephes.

603 4271 659 4342 2,
706 4270 793 4352 2).
884 4265 1173 4345 Deinde,
1232 4290 1315 4333 au
1360 4271 1623 4336 omnino
1668 4269 1904 4352 aliquis
1948 4271 2097 4335 finis
2136 4271 2400 4335 futurus
2445 4277 2547 4334 est

601 4354 741 4418 eius
784 4353 1033 4431 mortis,
1079 4373 1162 4416 an
1212 4355 1388 4419 non?
1479 4354 1553 4421 Si
1599 4356 1775 4420 enim
1818 4355 2044 4422 nullus
2086 4365 2205 4434 est,
2251 4364 2325 4420 ut
2366 4364 2546 4421 certe

600 4438 795 4503 fateri
850 4459 960 4502 eos
1020 4447 1302 4520 oportet:
1347 4442 1552 4526 igitur
1588 4441 1717 4520 illi,
1762 4442 2242 4524 quantumlibet
2283 4441 2545 4520 mortui,

600 4523 825 4608 ignem
890 4532 1107 4587 tamen
1175 4533 1513 4591 aeternum
1566 4527 1882 4607 sentient,
1946 4537 2014 4592 et
2076 4548 2366 4593 vermem
2432 4526 2545 4611 qui

602 4630 733 4673 non
778 4609 1078 4673 moritur.
1192 4610 1376 4676 Haeo
1452 4613 1637 4679 nobis
1691 4613 1945 4679 clarum
2010 4614 2287 4692 faciunt,
2357 4634 2547 4678 suam

518 4739 523 4748 ·
604 4695 862 4759 animae
927 4696 1508 4776 immortalitatem,
1550 4721 1746 4782 quam
1790 4699 2176 4777 asserimus,
2221 4720 2547 4782 quamque

602 4781 756 4846 boni
810 4780 915 4846 vel
976 4780 1135 4845 mali
1190 4803 1391 4847 sensu
1433 4793 1734 4851 constare
1777 4785 2088 4863 dicimus,
2156 4785 2358 4850 etiam
2401 4793 2550 4849 tum

740 4950 799 5018 1)
838 4950 931 5007 Sic
964 4953 1083 5005 sola
1111 4953 1388 5019 princeps.
1453 4952 1730 5008 Caeterae:
1778 4973 1931 5011 unus.
2137 4955 2197 5022 2)
2247 4956 2547 5024 colligatur,

604 5018 741 5073 1576
776 5035 914 5090 seqq.
1123 5019 1183 5080 3)
1231 5021 1589 5089 monitionem,
1630 5021 1988 5078 1576-1611.
2173 5024 2235 5085 4)
2278 5023 2371 5078 Sic
2403 5025 2551 5079 solae

601 5088 721 5142 edd.
755 5090 1066 5156 primariae
1113 5089 1203 5156 (G.
1252 5088 1554 5150 difficulte).
1625 5090 1750 5144 Iam
1792 5094 1947 5162 apud
1985 5092 2292 5147 Galla-sium
2325 5093 2549 5161 leyn’tur:

603 5158 912 5212 huiusmodi
946 5165 997 5212 et
1030 5159 1110 5213 sic
1143 5159 1341 5213 habent
1373 5173 1556 5210 omnes
1588 5163 1922 5215 recentiores.
2043 5160 2104 5227 5)
2143 5160 2280 5215 1552
2313 5160 2548 5216 221563:

606 5229 869 5296 etcouica3
908 5225 1042 5281 1576
1064 5244 1231 5298 oeqqs
1264 5226 1472 5281 iconica
1506 5223 1598 5293 (G.
1620 5243 1723 5281 une
1742 5230 1911 5284 vision
1934 5233 2234 5300 pourtraite
2270 5247 2341 5285 au
2373 5230 2507 5295 vif).

2637 528 2797 587 esse,
2845 529 3044 591 quum
3090 516 3350 572 mortua
3379 516 3497 585 est,
3542 516 3947 591 mortemque
3978 507 4162 572 illam
4191 506 4374 573 aliud
4398 504 4587 590 quid-

2636 593 2813 676 piam
2858 614 3001 658 esse
3038 613 3236 675 quam
3288 592 3492 677 (quod
3536 594 3830 659 obtinere
3876 593 4133 676 volunt)
4187 592 4258 659 in
4303 591 4588 657 nihilum

2635 678 2863 763 redigi.
2923 679 3149 761 Neque
3192 677 3260 742 id
3303 680 3501 743 etiam
3537 687 3883 744 tacuerunt
3924 679 4305 763 scripturae,
4352 678 4412 744 si
4448 679 4590 743 ani-

2635 785 2818 828 mum
2859 764 3274 841 inducerent,
3336 764 3467 829 illis
3511 766 3725 847 potius
3782 785 4051 830 sensum
4093 785 4291 829 suum
4336 785 4589 830 accom-

2634 848 2929 928 modare,
2976 871 3174 932 quam
3221 859 3605 933 arroganter
3646 850 4002 928 affirmare,
4050 848 4366 933 quidquid
4409 871 4592 915 cere·

2634 933 2828 1000 hrum
2871 934 3083 1001 adhuc
3120 955 3160 998 a
3201 956 3427 1000 somno
3465 936 3795 1000 fumosum
3829 934 4190 1000 dictaverit.
4279 936 4394 1000 An
4433 957 4595 1000 vero

2636 1042 2837 1103 quum
2891 1021 3076 1086 Deus
3120 1018 3433 1086 adversus
3490 1021 3824 1086 hominem
3871 1030 4278 1103 peccatorem
4322 1030 4590 1086 senten-

2637 1107 2797 1170 tiam
2834 1107 3006 1172 hanc
3039 1106 3456 1189 pronunciat:
3496 1106 3728 1171 Pulvis
3767 1127 3856 1185 es,
3904 1114 3970 1171 et
4003 1108 4075 1171 in
4108 1107 4452 1190 pulverem
4484 1127 4594 1170 re-

2635 1191 2913 1257 verteris
2951 1190 3146 1276 (Gen.
3176 1197 3232 1268 3,
3265 1194 3407 1274 19),
3452 1190 3632 1256 aliud
3675 1192 3859 1269 dicit,
3904 1214 4099 1274 quam
4143 1190 4313 1275 quod
4369 1213 4596 1275 sump-

2637 1286 2780 1341 tum
2823 1299 2860 1342 e
2901 1288 3078 1357 terra
3109 1288 3239 1355 est,
3287 1278 3355 1341 in
3399 1286 3644 1342 terram
3688 1275 4089 1343 rediturum?
4193 1275 4342 1358 Quo
4385 1278 4596 1360 igitur

2636 1362 2900 1441 anima?
2948 1385 3032 1427 an
3076 1363 3143 1427 in
3197 1361 3569 1444 sepulcrum
3605 1362 3956 1443 descendit,
3981 1361 4080 1427 :ad
4120 1384 4485 1428 marcorem
4527 1370 4597 1428 et

2637 1447 3052 1531 putredinem
3069 1448 3099 1510 ‘2
3151 1450 3365 1529 Atque
3409 1449 3536 1513 ista
3559 1447 3821 1530 quidem
3864 1449 4061 1531 paulo
4104 1456 4257 1532 post
4280 1448 4610 1531 apertius:

2583 1586 2586 1597 .
2636 1534 2833 1599 Nunc
2848 1534 3003 1616 quid
3016 1533 3584 1617 tergiversantur?
3612 1534 4025 1613 Audivimus,
4043 1533 4214 1619 quod
4231 1545 4448 1598 terrae
4470 1543 4592 1613 est,

2638 1628 2853 1685 terrae
2896 1619 3096 1684 etiam
3155 1618 3577 1684 reddendum.
3637 1619 3775 1684 Cur
3806 1620 4111 1702 spiritum
4139 1619 4428 1685 hominis
4466 1618 4594 1685 sub

2639 1714 2849 1770 terras
2892 1703 3377 1787 demergimus?
3447 1705 3600 1768 Non
3646 1703 3805 1771 dicit
3849 1706 4182 1769 hominem
4223 1704 4298 1769 in
4342 1714 4593 1771 terram

2639 1789 3036 1867 rediturum,
3095 1789 3210 1854 sed
3255 1790 3369 1872 qui
3412 1789 3634 1873 pulvis
3679 1800 3806 1869 est,
3863 1811 4286 1855 reversurum
4327 1791 4400 1854 in
4445 1790 4595 1873 pul-

2639 1897 2883 1940 verem.
2993 1876 3062 1939 Is
3129 1896 3284 1939 vero
3338 1876 3559 1959 pulvis
3613 1886 3740 1954 est,
3809 1877 3920 1957 qui
3985 1877 4301 1941 formatus
4356 1884 4457 1941 est
4510 1876 4593 1943 de

2639 1961 2796 2026 limo
2843 1971 3082 2026 terrae:
3129 1960 3243 2025 ille
3285 1961 3359 2024 in
3398 1960 3744 2045 pulverem
3790 1962 4163 2039 revertitur,
4217 1983 4354 2025 non
4399 1962 4591 2045 spiri-

2642 2057 2769 2124 tus,
2815 2069 3008 2129 quem
3052 2045 3316 2111 aliunde
3357 2067 3555 2128 quam
3598 2067 3634 2110 e
3679 2058 3857 2111 terra
3890 2055 4228 2130 acceptum
4253 2048 4438 2112 Deus
4473 2047 4592 2113 ho-

2642 2133 2806 2197 mini
2851 2131 3043 2198 dedit.
3121 2130 3227 2195 Ad
3270 2132 3448 2197 huno
3483 2131 3751 2196 modum
3793 2132 4082 2216 legimus,
4116 2132 4190 2196 in
4232 2130 4399 2197 libro
4441 2132 4590 2198 Iob:

2641 2209 2976 2284 Memento
3017 2218 3168 2300 quia
3211 2217 3383 2283 sicut
3424 2216 3640 2283 lutum
3683 2219 3914 2284 feceris
3957 2239 4084 2296 me,
4129 2229 4199 2283 et
4239 2218 4312 2281 in
4359 2218 4594 2300 pulve-

2642 2326 2784 2369 rem
2827 2303 3103 2368 reduces
3146 2323 3253 2367 me
3299 2303 3461 2384 (Iob.
3509 2308 3604 2382 10,
3645 2308 3730 2386 9).
3800 2303 4138 2369 Hactenus
4184 2304 4277 2383 de,
4305 2324 4593 2386 corpore.
4707 2352 4720 2367 .

2641 2390 2851 2455 Paulo
2914 2399 3062 2473 post
3113 2389 3334 2455 subdit
3377 2388 3456 2453 de
3511 2389 3773 2472 spiritu:
3831 2390 4057 2453 Vitam
4102 2395 4169 2452 et
4221 2391 4593 2455 misericor-

2644 2475 2820 2540 diam
2878 2474 3161 2540 tribuisti
3217 2474 3411 2551 mihi,
3459 2481 3525 2538 et
3567 2474 3857 2539 visitatio
3901 2484 4018 2540 tua
4060 2474 4417 2541 custodivit
4460 2478 4595 2559 spi·

2645 2561 2843 2626 ritum
2890 2582 3107 2625 meum
3153 2559 3333 2643 (ibid.
3373 2583 3431 2623 v.
3479 2561 3603 2641 12).
3680 2560 3810 2625 Illa
3853 2561 4058 2644 igitur
4105 2562 4238 2625 vita
4281 2582 4415 2626 non
4450 2572 4598 2627 erat

2644 2645 2934 2710 reditura
2976 2647 3048 2708 in
3090 2645 3445 2727 pulverem.
3536 2646 3718 2709 Mors
3763 2648 4017 2710 animae
4051 2645 4245 2730 longe
4288 2646 4417 2711 alia
4461 2656 4592 2713 est:

2642 2730 2956 2796 iudicium
2998 2729 3244 2795 scilicet
3265 2729 3413 2805 Dei,
3451 2732 3632 2795 cuius
3669 2732 4060 2813 gravitatem
4097 2733 4339 2797 misera
4373 2733 4600 2799 anima

2645 2818 2814 2882 ferre
2857 2837 2986 2879 nou
3032 2822 3262 2897 potest,
3304 2816 3461 2897 quin
3507 2828 3643 2880 tota
3677 2817 4138 2894 confundatur,
4183 2817 4487 2884 concidat
4530 2832 4600 2884 et

2645 2901 3001 2983 dispereat:
3057 2911 3129 2964 ut
3171 2912 3237 2966 et
3279 2902 3641 2984 scripturae
3685 2924 3805 2966 nos
3849 2902 4113 2981 docent,
4168 2912 4236 2967 et
4276 2924 4404 2968 usu
4447 2904 4601 2988 ipso

2646 2988 2903 3070 experti
2945 2995 3118 3065 sunt,
3164 3007 3326 3070 quos
3363 2988 3546 3053 Deus
3590 2988 3861 3078 horrore
3903 2987 4017 3055 illo
4052 2988 4399 3073 aliquando
4412 3057 4425 3072 ‚
4443 3012 4602 3074 per-

2647 3073 2825 3137 culit.
2907 3078 3026 3152 [fol.
3065 3077 3170 3152 26]
3229 3073 3324 3139 Ut
3377 3074 3556 3137 enim
3609 3073 3689 3139 ab
3731 3074 3951 3139 Adam
4004 3075 4423 3160 incipiamus,
4482 3078 4604 3160 qui

2646 3159 2898 3243 primus
2943 3157 3207 3223 exitiale
3248 3159 3411 3223 illud
3455 3159 3856 3243 stipendium
3898 3160 4157 3239 meruit,
4202 3182 4329 3245 quo
4375 3163 4607 3229 animo

2647 3252 2956 3329 putamus
2989 3245 3207 3322 fuisse,
3253 3245 3385 3308 imo
3427 3245 3589 3326 quid
3621 3247 3888 3310 omnino
3929 3246 4149 3318 fuisse.
4193 3267 4395 3329 quum
4441 3246 4608 3313 hor-

2649 3330 2904 3396 ribilem
2948 3330 3130 3394 illam
3174 3351 3400 3396 vocem
3456 3331 3734 3396 audivit:
3803 3329 4023 3396 Adam
4065 3330 4177 3396 ubi
4220 3331 4336 3397 es?
4403 3333 4608 3400 Faci-

2649 3418 2780 3482 lius
2836 3436 2993 3482 sane
3047 3424 3148 3481 est
3190 3416 3504 3499 cogitare,
3551 3438 3751 3499 quam
3794 3415 4039 3482 dicere:
4092 3439 4470 3501 quanquam
4517 3442 4607 3486 ne

2650 3502 2921 3586 cogitari
2964 3499 3226 3583 quidem
3269 3509 3501 3585 potest,
3549 3503 3676 3566 nisi
3721 3503 4060 3568 sentiatur.
4148 3504 4243 3569 Et
4286 3506 4605 3586 quemad-

2647 3588 2916 3654 modum
2959 3588 3261 3652 maiestas
3305 3588 3432 3652 Dei
3476 3608 3670 3669 quam
3712 3587 3800 3652 sit
3842 3587 4138 3653 sublimis
4153 3639 4170 3667 ,
4219 3589 4441 3655 verbis
4485 3611 4607 3657 ex·

2649 3673 2877 3757 plicari
2921 3693 3052 3736 non
3087 3681 3330 3756 potest:
3373 3673 3466 3736 ita
3496 3695 3618 3738 nec
3652 3694 3848 3756 quam
3883 3673 4190 3740 terribilis
4225 3676 4314 3740 sit
4353 3675 4461 3740 ira
4499 3678 4604 3756 iis,

2650 3760 2886 3843 quibus
2927 3759 3267 3823 incumbit.
3357 3758 3607 3823 Vident
3664 3766 4075 3841 praesentem
4118 3760 4247 3825 Dei
4301 3763 4606 3846 omnipo-

2649 3846 2846 3910 tentis
2889 3845 3310 3927 gravitatem:
3359 3863 3555 3926 quam
3590 3853 3665 3908 ut
3697 3845 4036 3928 effugiant,
4080 3845 4154 3909 in
4187 3846 4366 3911 mille
4405 3848 4606 3932 abys-

2650 3953 2755 3997 sos
2807 3951 2877 3995 se
2921 3928 3299 4013 demergere
3353 3930 3570 4013 parati
3619 3940 3775 3995 sunt
3791 3982 3805 4006 ,
3864 3931 4153 4015 effugere
4198 3941 4421 3997 tamen
4467 3955 4609 3999 non

2648 4025 2939 4100 possunt.
2987 4015 3080 4078 'Et
3113 4016 3260 4097 quis
3296 4036 3427 4079 non
3460 4017 3749 4080 fateatur
3782 4016 3956 4082 hanc
3991 4037 4132 4081 esse
4166 4038 4398 4082 veram
4432 4040 4610 4085 mor-

2649 4102 2827 4167 tem?
2930 4100 3062 4166 Hic
3118 4122 3380 4165 rursum
3447 4100 3621 4179 dico,
3688 4102 3906 4167 verbis
3960 4122 4124 4184 opus
4168 4124 4300 4167 non
4356 4104 4609 4171 habere

2650 4208 2762 4253 eos
2777 4240 2791 4265 ‚
2843 4187 2956 4269 qui
3012 4186 3357 4268 aliquando
3413 4188 3844 4251 conscientiae
3898 4189 4185 4253 cauterio
4227 4192 4606 4272 compuncti

2651 4282 2834 4338 sunt:
2892 4273 3004 4355 qui
3057 4294 3216 4336 vero
3271 4274 3526 4355 experti
3581 4294 3718 4337 non
3761 4283 3944 4351 sunt,
3999 4273 4273 4339 audiant
4316 4276 4608 4360 scriptu-

2649 4381 2782 4425 ras:
2843 4358 3075 4441 quibus
3118 4359 3301 4423 Deus
3345 4367 3596 4437 noster,
3652 4358 3824 4441 ignis
3867 4378 4257 4425 consumens
4300 4368 4431 4425 est:
4490 4362 4606 4444 qui

2651 4445 2808 4510 dum
2852 4445 2921 4509 in
2975 4443 3216 4509 iudicio
3270 4443 3578 4527 loquitur,
3634 4444 3884 4508 occidit.
3974 4444 4202 4510 Talem
4255 4457 4601 4527 noverant,

2652 4532 2765 4613 qui
2810 4530 3150 4595 dixerunt:
3196 4530 3259 4594 N
3261 4550 3346 4594 on
3388 4529 3698 4612 loquatur
3736 4528 4065 4596 Dominus
4107 4532 4466 4612 nobiscum,
4515 4554 4606 4598 ne

2649 4618 2816 4680 forte
2870 4617 3228 4681 moriamur
3276 4613 3507 4697 (Deut.
3560 4620 3622 4692 5,
3671 4618 3751 4678 25
3767 4637 3783 4693 ;
3841 4620 3936 4694 18,
3981 4621 4057 4679 16
4071 4640 4087 4696 ;
4134 4617 4260 4682 Ex.
4317 4623 4420 4696 20,
4466 4619 4602 4702 19).

2652 4701 2878 4767 Vultis
2922 4703 3087 4767 scire
3130 4721 3296 4783 quae
3339 4701 3426 4764 sit
3467 4701 3724 4764 animae
3769 4702 3986 4766 mors?
4077 4703 4221 4768 Deo
4268 4723 4512 4782 carere,
4560 4726 4609 4770 a

2650 4787 2798 4852 Deo
2834 4787 3162 4853 desertam
3198 4806 3357 4861 esse,
3395 4784 3517 4849 sibi
3552 4785 3851 4851 relictam
3888 4807 4047 4853 esse.
4104 4788 4180 4854 Si
4216 4788 4394 4853 enim
4412 4788 4608 4857 Deus

2652 4875 2793 4939 eius
2837 4874 2975 4938 vita
3018 4879 3146 4951 est,
3193 4869 3412 4954 perdit
3455 4872 3659 4936 vitam
3702 4893 3918 4951 suam,
3965 4896 4167 4956 quum
4210 4875 4432 4957 perdit
4469 4876 4610 4941 Dei

2655 4959 3106 5043 praesentiam.
3196 4958 3417 5038 Atque
3461 4964 3539 5020 ut
3579 4955 3752 5039 quod
3790 4956 4037 5024 dictum
4080 4966 4183 5025 est
4219 4961 4292 5023 in
4329 4961 4608 5028 univer-

2655 5067 2800 5111 sum
2817 5095 2832 5121 ,
2892 5043 3189 5126 partibus
3242 5040 3648 5107 ostendatur:
3705 5044 3762 5108 si
3815 5054 4004 5110 extra
4041 5045 4264 5110 Deum
4304 5045 4426 5114 lux
4467 5069 4610 5114 non

2656 5137 2774 5208 ost,
2821 5150 2985 5211 quae
3028 5129 3200 5193 nocti
3247 5135 3509 5193 nostrae
3552 5127 3796 5195 luceat:
3855 5129 3964 5195 ubi
4006 5131 4124 5196 lux
4167 5130 4284 5196 illa
4326 5153 4400 5198 se
4443 5133 4608 5199 sub·

2656 5213 2938 5291 duxerit,
2982 5213 3204 5278 anima
3241 5220 3418 5279 certe
3461 5214 3530 5279 in
3572 5213 3863 5280 tenebris
3906 5216 4042 5281 suis
4084 5216 4362 5299 sepulta,
4409 5239 4612 5285 caeca
