4984 5975
396 304 517 368 337

388 491 585 577 persi,
625 500 815 557 extra
847 513 965 557 nos
1000 491 1431 557 iustificemur
1451 498 1726 577 oportet.
1788 493 2041 576 Nempe
2077 490 2343 558 Christo

391 599 654 663 semper
715 597 879 663 opus
945 577 1292 657 habemus,
1361 580 1547 644 cuius
1612 579 2010 663 perfectione
2079 586 2345 662 tegatur

391 671 622 730 nostra
663 663 1093 748 imperfectio,
1152 663 1342 729 euius
1396 665 1680 749 puritate
1723 671 1948 730 nostra
1990 662 2342 728 immundi-

390 751 516 815 ties
575 754 724 831 [pag.
764 754 873 831 23]
928 749 1250 829 abluatur,
1308 751 1492 815 cuius
1536 749 1904 816 obedientia
1946 756 2176 814 nostra
2219 749 2343 813 ini-

393 837 605 920 quitas
652 835 965 915 deleatur,
1011 834 1094 900 ob
1127 835 1312 900 cuius
1359 836 1634 919 denique
1668 836 1987 902 iustitiam
2021 833 2207 901 nobis
2242 835 2342 899 iu—

396 921 575 987 stitia
617 921 824 1006 gratis
866 922 1243 1004 imputetur,
1290 922 1432 986 sine
1474 922 1613 987 ulla
1655 942 1925 1005 operum
1968 927 2343 985 nostrorum

396 1009 677 1084 ratione,
723 1027 889 1091 quae
933 1007 1101 1071 tanti
1144 1006 1328 1072 nullo
1370 1006 1564 1073 modo
1610 1016 1795 1087 sunt,
1842 1015 1918 1071 ut
1961 1008 2033 1070 in
2077 1006 2203 1071 Dei
2243 1006 2344 1070 iu—

396 1092 560 1159 dicio
617 1092 1002 1158 subsistant.
1093 1091 1447 1159 Caeterum
1503 1092 1660 1157 dum
1716 1092 2008 1157 maculae
2061 1099 2342 1171 nostrae,

394 1200 559 1262 quae
616 1179 1061 1245 contaminare
1120 1178 1360 1262 alioqui
1418 1199 1615 1263 opera
1658 1185 1886 1243 nostra
1929 1197 2156 1243 eoram
2201 1178 2344 1242 Deo

388 1274 726 1348 poterant,
795 1265 888 1330 sic
943 1272 1409 1349 conteguntur:
1479 1265 1808 1329 Dominus
1862 1264 1933 1328 in
1988 1263 2118 1328 illis
2176 1262 2343 1327 nihil

390 1351 518 1416 nisi
556 1371 887 1415 summam
910 1338 1264 1433 puritatem
1302 1371 1376 1416 ac
1412 1351 1828 1416 sanctitatem
1864 1350 2146 1432 respicit.
2208 1348 2343 1414 Ita-

389 1458 516 1520 que
559 1436 920 1519 praeclaris
972 1435 1200 1521 elogiis
1255 1457 1332 1501 ea
1388 1436 1712 1521 dignatur.
1803 1435 1978 1500 Nam
2033 1443 2101 1500 et
2157 1435 2344 1499 iusti-

389 1523 518 1588 tias
564 1521 879 1606 appellat,
926 1543 1000 1587 ac
1044 1529 1332 1606 reputat,
1388 1531 1454 1587 et
1491 1523 1960 1606 amplissimam
2002 1522 2083 1586 iis
2127 1542 2344 1586 remu-

389 1608 802 1673 nerationem
858 1607 1216 1691 pollicetur.
1307 1609 1608 1691 Denique
1653 1609 1746 1673 sic
1790 1609 1858 1674 in
1909 1628 2167 1672 summa
2211 1614 2344 1671 sta-

388 1693 712 1759 tuendum
758 1701 889 1773 est,
932 1701 1192 1758 tantum
1236 1693 1459 1759 valere
1502 1693 1747 1760 Christi
1808 1694 2213 1772 societatem,
2271 1700 2348 1756 ut

254 1978 270 2003 ο
386 1961 660 2017 aeterno
705 1951 993 2034 praemio
1040 1959 1560 2034 compensentur.
1600 2009 1610 2021 .

933 2154 1466 2223 SYMBOLUM
1509 2156 1791 2222 FIDEI.

561 2293 836 2358 Dictum
891 2300 993 2359 est
1046 2314 1271 2376 supra,
1330 2294 1488 2376 quid
1540 2296 1611 2358 in
1655 2292 1925 2358 Christo
1981 2314 2099 2376 per
2149 2292 2343 2359 fidem

386 2398 894 2462 consequamur:
942 2398 1124 2443 nunc
1157 2378 1311 2461 quid
1356 2380 1426 2443 in
1462 2379 1733 2445 Christo
1769 2378 1931 2445 fides
1974 2385 2199 2444 nostra
2242 2381 2345 2444 in-

384 2466 582 2543 tueri,
630 2464 715 2529 ad
758 2486 899 2530 sese
943 2464 1476 2544 confirmandam,
1524 2473 1592 2530 et
1635 2464 2048 2531 considerare
2093 2464 2341 2546 debeat,

385 2549 794 2617 audiendum
833 2557 949 2616 est.
1028 2549 1101 2614 Id
1145 2558 1362 2616 autem
1405 2551 1476 2616 in
1521 2573 1554 2616 s
1669 2551 1834 2629 bolo,
1882 2550 2055 2635 quod
2091 2560 2342 2632 vocant,

384 2634 779 2721 explicatur,
818 2656 1054 2719 nempe
1088 2658 1217 2719 qua
1252 2638 1505 2701 ratione
1567 2645 1751 2702 act—us
1787 2637 1876 2702 sit
1920 2635 2108 2701 nobis
2145 2657 2184 2701 a
2229 2660 2344 2722 pa-

382 2733 487 2788 tre
521 2722 835 2788 Christus
871 2723 1210 2805 sapientia,
1249 2721 1628 2807 redemptio,
1652 2725 1808 2801 vita,
1845 2722 2114 2801 iustitia,
2154 2744 2344 2791 sanc-

382 2808 661 2876 tificatio
705 2812 765 2891 (l
809 2806 960 2874 Cor.
1007 2815 1058 2886 l,
1099 2808 1230 2893 30).
1317 2808 1546 2891 Neque
1590 2829 1747 2875 vero
1792 2829 2186 2893 magnopere
2239 2831 2343 2874 re-

380 2898 532 2971 fert,
582 2913 624 2958 a
666 2915 791 2978 quo
836 2895 922 2960 sit
955 2901 1183 2958 autore
1219 2893 1408 2973 edita,
1446 2894 1556 2959 vel
1600 2915 1640 2959 a
1673 2895 1910 2979 quibus
1942 2896 2155 2977 potius
2189 2916 2343 2961 con-

383 2982 633 3065 scripta
689 2981 850 3048 haec
912 2978 1060 3046 fidei
1120 2981 1430 3064 epitome:
1501 3002 1665 3064 quae
1744 2980 1911 3045 nihil
1978 2980 2343 3048 humanum

384 3089 664 3152 prorsus
714 3068 935 3144 babet,
994 3066 1105 3132 sed
1164 3088 1245 3132 ex
1302 3068 1686 3133 certissimis
1744 3068 2106 3150 scripturae
2160 3070 2343 3133 testi·

381 3152 630 3220 moniis
675 3153 942 3218 collecta
984 3161 1100 3217 est.

2053 301 2728 369 OA'PEOHJSMUS.

2394 1512 2399 1563 1

4279 308 4404 394 sss

2448 511 2780 574 manuque
2818 512 2935 555 sua
2968 490 3308 556 moderari.
3377 491 3560 558 Coeli
3597 513 3670 558 ac
3709 500 3920 559 terrae
3956 502 4211 560 creator
4245 494 4404 561 dum

2448 583 2891 660 nuncupatur,
2938 577 3134 642 simul
3171 576 3642 663 'intelligendus
3678 588 3779 644 est
3812 589 4126 663 perpetuo
4162 582 4402 660 fovere,

2449 663 2794 741 sustinere,
2842 663 3190 743 vivificare,
3238 663 3549 747 quidquid
3595 664 3794 730 semel
3841 664 4149 731 condidit.

2448 840 2575 923 Et
2636 841 2723 923 in
2781 841 3072 922 Iesum
3135 838 3574 924 Christum
3634 840 3907 923 filium
3969 842 4148 924 eius
4212 844 4400 924 uni-

2836 991 3029 1043 cum
3089 961 3544 1043 Dominum
3610 976 4018 1045 nostrum.

2625 1110 2820 1192 Quod
2844 1118 2997 1176 ante
3021 1107 3358 1177 docuimus
3383 1110 3729 1176 Christum
3764 1110 3922 1176 fidei
3955 1120 4213 1177 nostrae
4251 1132 4398 1195 pro-

2448 1197 2672 1280 prium
2707 1196 3031 1262 obiectum
3069 1218 3230 1276 esse,
3277 1218 3360 1260 ex
3397 1218 3470 1260 eo
3506 1196 3693 1261 facile
3731 1208 4019 1281 apparet,
4057 1196 4228 1281 quod
4262 1219 4401 1263 om-

2449 1303 2570 1347 nes
2615 1282 2844 1348 salutis
2888 1292 3147 1347 nostrae
3191 1290 3410 1365 partes
3455 1282 3564 1347 hic
3609 1282 3678 1346 in
3717 1284 3857 1366 ipso
3903 1289 4400 1367 repraesentan-

2451 1382 2576 1433 tur.
2644 1367 2868 1433 Iesum
2905 1389 3213 1434 vocamus
3257 1370 3490 1450 ipsum,
3538 1389 3663 1451 quo
3707 1369 3897 1433 titulo
3942 1368 4221 1435 coeleste
4257 1390 4400 1434 ora·

2449 1453 2673 1518 culum
2716 1454 2932 1538 ipsum
2969 1454 3334 1537 insignivit,
3375 1455 3528 1536 quia
3572 1455 3810 1520 missus
3846 1463 3946 1520 est
3981 1462 4057 1519 ut
4090 1455 4402 1538 populum

2395 1568 2400 1587 ·
2451 1561 2647 1604 suum
2698 1560 2738 1604 a
2779 1539 3061 1622 peccatis
3116 1539 3372 1604 salvum
3426 1538 3621 1604 faciat
3682 1541 3871 1624 (Luc.
3919 1545 3969 1617 1,
4012 1540 4142 1621 68),
4197 1562 4401 1624 quare

2451 1626 2812 1709 scripturae
2849 1626 3198 1704 affirmant,
3245 1646 3378 1690 non
3421 1623 3597 1690 aliud
3643 1624 3866 1690 datum
3911 1646 4151 1691 nomen
4189 1625 4401 1691 homi—

512 1780 525 1793 ,
1162 1780 1175 1793 ‚
1294 1781 1305 1794 ,
1501 1780 1514 1793 ‚
2396 1766 2400 1795 ,
2452 1711 2668 1790 nibus,
2705 1711 2774 1775 in
2798 1732 2923 1794 quo
2945 1709 3164 1777 salvos
3187 1711 3329 1776 fieri
3351 1720 3649 1793 oporteat
3685 1712 3860 1794 (Act.
3888 1718 3946 1790 4,
3981 1712 4104 1795 12).
4149 1710 4402 1778 Christi

389 1781 471 1845 ob
506 1799 725 1864 1psam
759 1801 892 1844 non
928 1777 1122 1880 modo
1158 1786 1307 1880 rust]
1332 1786 1555 1880 'gratis
1591 1799 2003 1879 censeamur:
2044 1777 2158 1843 sed
2195 1797 2345 1843 nos·
2395 1824 2400 1869 9
2451 1796 2789 1879 epitheton
2815 1798 2863 1880 ι)
2920 1796 3204 1863 omnibus
3246 1796 3515 1878 spiritus
3558 1799 3761 1863 sanct,-
3799 1798 4029 1881 magiis
4063 1799 4403 1880 perfusum

388 1874 495 1931 tm
537 1886 793 1949 (nmque
839 1885 1037 1949 ⁰1³3ra
1079 1887 1150 1930 m
1193 1875 1512 1931 lustmssm
1559 1865 1746 1930 11⁰1„ss
1791 1872 2233 1948 ¹mPU00¹¹tU¹⁹2
2281 1874 2348 1928 0¹³
2395 1872 2400 1943 Ι
2452 1887 2601 1962 [pag.
2643 1886 2750 1961 25]
2793 1882 2992 1947 fuisse
3030 1880 3347 1967 designat,
3390 1903 3554 1965 quac
3603 1882 3746 1948 ideo
3782 1884 3851 1947 in
3888 1883 4231 1967 scripturis
4268 1883 4394 1948 olei

2392 2828 2397 2865 1

1190 3153 1291 3218 Ne
1326 3175 1520 3236 quem
1564 3174 1722 3218 vero
1766 3154 2122 3237 perturbet,
2169 3153 2343 3236 quod
2392 3199 2395 3208 «

386 3242 453 3304 in
477 3240 772 3314 Patrem,
796 3238 1063 3314 Filium,
1111 3259 1186 3303 ac
1223 3237 1547 3323 Spiritum
1585 3246 1883 3304 sanetum
1922 3239 2187 3306 credere
2222 3262 2341 3305 nos
2391 3283 2397 3346 3
2448 3265 2558 3322 tus
2613 3256 2799 3321 nobis
2855 3256 2997 3320 fuit,

2395 1980 2399 2005 ¹
2450 1968 2736 2043 nomine,
2756 1966 3151 2046 indicantur,
3197 1969 3361 2049 quod
3401 1967 3534 2033 sine
3577 1969 3667 2034 iis
3710 1970 3888 2034 aridi
3920 1989 3995 2034 ac
4032 1969 4271 2035 steriles
4307 1974 4402 2034 ta-

2449 2054 2782 2119 bescamus.
2870 2053 3016 2119 Hac
3061 2062 3282 2119 autem
3327 2054 3636 2120 unctione
3675 2055 3966 2137 primum
4009 2055 4401 2121 constitutus

2450 2159 2490 2203 a
2532 2148 2719 2223 patre
2762 2162 2880 2204 rex
2925 2139 3077 2218 fuit,
3138 2141 3250 2221 qui
3292 2159 3528 2204 omnem
3568 2139 3691 2205 sibi
3722 2146 4088 2223 potestatem
4131 2141 4201 2205 in
4243 2140 4400 2206 coelo

2450 2230 2506 2291 et
2548 2226 2615 2289 in
2661 2231 2830 2290 terra
2873 2223 3211 2304 subiiceret,
3256 2230 3327 2289 ut
3366 2224 3440 2289 in
3483 2226 3620 2307 ipso
3666 2247 3836 2309 reyes
3879 2247 4168 2306 essemus,
4212 2226 4401 2309 impe-

2448 2313 2622 2376 rium
2659 2310 2943 2376 habentes
2996 2332 3194 2393 supra
3246 2310 3598 2390 diabolum,
3643 2318 3993 2393 peccatum,
4049 2316 4302 2377 mortem
4343 2317 4400 2377 et

2447 2397 2700 2478 inferos.
2787 2395 3030 2461 Deinde
3073 2405 3141 2461 et
3182 2395 3468 2462 sacerdos
3510 2406 3925 2463 consecratus
3939 2449 3955 2475 ,
4009 2398 4121 2480 qui
4154 2418 4267 2463 suo
4299 2419 4402 2463 sa-

2448 2482 2683 2563 crificio
2724 2486 2975 2563 patrem
3029 2483 3202 2548 nobis
3248 2482 3535 2565 placaret
3586 2504 3658 2548 ac
3700 2483 4154 2550 reconciliaret.-
4207 2487 4278 2546 ut
4329 2485 4400 2548 in

2449 2569 2588 2649 ipso
2644 2567 2987 2633 sacerdotes
3038 2589 3306 2634 essemus
3320 2619 3335 2647 ,
3395 2569 3531 2649 ipso
3585 2570 3983 2635 intercessore
4039 2589 4112 2633 ac
4168 2569 4401 2634 media-

2449 2660 2576 2720 tore
2590 2706 2605 2734 ,
2638 2656 2821 2737 pam·
2852 2674 3069 2737 preces
3084 2705 3100 2735 ,
3137 2654 3499 2738 gratiarum
3540 2655 3821 2734 actiones,
3865 2660 4098 2721 nosmet
4139 2655 4312 2736 ipsos
4346 2660 4401 2719 et

2447 2744 2664 2806 nostra
2722 2740 2933 2805 omnia
2987 2740 3321 2822 offerentes.
3407 2741 3764 2806 Praeterea
3820 2739 3997 2805 filius
4037 2739 4166 2806 Dei
4209 2761 4397 2824 prae-

2449 2825 2724 2904 dicatur,
2781 2846 2914 2890 non
2958 2833 3036 2890 ut
3076 2824 3303 2891 fideles
3317 2877 3333 2906 ,
3390 2825 3734 2910 adoptione
3780 2825 4103 2891 duntaxat
4142 2834 4208 2892 et
4250 2848 4398 2913 gra-

2449 2912 2567 2977 tia:
2615 2909 2729 2977 sed
2766 2911 3086 2977 naturalis
3122 2918 3189 2976 et
3221 2932 3439 2993 verus,
3475 2911 3749 2997 ideoque
3784 2913 4034 2994 unicus,
4073 2919 4146 2978 ut
4178 2933 4218 2976 a
4253 2935 4397 2979 cae·

2448 2998 2609 3065 teris
2655 2996 3080 3064 discernatur.
3172 2999 3499 3064 Dominus
3544 3007 3765 3065 autem
3783 3003 3790 3006 ⁴
3810 3009 4034 3065 noster
4075 3006 4205 3078 est,
4264 3019 4399 3065 non

2450 3093 2709 3150 tantum
2732 3083 3099 3150 secundum
3121 3083 3554 3163 divinitatem,
3591 3106 3786 3168 quam
3810 3108 3957 3151 eum
3979 3092 4164 3169 patre
4198 3107 4400 3151 unam

2448 3172 2530 3236 ab
2575 3179 2842 3235 aeterno
2888 3170 3147 3236 habuit:
3196 3169 3312 3235 sed
3356 3171 3426 3235 in
3471 3193 3549 3236 ea
3591 3192 3807 3250 carne,
3854 3172 3924 3236 in
3968 3194 4098 3254 qua
4144 3171 4397 3237 exhibi-

3088 3255 3278 3322 Unus
3336 3257 3511 3321 enim
3563 3257 3775 3335 Deus,
3834 3278 3916 3322 ex
3974 3278 4102 3341 quo
4159 3258 4396 3337 omnia,

385 3326 816 3425 confitemun-
848 3325 1073 3424 paucis
1118 3324 1197 3389 de
1237 3324 1360 3424 hat}
1395 3346 1468 3390 ΓΘ
1502 3325 1938 3425 Ρΐῦθῖζὶῦἆΰῑῑὶ
1975 3332 2092 3390 08¹³·
2160 3327 2341 3392 Dum
2392 3349 2397 3364 '
2447 3341 2667 3424 inquit
2698 3340 2979 3407 Paulus:
3030 3348 3096 3406 et
3129 3363 3301 3407 unus
3336 3343 3659 3408 Dominus
3697 3343 3881 3408 Iesus
3918 3341 4245 3421 Christus,
4284 3365 4400 3426 per

386 3412 690 3488 Patrem,
736 3410 1005 3489 Fxhum,
1051 3430 1126 3476 ac
1171 3408 1495 3493 Spiritum
1536 3431 1983 3490 nominamus,
2032 3433 2162 3476 non
2207 3418 2342 3476 tres
2393 3487 2397 3498 Ι
2449 3448 2642 3511 quem
2687 3427 2905 3491 omnia
2949 3427 3014 3508 (1
3057 3426 3208 3494 Cor,
3247 3431 3305 3507 8,
3348 3430 3432 3510 6),

386 3497 546 3563 deos
595 3497 782 3562 nobis
825 3496 1165 3579 fingimus,
1221 3496 1336 3562 sed
1378 3496 1451 3560 in
1497 3496 1981 3579 simplicissima
2022 3497 2149 3562 Dei
2198 3499 2342 3562 uni·
2393 3527 2397 3556 ι

382 3590 544 3660 tate,
594 3592 662 3647 et
705 3583 1045 3666 scriptura,
1093 3590 1159 3645 et
1200 3585 1345 3667 ipsa
1380 3583 1639 3665 pietatis
1675 3583 2087 3734 exgerientia
2120 3582 2345 3648 Deum

380 3677 677 3753 patrem,
758 3670 895 3734 eius
942 3672 1088 3746 [pag.
1150 3674 1259 3746 24]
1327 3668 1578 3733 Filium
1633 3689 1707 3733 ac

384 3754 766 3820 ostendunt.
832 3754 929 3820 Ut
960 3754 1300 3835 concipere
1345 3753 1782 3837 intelligentia
1816 3763 2042 3820 nostra
2074 3756 2345 3821 Patrem

384 3850 695 3924 nequeat,
740 3841 896 3923 quin
939 3847 1006 3904 et
1045 3840 1295 3904 Filium
1339 3839 1543 3928 simul?
1578 3840 2057 3923 complectatur,
2104 3842 2172 3905 in
2218 3862 2344 3923 quo

382 3929 543 3992 viva
585 3926 728 3991 eius
768 3925 983 4009 imago
1026 3926 1300 3992 relucet:
1349 3934 1416 3989 et
1440 3925 1784 4010 Spiritum,
1830 3927 1900 3990 in
1944 3947 2071 4009 quo
2115 3934 2344 4009 poten-

386 4014 486 4078 tia
527 4012 872 4094 virtusque
914 4011 1053 4077 eius
1099 4012 1447 4093 conspicua
1490 4018 1609 4076 est.
1677 4013 1763 4075 ln
1799 4034 1928 4078 uno
1963 4013 2167 4096 igitur
2200 4013 2344 4077 Deo

382 4107 529 4164 tota
595 4098 837 4163 mentis
893 4097 1281 4181 cogitatione
1337 4095 1536 4162 defixi
1593 4097 2012 4163 haereamus:
2078 4098 2345 4163 interim

386 4197 620 4250 tamen
654 4185 923 4249 Patrem
964 4205 1111 4248 eum
1158 4182 1333 4247 Filio
1378 4193 1445 4248 et
1483 4181 1738 4266 Spiritu
1786 4204 1902 4249 suo
1949 4184 2346 4267 contemple—

385 4292 562 4336 mur.

391 4430 676 4514 Credo
739 4429 826 4510 in
888 4459 1153 4510 unum
1199 4429 1479 4510 Deum
1541 4443 1902 4539 patrem,
1966 4430 2345 4540 omnipo-

530 4561 882 4654 tentem,
946 4559 1411 4632 creatorem
1473 4548 1683 4631 eoeh'
1746 4560 1836 4631 et
1896 4561 2194 4633 terrae.

566 4698 698 4763 His
743 4697 964 4762 verbis
1008 4717 1140 4762 non
1184 4699 1403 4762 Deum
1449 4704 1526 4780 ut
1567 4718 1709 4763 esse
1754 4697 2127 4777 credamus,
2189 4699 2344 4762 sim-

389 4785 657 4869 pliciter
692 4781 1025 4848 docemur:
1074 4782 1190 4848 sed
1232 4785 1441 4882 magis
1481 4789 1557 4848 ut
1600 4804 1743 4850 esse
1781 4786 2000 4849 Deum
2043 4790 2345 4849 nostrum

392 4889 851 4956 agnoscamus,
896 4889 971 4935 ae
1011 4890 1130 4934 nos
1175 4890 1315 4935 esse
1357 4892 1430 4934 m
1473 4889 1700 4935 eorum
1744 4890 2017 4935 numero
2061 4868 2346 4934 confida-

389 4978 563 5034 mus,
611 4955 846 5039 quibus
890 4953 1233 5038 pollicetur
1274 4975 1345 5019 se
1384 4955 1521 5020 fore
1559 4956 1777 5020 Deum
1818 4963 1887 5021 et
1929 4976 2089 5039 quos
2123 4956 2195 5019 in
2231 4976 2345 5038 po-

1818 3669 2101 3752 piritum·
2158 3670 2344 3735 nobis
2394 3717 2399 3732 .

2394 3683 2398 3700 Ι

2394 3763 2399 3818 l

2394 3873 2399 3944 ὲ

2395 4417 2400 4432 Ι

2396 4455 2400 4470 Ι

2395 4487 2400 4584 j
2451 4484 2678 4542 nostra
2741 4440 3214 4553 imhecillitate,
3282 4494 3400 4538 sua
3464 4493 3582 4537 nos

2394 4699 2400 4754 Ι

2451 3602 2626 3709 Qui
2689 3615 3141 3716 conceptus
3205 3605 3372 3687 fuit
3418 3635 3464 3687 e
3514 3604 3819 3716 spiritu
3872 3615 4183 3706 saneto,
4247 3633 4396 3684 na-

2887 3737 3031 3806 tus
3096 3753 3203 3805 ex
3265 3725 3541 3807 Maria
3600 3723 3948 3834 virgine.

2623 3873 2755 3939 Hic
2809 3874 3154 3952 habemus,
3210 3881 3341 3958 q'ua
3394 3874 3644 3939 ratione
3698 3873 3907 3936 faetus
3962 3871 4148 3937 nobis
4202 3872 4400 3937 fuerit

2450 3955 2630 4027 filius
2672 3960 2830 4036 Dei,
2876 3969 2942 4025 et
2987 3958 3193 4039 Iesus,
3239 3959 3308 4024 id
3344 3967 3463 4039 est,
3511 3959 3818 4035 salvator,
3859 3965 3928 4021 et
3961 3956 4284 4037 Christus,
4331 3956 4399 4022 id

2451 4055 2552 4112 est
2600 4053 2836 4111 unctus
2878 4047 2952 4110 in
2995 4066 3248 4130 regem,
3294 4045 3406 4129 qui
3449 4065 3568 4110 nos
3609 4051 4003 4126 protegeret:
4063 4065 4139 4109 ac
4184 4063 4396 4108 sacer-

2452 4132 2700 4210 dotem,
2761 4131 2878 4214 qui
2928 4131 3114 4197 nobis
3168 4139 3424 4215 patrem
3490 4128 3956 4194 reconciliaret.
4057 4126 4397 4211 Siquidem

2450 4238 2719 4283 carnem
2773 4225 3065 4282 nostram
3122 4215 3370 4294 induit,
3436 4235 3564 4298 quo
3622 4214 3795 4280 filius
3849 4213 4133 4280 hominis
4187 4215 4396 4279 factus

2448 4326 2569 4370 nos
2621 4324 2845 4369 secum
2885 4303 3015 4369 Dei
3068 4302 3234 4368 filios
3287 4303 3552 4367 faceret:
3608 4309 3872 4384 recepta
3923 4300 3994 4365 in
4050 4320 4119 4365 se
4174 4309 4399 4364 nostra

2450 4396 2836 4474 paupertate
2880 4409 3033 4454 suas
3071 4388 3154 4455 ad
3189 4410 3307 4454 nos
3347 4385 3610 4453 divitias
3646 4387 4057 4452 transferret:
4097 4395 4399 4469 suscepta

3642 4473 3885 4539 virtute
3944 4472 4393 4538 confirmaret:

2450 4573 2676 4626 nostra
2731 4560 3131 4625 mortalitate
3185 4565 3479 4642 accepta,
3544 4578 3663 4625 sua
3726 4580 3845 4623 nos
3910 4557 4397 4623 immortalitate

2452 4647 2754 4711 donaret:
2801 4646 2870 4710 in
2916 4657 3126 4711 terras
3170 4644 3476 4728 delapsus
3521 4644 3592 4708 in
3639 4649 3785 4725 [pag.
3827 4646 3935 4722 26]
3982 4642 4234 4710 coelum
4277 4663 4397 4710 nos

2394 4761 2400 4806 ι
2451 4734 2751 4816 erigeret.
2818 4732 3032 4797 Natus
3067 4739 3166 4796 est
3200 4737 3420 4795 autem
3455 4751 3538 4795 ex
3574 4730 3831 4814 virgine
3865 4730 4082 4794 Maria
4126 4727 4391 4810 (Matth.

2394 4819 2400 4910 ³
2448 4817 3164 4987 semaei-¹33:
3197 4811 4398 4987 :szffissgsbehsmffltffizzr

2394 4939 2400 4976 1
3153 4951 3165 4965 .

2394 4987 2399 5024 Ι

390 5042 630 5126 pulum
684 5041 920 5124 recipit
973 5041 1167 5125 (Lev.
1207 5042 1308 5118 26,
1353 5043 1430 5103 12
1469 5048 1536 5106 et
1569 5042 1772 5126 alibi).
1864 5041 2204 5106 Tribuitur
2244 5040 2346 5105 illi
2394 5037 2399 5106 j

390 5127 888 5212 omnipotentia,
933 5147 1063 5210 qua
1095 5126 1529 5209 significatur
1535 5133 1602 5191 et
1633 5127 2045 5211 providentia
2078 5147 2197 5193 sug
2231 5125 2344 5192 ad..
2394 5111 2399 5172 Ι
2451 5141 2475 5146 -
2505 5141 2564 5145 -
2599 5139 2848 5148 ψ--ψ

390 5213 779 5280 ministrare
811 5211 1047 5290 omnia,
1094 5219 1161 5277 et
1192 5211 1533 5277 voluntate
1573 5213 1958 5295 gubernare,
2004 5221 2071 5279 et
2105 5214 2346 5280 virtute

616 5314 840 5370 Calathi
865 5330 1049 5384 opera.
1132 5313 1243 5369 Vol.
1290 5312 1348 5368 V.

2394 5195 2399 5230 l

2448 4992 2689 5056 missus
2725 4997 2867 5053 erat
2902 4988 3102 5071 (Gen.
3137 4992 3231 5065 15,
3268 4993 3340 5065 4;
3377 4987 3550 5052 Psal.
3586 4990 3721 5066 132,
3769 4987 3906 5068 ll):
3948 5005 4143 5049 verus
4183 4983 4400 5062 homo,

2590 5227 2649 5294 1)
2693 5227 2776 5293 Of.
2812 5227 2889 5282 ad
2923 5228 2974 5282 h.
3009 5227 3042 5281 1.
3083 5225 3266 5282 Inotn‘t.
3299 5242 3356 5295 p.
3394 5225 3494 5280 129
3529 5241 3634 5297 seq.
3926 5307 3995 5363 ²2
