4984 5975
504 325 683 394 xiv
1132 306 1145 316 '
1262 289 1265 296 '
1680 321 2226 392 moruus
2268 323 2859 434 monofflol
2901 325 3345 436 nmonns,

506 521 576 583 et
612 516 781 581 duae
821 512 1179 598 Epistulae.
1220 515 1252 595 ΙΙ
1306 510 1514 604 QVM
1552 509 2222 580 GOPIOSISSIMO
2258 514 2269 596 Ι
2304 513 2554 593 indice,
2607 521 2676 579 et
2725 536 2949 581 rerum
2991 521 3060 580 et
3101 514 3396 582 locorum
3454 537 3678 585 sacrae
3721 516 3905 585 Seri·
3928 519 3936 602 Ι
3963 525 4199 602 pturae
4252 522 4336 588 ab
4376 524 4526 608 ipso

506 627 809 696 Authore
862 626 1066 691 inter·
1093 624 1101 706 Ι
1124 631 1546 708 pretatorum.
1589 623 1599 706 Ι
1640 631 1899 700 (Ianique
1942 633 2448 701 typoqraphorum.)
2537 626 2926 696 Excudebat
2980 628 3046 693 N
3045 628 3291 695 icolaus
3342 628 3690 695 Barbirius
3705 679 3723 708 ‚
3779 637 3849 695 et
3889 630 4067 697 'I'ho-
4092 630 4101 714 Ι
4127 652 4272 699 mas
4313 633 4525 702 Gour-

505 748 675 807 teau.
717 737 728 821 Ι
768 737 862 804 ΜΖ
905 737 991 804 D.
1034 735 1317 801 LXIII.
1766 787 1787 798 -

718 845 725 852 ’
816 848 1249 933 Singulorum
1290 852 1692 911 tractatuum
1733 846 1913 936 tituli
1955 847 2063 913 hic
2106 848 2179 912 in
2224 846 2475 918 duabus
2518 848 2842 915 columnis
2884 849 3183 932 dispositi
3226 871 3337 917 eos
3380 851 3676 917 referunt
3716 872 3878 936 quos
3929 854 4103 937 apud
4150 854 4524 924 Gallasium

505 964 801 1032 numeris
842 962 898 1025 I.
939 959 1103 1025 XII.
1149 964 1220 1024 et
1258 957 1450 1023 XIV.
1495 957 1979 1042 insignivimus.
2068 958 2244 1025 Nam
2285 981 2452 1044 quae
2509 959 2618 1026 hic
2661 960 3041 1028 inscribitur
3080 960 3874 1037 dejmmortalitate
3930 965 4248 1032 animae
4299 966 4526 1052 dispu-

505 1076 671 1142 tatio
713 1075 860 1158 ipsa
901 1080 1005 1138 est
1042 1069 1706 1155 Psychopannychia,
1752 1075 1822 1133 et
1858 1071 1969 1152 qui
2013 1070 2071 1134 F
2085 1071 2313 1135 ranei
2328 1091 2506 1136 scus
2551 1069 2808 1149 dicitur,
2854 1072 3353 1140 Franciscanus‘
3374 1073 3487 1139 ille
3527 1081 3630 1139 est
3664 1073 3979 1146 adversus
4014 1098 4211 1160 quem
4246 1078 4526 1162 epistola

494 1185 771 1253 calvini
810 1184 898 1250 ¹ad
940 1185 1457 1267 Rotomagenses
1497 1181 1718 1246 libello
1760 1187 1987 1246 contra
2028 1181 2407 1247 Libertinos
2449 1182 2760 1267 subiungi
2813 1182 2994 1250 solet.
3083 1185 3389 1270 Denique
3445 1185 3718 1252 consilia
3757 1187 4322 1271 Melanchthonis,
4377 1191 4526 1257 Bu-

397 1299 401 1308 '
504 1300 640 1367 ceri
682 1305 750 1364 et
789 1296 867 1362 P.
913 1294 1236 1379 Martyris
1279 1293 1479 1358 etiam
1522 1292 1699 1375 apud
1741 1292 2111 1359 Gallasium
2153 1301 2422 1359 exstant
2458 1294 2532 1358 in
2577 1294 2933 1377 appendice
2978 1295 3062 1362 ad
3103 1295 3430 1363 diatriben
3472 1297 3555 1364 de
3596 1298 3888 1366 vitandis
3930 1301 4525 1382 superstitionibus.

820 1408 1064 1488 Totum
1104 1404 1415 1470 volumen
1458 1412 1716 1471 constat
1757 1405 2199 1488 quadraginta
2241 1412 2310 1469 et
2349 1405 2606 1474 duobus
2638 1407 3193 1488 quaternionibus,
3238 1428 3519 1491 quorum
3551 1411 3806 1493 primus
3851 1412 4186 1494 (asterisco
4220 1412 4525 1498 notatus)

506 1519 778 1603 exhibet
800 1525 1078 1602 *praeter
1118 1516 1387 1581 titulum
1426 1516 1900 1599 praefationem
1945 1516 2224 1582 Gallasii
2265 1535 2425 1581 suae
2467 1516 2740 1581 editioni
2782 1517 3240 1601 praemissam,
3301 1527 3369 1585 et
3412 1518 3740 1602 duplicem
3785 1521 4054 1587 Calvini
4081 1522 4181 1588 ’ad
4223 1523 4526 1608 Psyche-

504 1631 968 1720 pannychiam.
1036 1629 1202 1695 Octo
1247 1635 1591 1711 sequentes
1635 1628 1934 1712 (A-H)
1979 1628 2322 1694 continent
2362 1626 2486 1693 hoc
2528 1628 2749 1711 ipsum
2793 1629 3182 1711 opusculum
3226 1630 3402 1715 (pag.
3455 1633 3737 1716 1-115)
3781 1653 3931 1697 cum
3973 1633 4188 1701 indice
4231 1635 4528 1701 locorum

500 1763 729 1812 sacrae
772 1743 1155 1826 scripturae,
1200 1741 1311 1822 qui
1353 1747 1457 1805 est
1498 1738 1805 1804 undecim
1845 1741 2239 1823 paginarum
2283 1740 2427 1805 sine
2464 1760 2890 1806 numerorum
2934 1741 3138 1819 notis,
3184 1742 3423 1825 quibus
3465 1742 3714 1809 accedit
3755 1743 3985 1809 folium
4027 1766 4236 1810 unum
4277 1745 4525 1813 album.

503 1856 771 1939 Reliqui
806 1854 1083 1938 triginta
1115 1860 1183 1917 et
1216 1861 1350 1917 tres
1394 1851 1617 1932 (a-z;
1664 1850 1960 1934 aa—kk)
2002 1849 2252 1916 habent
2290 1858 2581 1917 caeteros
2620 1850 2876 1918 libellos
2922 1854 3098 1938 (pag.
3151 1853 3452 1938 1—489).
3540 1854 3781 1920 Finem
3823 1856 4076 1921 faciunt
4115 1860 4193 1921 37
4238 1857 4525 1943 paginae

500 1989 637 2035 nou
689 1973 1075 2033 numeratae
1128 1984 1283 2030 cum
1338 1962 1554 2028 tribus
1605 1961 1959 2040 indicibus,
2014 1962 2228 2045 primo
2278 1961 2572 2028 locorum
2587 2015 2603 2042 ,
2671 1951 2955 2030 secundo
3009 1985 3233 2030 rerum
3290 1963 3376 2028 ad
3426 1964 3690 2032 eosdem
3743 1967 4220 2050 pertinentium
4233 2019 4251 2047 ,
4323 1969 4523 2036 tertio

363 2143 369 2148 .
466 2067 469 2068 ⁷
500 2099 727 2146 rerum
772 2098 940 2162 quae
980 2077 1051 2143 in
1092 2074 1737 2160 Psychopannychia
1776 2081 2163 2160 tractantur.
2232 2074 2406 2158 'l'ypi
2448 2075 2730 2140 maiores
2774 2095 2974 2157 quam
3003 2096 3124 2158 pro
3157 2075 3512 2143 voluminis
3556 2076 4226 2161 formaexspeotares.
4312 2080 4526 2148 Prae-

498 2192 658 2258 fatio
702 2188 982 2256 Gallasii
1023 2195 1091 2252 et
1133 2186 1395 2254 Calvini
1439 2187 1619 2270 prior
1660 2186 2040 2252 charactere
2079 2183 2447 2251 minusculo
2499 2205 2788 2264 romano,
2831 2186 3158 2269 posterior
3198 2187 3422 2256 italico
3457 2187 3566 2254 vel
3598 2189 3855 2255 cursivo
3889 2210 4216 2273 expressa.
4269 2192 4522 2260 Exem-

498 2303 673 2389 plari
726 2300 833 2367 usi
888 2319 1117 2365 sumus
1159 2319 1197 2364 e
1241 2297 1637 2364 bibliotheca
1687 2296 2188 2382 guelferbytana
2228 2298 2437 2380 petito
2471 2304 2542 2363 et
2586 2297 3062 2365 humanissime
3105 2299 3293 2366 nobis
3334 2319 3653 2366 concesso.

808 2410 1166 2495 ¹&iugulare
1208 2407 1453 2493 aliquid
1498 2407 2050 2491 deprehendimus
2093 2416 2161 2474 et
2201 2407 2535 2491 explicatu
2570 2409 3028 2476 difficillimum
3063 2410 3136 2477 in
3170 2411 3303 2476 fine
3336 2411 3760 2493 praefationis
3803 2412 4100 2492 Grallasii,
4151 2434 4323 2497 quae
4365 2413 4531 2480 olim

500 2526 658 2592 data
696 2524 910 2589 fuerat
953 2521 1270 2587 Genevae
1320 2518 1532 2603 pridie
1575 2519 1715 2587 Cal.
1761 2520 1959 2586 Mart.
2012 2524 2175 2584 1552
2192 2571 2207 2598 ,
2252 2513 2363 2586 bic
2402 2541 2563 2587 vero
2618 2520 2828 2604 pridie
2870 2520 3011 2588 Gal.
3054 2522 3249 2588 Febr.
3304 2526 3467 2586 1547
3511 2522 3755 2606 scripta
3796 2522 4052 2589 dicitur.
4140 2523 4325 2590 Alibi
4366 2546 4531 2591 con-

502 2637 786 2703 trarium
827 2615 1072 2699 factum
1112 2630 1414 2697 videmus
1453 2652 1577 2697 nee
1619 2632 1841 2696 minus
1880 2630 2272 2728 mirandum.
2359 2631 2444 2696 In
2498 2633 2633 2698 fine
2687 2632 2936 2699 scilicet
2990 2633 3303 2717 epistolae
3347 2632 3782 2701 dedicatoriae
3823 2656 4024 2719 quam
4075 2633 4252 2702 idem
4305 2634 4529 2702 editor

498 2768 660 2817 suae
710 2745 1000 2814 versioni
1054 2743 1515 2828 opusculorum
1572 2764 1614 2808 a
1664 2741 1945 2809 Calvino
2000 2741 2323 2808 adversus
2375 2743 2847 2826 Anabaptistas
2912 2752 2980 2809 et
3031 2743 3411 2810 Libertinos
3465 2743 3701 2830 gallice
3755 2748 4275 2830 conscriptorum
4325 2767 4529 2832 prae-

500 2862 759 2938 fixerat,
805 2857 961 2922 olim
1004 2857 1145 2923 eius
1187 2854 1363 2920 diem
1405 2853 1692 2920 natalem
1734 2852 1894 2920 Idus
1936 2854 2167 2919 Martii
2206 2874 2263 2918 a.
2315 2858 2479 2918 1546
2524 2854 2725 2921 fuisse
2768 2855 3270 2939 significaverat,
3313 2877 3435 2940 pro
3476 2873 3605 2940 quo
3646 2857 3756 2924 hic
3795 2857 3958 2924 Idus
3998 2858 4194 2924 Febr.
4239 2878 4298 2926 a.
4351 2861 4526 2925 1563

500 2968 800 3057 legimus.

2433 3275 2564 3342 m

1923 3444 2249 3514 nomo
2294 3415 2600 3513 BEZAE
2645 3446 3083 3514 GALLICA.

809 3638 975 3707 Post
1027 3636 1290 3705 calvini
1345 3657 1690 3703 excessum
1739 3637 1920 3703 Besa
1975 3635 2307 3721 duplicem
2360 3634 2852 3719 Opusculorum
2904 3634 3037 3702 viri
3099 3636 3445 3705 clarissimi
3499 3652 3568 3702 et
3621 3639 4000 3706 amicissimi
4063 3640 4518 3709 collectionem

484 3753 854 3820 meditatus
898 3760 1024 3832 est,
1069 3769 1349 3834 quarum
1391 3747 1667 3814 alteram
1707 3747 1945 3832 gallico
1997 3768 2301 3815 sermone
2357 3746 2602 3815 editam
2655 3747 2835 3813 intra
2886 3747 3169 3832 proximi
3222 3748 3474 3814 biennii
3523 3751 3808 3834 spatium
3861 3750 4175 3832 absolvit,
4233 3751 4517 3817 alteram

501 3866 781 3930 latinam
822 3873 973 3948 post
1012 3865 1305 3946 integros
1349 3858 1575 3926 decem
1614 3881 1824 3926 annos
1866 3859 2134 3926 demum
2174 3859 2358 3943 'prelo
2402 3858 2724 3926 submisit.
2812 3860 3033 3942 Atque
3075 3859 3313 3943 prioris
3355 3859 3631 3943 gallicae
3649 3862 3907 3933 ,timlus
3948 3861 4059 3929 hic
4100 3870 4228 3931 est:

811 3985 1128 4040 REGVEIL
1180 3975 1189 4057 1
1227 3958 1462 4043 DES
1526 3958 2261 4067 OPVSOVLES‚
2318 3958 2330 4062 Ι
2388 3969 2553 4037 G’est
2578 3970 2622 4035 ὰ
2640 3972 2796 4051 dire,
2814 3972 2822 4053 ξ
2840 3958 3124 4042 Petite
3166 3959 3515 4043 traictez
3558 3961 3664 4043 de
3708 3961 3828 4059 M.
3871 3961 4081 4045 Iean
4123 3960 4450 4045 Oaluin.
4500 3956 4513 4075 Ι

508 4090 636 4156 Les
687 4107 806 4153 vns
862 4106 1087 4152 reueus
1139 4090 1196 4150 et
1249 4085 1522 4167 συνήρα
1588 4104 1704 4149 sur
1754 4084 1810 4150 le
1862 4083 2085 4163 Latin,
2154 4082 2243 4148 les
2312 4088 2529 4149 autres
2591 4083 3020 4163 &ans-{latez
3083 4082 3528 4149 nouuelcemem
3590 4083 3667 4148 de
3722 4083 3918 4149 Latin
3978 4105 4054 4149 en
4108 4083 4512 4170 mamea!

507 4208 814 4275 (nmbleme
850 4205 917 4260 de
952 4204 1363 4273 1’1mprimerie.)
1462 4198 1529 4263 A
1597 4195 2000 4274 GENEVE,
2042 4194 2051 4280 l
2087 4181 2492 4295 Imprime
2553 4212 2710 4295 par
2748 4183 3144 4296 Baptiste
3185 4182 3615 4266 Pinereul.
3673 4180 3685 4284 Ι
3719 4182 3832 4261 Μ.
3879 4195 3962 4260 D.
4008 4194 4264 4262 LXVI.

811 4306 1161 4374 Emblema
1199 4306 1364 4373 illud
1406 4308 1624 4391 ipsum
1668 4315 1770 4373 est
1810 4305 1984 4390 quod
2026 4308 2098 4371 in
2130 4305 2630 4393 Prolegomenis
2669 4307 2858 4373 Tomi
2901 4307 3101 4391 primi
3142 4328 3292 4391 pag.
3337 4306 3586 4373 XLIII
3627 4327 3711 4371 ex
3746 4303 4031 4372 editione
4063 4305 4516 4375 Institutionis

505 4420 866 4508 genevensi
908 4441 964 4484 a.
1020 4422 1178 4481 1561
1229 4420 1311 4484 ab
1355 4420 1645 4485 Antonio
1688 4416 1946 4484 Reboul
1986 4426 2337 4502 procurata
2380 4418 2862 4502 descripsimus.
2951 4419 3144 4483 Folio
3187 4419 3360 4483 tituli
3398 4439 3588 4485 verso
3630 4418 3986 4501 conspicies
4028 4417 4313 4502 effigiem
4355 4417 4514 4485 Oal·

504 4535 648 4601 vini
700 4534 837 4599 aeri
890 4530 1196 4608 incisam,
1252 4551 1387 4595 non
1437 4530 1646 4616 ligno,
1704 4529 1978 4596 eandem
2029 4551 2230 4614 quam
2281 4530 2553 4596 exhibet
2605 4529 2812 4596 editio
2853 4529 3303 4597 Institutionis
3355 4529 3590 4614 gallica
3640 4527 3866 4596 eodem
3921 4549 4096 4594 anno
4151 4548 4193 4594 a
4232 4529 4516 4595 Perrino

506 4644 848 4728 splendide
880 4662 1137 4709 excusa.
1198 4639 1638 4709 Subiunctum
1670 4641 1870 4708 habet
1902 4641 2227 4708 emblema
2252 4642 2538 4721 calvini,
2572 4663 2845 4708 manum
2881 4662 2998 4709 cor
3029 4647 3367 4707 tenentem
3400 4660 3551 4706 cum
3592 4640 3855 4725 adagio:
3899 4639 4346 4708 PROMPTE
4387 4641 4514 4707 m·

502 4754 932 4823 SINGERE.
1021 4752 1391 4837 Sculptoris
1445 4754 1703 4839 insigne
1747 4753 2011 4820 additur
2053 4773 2219 4819 crux
2260 4754 2505 4838 duplex
2549 4772 2701 4819 oum
2743 4752 2955 4821 literis
2997 4752 3281 4819 PWDB
3294 4753 3400 4821 ‘in
3439 4753 4022 4836 monogrammatis
4073 4752 4350 4819 formam
4402 4771 4514 4816 re-

506 4868 715 4934 dactis
750 4867 1116 4950 subscripto
1142 4885 1418 4930 numero
1449 4868 1555 4929 66..
1604 4866 1851 4933 Forma
1871 4866 2021 4932 libri
2055 4873 2157 4931 est
2185 4866 2490 4931 maxima.
2551 4866 2796 4932 Ternio
2839 4865 3091 4949 primus
3126 4864 3219 4949 (⁴³)
3251 4869 3514 4947 praeter
3545 4862 3813 4928 titulum
3838 4865 4133 4930 continet
4164 4860 4513 4945 epistolam

503 4980 722 5045 Bezae
759 4976 1222 5073 dedicatoriam
1265 4983 1336 5043 et
1374 4974 1658 5043 indicem
1698 4985 2115 5056 tractatuum,
2159 4976 2345 5042 illam
2386 4984 2678 5061 septem„
2702 4977 2882 5043 hunc
2921 4974 3131 5043 tribus
3172 4974 3436 5061 paginis
3469 4974 3863 5043 absolutum.
3928 4973 4258 5041 Volumen
4289 4974 4514 5057 ipsum

501 5096 844 5175 praeterea
884 5089 1337 5174 complectitur
1386 5091 1505 5151 125
1551 5090 2011 5171 quaterniones
2055 5088 2274 5173 (b—23
2314 5108 2585 5169 ιιι-ιω
2623 5108 2965 5166 aaa—zzz;
3002 5106 3386 5153 aaaa—mz
3396 5111 3413 5166 ;
3449 5106 3942 5167 aaaaa-zzzzz;
3979 5083 4516 5169 aaaaaa--llllll).

502 5200 800 5287 Paginae
844 5208 1280 5269 numerantur
1323 5203 1511 5281 2006,
1557 5199 1674 5265 sed
1718 5221 1949 5269 revera
1991 5209 2147 5269 sunt
2186 5203 2355 5265 2000
2399 5201 2457 5267 si
2500 5188 2900 5285 typographi
2940 5218 3193 5266 errores
3237 5198 3454 5277 varios
3493 5197 3966 5267 emendaveris.
