4984 5975
382 290 500 352 261

378 476 518 541 lum
561 475 702 541 eius
744 474 1100 560 vestigium
1142 480 1484 558 appareat,
1530 471 1927 539 transferes?
1994 472 2096 537 'Pu
2140 472 2325 538 doni-

378 582 502 646 que
546 561 670 627 sub
714 559 1071 626 diabolicae
1097 560 1351 625 -r'nissae
1393 559 1684 644 imagine
1717 558 1987 624 Domini
2030 579 2327 624 mensam

378 645 941 730 repraesentabis?
1025 646 1128 710 'Pu
1189 647 1262 710 in
1318 666 1446 729 quo
1489 644 1763 710 Domini
1805 655 2085 710 mortem
2135 645 2326 729 igno-

378 733 654 799 miniose
697 731 1031 810 traducas,
1077 732 1151 795 in
1193 752 1268 797 eo
1312 740 1380 797 te
1424 732 1565 796 eius
1607 750 1880 796 coenam
1923 730 2134 796 colere
2176 750 2326 812 per-

380 817 711 894 suadebis,
768 838 895 901 qua
940 838 1059 883 nos
1105 817 1188 882 ad
1230 816 1737 899 praedicandam
1791 822 2071 881 mortem
2137 835 2326 881 suam

237 917 256 944 ⁶
378 899 766 972 nominatim
819 901 1250 969 exhortatur?
1321 901 1499 983 Quid
1551 909 1767 969 tecum
1823 902 2020 968 tacite
2064 899 2325 967 demur-

377 1012 615 1068 mures,
659 1010 699 1054 a
740 990 1005 1056 nemine
1044 988 1410 1055 exauditur.
1477 989 1574 1053 At
1610 1009 1815 1072 quum
1855 986 2057 1053 totius
2100 1008 2325 1070 corpo·

376 1076 469 1142 ris
526 1076 778 1141 actione
830 1075 1223 1141 sacrificium
1277 1095 1447 1154 esse,
1502 1072 1676 1156 quod
1728 1072 1990 1158 peragis
2010 1124 2026 1151 ,
2083 1072 2326 1138 diserte

373 1162 801 1245 pronuncies,
856 1160 1008 1225 idne
1064 1169 1164 1226 est
1219 1167 1495 1225 mortem
1550 1158 1826 1224 Domini
1878 1157 2318 1225 adnunciare?

374 1267 570 1330 quam
585 1298 602 1326 ,
665 1246 722 1312 si
776 1247 1110 1312 sacrificiis
1168 1246 1382 1312 locum
1435 1253 1585 1329 post
1626 1266 1710 1311 se
1744 1243 2040 1327 reliquit,
2085 1265 2326 1311 vanam

373 1332 577 1398 fuisse
618 1333 1052 1416 consequitur.
1119 1332 1212 1397 Et
1246 1353 1361 1397 cur
1395 1351 1530 1396 non
1565 1330 1768 1396 semel
1804 1330 2056 1396 cavillis
2098 1350 2324 1395 eorum

373 1418 697 1498 omnibus,
738 1417 911 1501 quod
945 1416 1134 1484 facile
1168 1425 1284 1497 est,
1330 1417 1509 1483 viam
1541 1414 1934 1500 praecludo?
1995 1414 2325 1501 Populum

373 1505 573 1583 enim,
619 1525 814 1587 quem
857 1504 1113 1570 fabulae
1157 1524 1316 1569 suae
1348 1509 1781 1585 spectatorem
1816 1499 2195 1581 admittunt,
2242 1499 2326 1566 ad

373 1590 678 1657 sacrificii
719 1588 1160 1655 celebritatem
1210 1589 1593 1654 convenisse
1635 1588 1865 1653 sciunt.
1933 1587 2110 1653 Huic
2150 1585 2326 1671 quod

371 1683 715 1759 exspectat
769 1675 935 1742 sacri
945 1676 1158 1741 ficium
1216 1680 1554 1758 praestent
1606 1695 1678 1738 re
1723 1692 1911 1752 vera,
1956 1694 2163 1740 necne
2176 1724 2192 1752 ,
2238 1671 2323 1737 ad

369 1783 519 1827 rem
562 1760 728 1826 nihil
767 1760 1082 1845 pertinet:
1137 1772 1314 1827 certe
1357 1759 1528 1844 quod
1572 1761 1713 1825 eius
1767 1759 2072 1842 opinione
2124 1759 2324 1824 saeri-

369 1848 600 1914 ficium
643 1846 872 1913 haberi
915 1845 1151 1925 velint,
1183 1846 1511 1912 exhibent.
1580 1845 1690 1910 Ad
1870 1844 2124 1910 'tiosam
2167 1842 2323 1909 idoli

367 1932 820 2000 adorationem
875 1940 1179 2016 paratum
1221 1931 1462 1998 vident.
1529 1931 1801 1996 Adoran
1845 1951 1988 2009 um,
2041 1930 2326 2012 propriis

363 2018 707 2098 manibus,
762 2019 892 2101 ipsi
947 2017 1206 2083 excelso
1250 2018 1320 2083 in
1374 2018 1518 2082 loco
1562 2024 1893 2094 statuunt,
1948 2017 2139 2099 quasi
2183 2036 2324 2081 eas-

364 2103 527 2169 dem
570 2103 771 2169 simul
813 2123 1047 2168 manus
1090 2110 1156 2168 et
1198 2103 1282 2168 ad
1315 2104 1532 2167 Deum
1579 2103 1913 2169 viventem
1949 2100 2324 2180 extendere,

360 2197 436 2254 et
484 2189 570 2254 ad
604 2187 1128 2273 prostituentium
1167 2186 1550 2256 idololatrae
1582 2187 1842 2270 populo,
1877 2206 2157 2269 quocum
2192 2187 2325 2251 for-

358 2276 653 2354 nicetur,
692 2272 941 2340 idolum
975 2272 1273 2339 attollere
1308 2274 1577 2357 possint.
1634 2272 1785 2338 Non
1819 2272 1929 2338 hic
1953 2271 2113 2351 dico,
2151 2271 2325 2354 quod

357 2362 414 2427 si
466 2359 769 2438 dixerim,
806 2382 892 2425 an
915 2359 1211 2424 refellere
1235 2360 1361 2443 ipsi
1395 2369 1501 2425 sat
1543 2357 1745 2442 probe
1768 2365 2033 2441 queant,
2076 2359 2321 2423 nescio:

357 2467 458 2512 ne
501 2445 843 2510 minimam
896 2444 1160 2528 quidem
1213 2445 1473 2528 pietatis
1528 2442 1883 2510 scintillam
1927 2444 2150 2509 fovere
2193 2464 2322 2525 eos,

358 2530 610 2616 quibus
645 2530 730 2596 ad
765 2530 1029 2595 nefandi
1065 2530 1225 2596 adeo
1259 2530 1492 2615 flagitii
1515 2531 1874 2614 gestionem
1910 2550 2145 2595 manus
2168 2550 2323 2614 sup-

357 2624 617 2702 petant,
664 2636 828 2699 quos
870 2636 1003 2680 non
1046 2616 1223 2682 inter
1263 2615 1511 2681 medios
1558 2614 1794 2680 saltem
1829 2622 2101 2681 conatus
2147 2616 2324 2682 vires

357 2723 600 2769 omnes
633 2724 710 2770 ac
743 2703 935 2766 nervi
971 2700 1294 2780 deficiant,
1332 2700 1565 2784 quibus
1599 2720 1735 2765 non
1768 2699 2068 2765 membra
2103 2701 2326 2767 omnia

362 2787 646 2854 horrore
688 2793 980 2852 tremant
1021 2807 1097 2852 ac
1137 2787 1487 2853 labascant.
1557 2783 1694 2851 Sed
1735 2785 1805 2851 id
1839 2785 2056 2851 solum
2091 2785 2320 2866 dicam,

362 2874 476 2939 oui
535 2874 809 2957 posthac
849 2872 1195 2938 infitiando
1248 2893 1382 2938 non
1433 2877 1655 2938 erunt:
1715 2872 1894 2937 viam
1937 2870 2149 2950 illam,
2195 2892 2325 2955 qua

366 2979 438 3027 se
499 2958 804 3026 accedere
858 2958 943 3025 ad
983 2958 1260 3025 Domini
1313 2978 1582 3026 coenam
1637 2956 1999 3038 iactabant,
2056 2956 2140 3023 ab
2182 2959 2322 3025 eius

367 3067 641 3113 accessu
695 3052 951 3111 tantum
1009 3044 1357 3123 abducere,
1416 3064 1612 3129 quam
1657 3044 1822 3111 haec
1863 3044 2040 3109 inter
2081 3066 2152 3110 se
2191 3045 2321 3110 duo

367 3130 572 3216 longe
613 3131 944 3209 differunt,
992 3131 1254 3197 divinae
1296 3130 1544 3215 gloriae
1598 3137 1945 3195 strenuum
1986 3138 2323 3213 praestare

365 3218 868 3301 animosumque
909 3238 1315 3300 praeconem,
1359 3223 1428 3281 et
1466 3215 1922 3300 perpetrandis
1964 3217 2323 3300 sacrilegiis

367 3302 636 3383 ducem,
692 3302 1060 3386 praesidem
1075 3353 1089 3379 ‚
1158 3303 1493 3387 auspicem
1558 3322 1629 3368 se
1693 3301 2025 3385 praebere.
2107 3301 2323 3369 Simul

368 3391 575 3455 etiam
628 3390 748 3454 reli
793 3410 912 3454 uos
965 3388 1276 3454 obtestor:
1334 3387 1568 3472 quibus
1629 3387 1714 3472 (si
1759 3387 1907 3470 quis
1951 3408 2091 3468 eos,
2149 3388 2323 3471 quod

369 3474 454 3541 ad
501 3473 743 3540 audien
903 3476 1139 3541 missas
1183 3472 1669 3559 ingrediantur,
1710 3473 1997 3558 accuset)
2056 3493 2324 3558 respon·

366 3581 520 3627 aare
562 3581 704 3625 mos
745 3570 866 3639 est,
909 3562 1147 3626 missae
1191 3558 1348 3624 dum
1384 3561 1729 3637 intersunt,
1770 3558 1895 3624 sibi
1930 3557 2088 3641 quid
2125 3560 2324 3625 sacri-

365 3647 610 3713 ficulus
645 3666 941 3712 seorsum
976 3645 1355 3722 deblateret,
1398 3666 1594 3711 curae
1628 3664 1764 3709 non
1798 3664 1972 3710 esse:
2018 3644 2135 3710 sed
2178 3666 2324 3711 eam

368 3731 653 3817 symboli
696 3738 958 3797 tantum
997 3731 1137 3798 loco
1180 3752 1250 3797 se
1293 3732 1614 3815 accipere,
1662 3750 1790 3812 quo
1834 3729 2104 3814 perinde
2148 3752 2224 3797 ao
2267 3731 2325 3795 si

372 3826 641 3884 sanctae
693 3817 965 3882 Domini
1020 3837 1260 3883 coenae
1317 3816 1657 3895 intersint,
1712 3816 1946 3881 mortis
1972 3816 2141 3883 -eius
2184 3837 2324 3881 me·

369 3903 585 3968 moria
627 3912 1075 3969 exerceantur.
1152 3903 1287 3968 Eos
1302 3954 1317 3981 ‚
1363 3901 1651 3985 inquam,
1699 3902 2007 3982 obtestor,
2051 3903 2326 3986 posthac

367 3987 563 4054 nulla
605 3996 683 4054 ut
723 3990 958 4071 potius,
1002 4010 1199 4072 quam
1241 3989 1366 4054 hac
1401 3988 1645 4053 misera
1678 3989 2095 4054 excusatione
2128 3997 2324 4054 utan-

367 4082 499 4140 tur.
563 4074 795 4157 Neque
834 4078 936 4158 (ut
968 4075 1189 4157 spero)
1224 4080 1511 4139 utentur.
1569 4071 1909 4157 Siquidem
1944 4088 2149 4156 quum
2182 4074 2324 4139 ani-

366 4162 500 4226 mis
543 4160 682 4226 suis
725 4168 901 4226 recte
945 4166 1278 4244 reputent,
1334 4180 1526 4242 quam
1573 4159 1660 4224 sit
1700 4166 2056 4241 utrumque
2097 4159 2324 4224 multis

365 4245 585 4312 modis
622 4244 996 4326 absurdum,
1032 4255 1103 4311 et
1135 4252 1634 4310 monumentum
1669 4246 1900 4310 mortis
1935 4244 2185 4310 Christi
2225 4246 2323 4310 fa-

369 4352 524 4399 cere
565 4332 866 4412 missam,
913 4353 1080 4415 quae
1121 4332 1403 4411 nullam,
1449 4330 1577 4395 nisi
1619 4331 1796 4394 omni
1842 4329 2166 4395 oblivione
2208 4351 2323 4414 pe-

366 4418 580 4483 iorem
626 4419 765 4484 eius
810 4418 1322 4484 recordationem
1367 4416 1712 4482 hominum
1757 4420 1903 4495 [pag.
1932 4421 2040 4496 27]
2083 4416 2323 4481 animis

368 4504 610 4569 afferat
649 4505 904 4588 (utpote
945 4525 1111 4587 quac
1145 4505 1283 4571 vim
1319 4503 1457 4568 eius
1491 4503 1867 4567 universam
1910 4501 2214 4568 obliteret
2247 4522 2324 4568 ao

367 4590 675 4674 sepeliat,
728 4612 877 4656 cum
921 4610 1179 4655 summa
1228 4597 1569 4673 praeterea
1607 4586 1859 4653 Christi
1917 4587 2123 4671 ipsius
2167 4607 2321 4654 con-

369 4675 648 4741 tumelia
690 4676 1039 4742 coniuncta
1075 4676 1192 4759 sit)
1240 4682 1308 4741 et
1349 4673 1625 4741 eandem
1668 4673 1880 4739 dicere
1924 4673 2048 4739 sibi
2091 4694 2324 4756 prope-

369 4759 642 4826 modum
686 4781 924 4827 coenae
966 4782 1110 4826 esse
1149 4760 1306 4839 loco,
1351 4763 1422 4826 in
1465 4780 1595 4843 qua
1636 4766 1895 4824 tantum
1940 4758 2023 4824 ab
2066 4758 2323 4824 adnun-

370 4845 612 4914 cianda
664 4846 933 4912 Domini
989 4853 1201 4910 morte
1258 4847 1530 4925 absunt,
1588 4846 1797 4928 ipsam
1855 4852 1933 4910 ut
1981 4865 2322 4929 propemo-

369 4928 534 4997 dum
589 4933 907 4999 abiurcnt.
995 4931 1170 4996 Nam
1223 4933 1508 5015 primum
1551 4940 1870 5014 quantum
1913 4930 1994 4996 ad
2049 4931 2322 4995 missam

368 5018 650 5098 attinet,
702 5014 959 5102 quoquo
1013 5025 1279 5082 vertant
1334 5016 1578 5096 oculos,
1637 5016 1796 5101 quid
1838 5023 2129 5101 spectare
2171 5036 2321 5099 pos—

365 5113 550 5184 sunt,
596 5103 765 5188 quod
811 5104 934 5170 sibi
978 5111 1279 5168 aeternae
1322 5102 1497 5168 illius
1541 5103 2088 5180 sanctificationis,
2133 5102 2321 5167 iusti-

367 5192 540 5269 tiae,
597 5190 1062 5274 redemptionis
1117 5209 1235 5272 per
1287 5188 1557 5254 unicum
1612 5189 1860 5255 Christi
1927 5188 2321 5256 sacrificium

1570 283 1698 351 DE
1743 283 2258 353 FUGIENDIS
2302 283 2788 353 IMPIORUM
2829 283 3183 359 SACRIS.

4253 293 4380 357 262

2428 480 2678 556 partae,
2720 474 3103 539 memoriam
3148 477 3491 543 subiiciat?
3548 476 3723 561 quod
3763 479 4035 545 unicum
4080 480 4382 547 sacerdo-

2429 566 2566 623 tem
2608 579 2751 625 esse
2795 558 3157 640 Christum,
3199 562 3380 627 nullo
3416 572 3730 642 consorte,
3775 564 3955 629 nullo
3989 586 4378 649 successore,

2430 643 2659 710 doceat
2715 652 2910 728 atque
2964 647 3307 712 ostendat?
3368 649 3540 732 quod
3594 651 3737 716 eius
3800 658 4012 714 morte
4072 652 4376 735 perfecta,

2428 750 2599 824 quae
2641 731 2714 796 in
2756 731 3036 797 salutem
3078 741 3376 799 nostram
3421 742 3611 800 erant
3644 736 3882 815 omnia,
3920 737 4241 802 testetur?
4287 739 4381 804 Et

2429 837 2560 898 quo
2602 817 2808 901 igitur
2859 816 3002 884 iure
3056 818 3443 885 missaeeius
3493 841 3972 906 mnemosynon
4014 830 4377 904 censeatur,

2429 901 2616 966 cuius
2658 923 2782 967 nec
2814 903 3145 985 apiculum
3178 905 3508 987 proferat?
3566 906 3777 972 Porro
3812 906 3984 991 quod
4018 929 4161 974 sese
4195 909 4382 973 aiunt

2427 986 2711 1052 eundem
2753 988 2890 1053 fere
2930 988 3085 1054 inde
3129 1011 3344 1074 usum,
3387 1013 3582 1074 quem
3627 1012 3665 1056 e
3699 1013 3901 1058 coena
3933 1012 4192 1077 capere:
4239 1014 4381 1059 am-

2427 1072 2797 1155 plissimum
2853 1073 2983 1156 ipsi
3036 1074 3118 1140 de
3171 1082 3246 1142 se
3303 1077 3748 1143 testimonium
3788 1079 4042 1159 ferunt,
4097 1078 4265 1144 nihil
4306 1101 4379 1145 se

2427 1158 2563 1224 illic
2605 1157 2909 1224 meditari
2950 1161 3171 1225 minus
3186 1212 3203 1241 ,
3261 1183 3457 1245 quam
3500 1174 3579 1227 ut
3620 1163 3867 1247 gloriae
3907 1164 4379 1230 confessionem

2427 1242 2697 1311 Christo
2740 1245 3026 1310 Domino
3068 1246 3380 1326 tribuant,
3427 1248 3510 1313 ad
3545 1269 3743 1333 quam
3777 1251 4194 1334 praescriptis
4227 1272 4379 1316 ver-

2428 1329 2529 1396 bis
2571 1330 2642 1395 in
2685 1351 2884 1396 coena
2925 1339 3246 1398 vocantur
3284 1333 3528 1400 fideles.

2600 1416 2767 1480 Eius
2810 1423 3032 1482 autem
3069 1416 3483 1499 discriminis,
3529 1419 3715 1485 cuius
3759 1420 3972 1503 specie
4013 1420 4378 1504 praesentis

2426 1499 2831 1567 idololatriae
2884 1504 3207 1568 rationem
3221 1555 3236 1582 ‚
3298 1525 3339 1568 a
3379 1506 3624 1572 veteris
3666 1505 3845 1570 illius
3890 1526 4093 1572 causa
4130 1505 4379 1571 disiun-

2426 1607 2582 1671 gere
2614 1587 2815 1671 vulgo
2838 1596 3177 1668 conantur,
3221 1609 3597 1673 quanquam
3622 1599 3996 1674 exemptam
4024 1591 4159 1656 iam
4185 1592 4380 1675 plane

2425 1672 2614 1737 bonis
2668 1673 2832 1738 viris
2887 1687 3183 1739 omnem*
3206 1674 3677 1741 dubitationem
3721 1675 4029 1756 arbitror,
4075 1677 4267 1760 quale
4310 1675 4380 1742 id

2427 1765 2653 1823 tamen
2682 1758 2786 1838 sit,
2816 1757 3076 1853 quando
3110 1760 3205 1824 ita
3238 1782 3358 1826 nos
3393 1762 3678 1828 facturos
3712 1763 4099 1845 recepimus,
4137 1773 4204 1829 et
4221 1783 4380 1846 quo-

2427 1841 2710 1910 rundam
2762 1845 2931 1909 forte
2970 1845 3369 1929 frangendae
3425 1847 3845 1913 obstinationi
3889 1847 4183 1931 expedit,
4228 1869 4381 1914 con-

2429 1928 2813 1995 sideremus.
2872 1929 3012 1996 Cur
3038 1937 3136 1996 tot
3157 1932 3713 1998 exsecrationibus
3746 1933 4068 1998 sancitum
4104 1934 4190 1999 sit
4222 1934 4381 1999 olim

2427 2036 2471 2079 a
2504 2013 2808 2093 Domino,
2847 2036 2932 2080 ne
2952 2017 3261 2104 *gentium
3297 2019 3873 2102 superstitionibus
3900 2020 4072 2085 servi
4108 2020 4211 2085 sui
4244 2018 4381 2084 ullo

2426 2121 2499 2165 se
2554 2099 2748 2165 modo
2794 2100 3318 2182 commiscerent,
3377 2123 3643 2169 causam
3686 2105 3889 2170 fuisse
3943 2106 4160 2184 aiunt,
4206 2104 4381 2188 quod

2427 2186 2542 2252 ille
2592 2184 2782 2250 idolis
2825 2185 3090 2252 habitus
3132 2186 3341 2254 honor
3381 2210 3589 2272 quum
3631 2189 3815 2255 falsis
3858 2190 3983 2255 diis
4032 2190 4377 2256 manifeste

2426 2270 2847 2349 tribueretur,
2893 2268 3254 2338 divinitatis
3297 2294 3557 2357 quoque
3599 2274 3912 2340 honorem
3949 2296 3989 2340 a
4028 2296 4189 2341 vero
4232 2276 4397 2341 Deo·

2429 2355 2516 2423 ad
2567 2355 2720 2421 illos
2771 2357 3234 2424 transferebat:
3289 2359 3613 2424 mundum
3665 2358 3926 2443 quidem
3980 2382 4112 2425 non
4155 2362 4376 2426 minus

2427 2440 2864 2509 abominanda
2912 2442 3233 2526 hodieque
3289 2446 3751 2528 superstitione
3796 2445 4115 2525 insanire,
4160 2466 4377 2511 caere-

2425 2529 2664 2593 moniis
2721 2528 3001 2611 ineptire
3055 2549 3262 2613 aeque
3360 2551 3518 2613 rope
3572 2528 3826 2597 stolidis
3880 2540 3948 2597 et
3988 2532 4217 2598 fatuis:
4246 2553 4376 2597 ,ve-

2425 2635 2577 2679 rum
2611 2614 2738 2678 hoc
2769 2614 3118 2694 interesse,
3155 2550 3358 2699 qum}²
3374 2615 3598 2699 quales
3650 2616 4175 2701 tandemcunque
4230 2639 4376 2684 cae-

2379 2703 2388 2728 *
2424 2700 2757 2766 remoniae
2790 2700 2955 2766 istae
2995 2700 3148 2780 sint,
3194 2700 3350 2784 quia
3392 2710 3612 2767 tamen
3647 2702 3777 2767 Dei
3821 2724 4062 2768 nomen
4103 2724 4264 2786 prae
4306 2724 4377 2769 se

2424 2786 2674 2864 ferunt,
2733 2785 3000 2868 eiusque
3055 2794 3213 2850 sunt
3254 2786 3459 2852 cultui
3504 2787 3901 2867 destinatae,
3946 2809 4058 2853 eas
4114 2787 4173 2854 si
4229 2789 4377 2874 quis

2424 2891 2738 2954 perversa
2790 2871 3263 2955 superstitione
3312 2855 3565 2939 {acuns
3633 2872 4015 2956 solutusque
4083 2882 4377 2958 usurpet,

2425 2957 2595 3022 nihil
2649 2955 2728 3022 de
2781 2977 2941 3024 vera
2992 2956 3123 3023 Dei
3170 2956 3483 3043 religione
3538 2958 3625 3025 sit
3676 2958 4123 3043 derogaturus.
4190 2961 4379 3027 Haec

2426 3043 2483 3108 si
2528 3041 2610 3108 de
2651 3041 2884 3108 mediis
2918 3043 3182 3124 ritibus,
3232 3065 3394 3127 quos
3429 3044 3703 3111 docendi
3749 3066 3945 3112 causa
3996 3045 4379 3112 indifferen-

2427 3135 2530 3193 ωε
2565 3150 2776 3212 nuper
2802 3129 3193 3209 vocavimus,
3232 3130 3660 3214 disputarent,
3698 3152 3925 3196 eorum
3960 3133 4376 3214 permissioni

2428 3235 2559 3279 non
2605 3214 3030 3279 vehementer
3071 3215 3513 3281 reclamarem.
3584 3216 3677 3283 At
3719 3238 3922 3300 quum
3966 3238 4076 3284 eas
4120 3238 4377 3302 quoque

2427 3299 2869 3366 caeremonias
2903 3299 3441 3383 complectantur,
3478 3323 3645 3385 quae
3678 3303 4029 3368 manifesta
4062 3312 4220 3368 sunt
4250 3305 4377 3368 im-

2426 3385 2672 3469 pietate
2708 3405 2785 3450 ac
2818 3406 2951 3450 non
2984 3385 3254 3451 ferendo
3288 3385 3417 3452 Dei
3453 3388 3800 3471 opprobrio
3834 3389 4143 3472 insignes,
4179 3409 4377 3471 quam

2425 3471 2659 3539 inscite
2680 3470 3171 3551 ratiocinentur,
3205 3472 3434 3555 paucis
3469 3494 3505 3538 e
3541 3474 3867 3556 scriptura
3898 3474 4124 3555 petitis
4154 3493 4376 3538 exem·-

2426 3556 2556 3640 plis
2604 3554 3037 3622 ostendemus.
3120 3554 3517 3641 Serpentem
3570 3557 3763 3623 illum
3816 3578 4093 3622 aeneum
4149 3558 4372 3641 (Num.

2430 3647 2534 3721 21,
2580 3647 2619 3706 8
2664 3640 2812 3726 ss.),
2868 3641 2981 3724 qui
3029 3651 3376 3726 postquam
3421 3665 3616 3708 usum
3673 3649 4005 3726 praestare
4061 3641 4377 3725 desiisset,

2428 3728 2616 3795 cuius
2656 3746 2856 3793 causa
2887 3726 3103 3792 fuerat
3135 3729 3476 3809 excitatus,
3513 3729 3789 3812 posteris
3832 3728 4048 3806 etiam,
4094 3749 4221 3811 quo
4266 3750 4374 3795 ae-

2426 3821 2695 3879 ternum
2717 3820 2890 3879 esset
2908 3817 3057 3892 [pag.
3081 3819 3191 3894 28]
3217 3814 3494 3881 saeculis
3524 3812 3823 3880 omnibus
3846 3812 4050 3878 divini
4076 3814 4375 3881 beneficii

2427 3904 2946 3978 monumentum,
2983 3898 3248 3966 relictus
3280 3901 3527 3966 fuerat:
3573 3921 3777 3982 quum
3811 3908 4229 3982 praepostera
4262 3921 4377 3985 pa-

2429 3993 2609 4051 trum
2644 3984 3007 4050 imitatione
3030 4006 3070 4050 a
3089 3985 3245 4052 filiis
3325 3995 3506 4051 ostea
3533 3984 3659 4049 coli
3685 3993 3952 4068 coeptus
3987 3994 4176 4064 esset,
4214 4008 4375 4053 eun-

2429 4070 2581 4137 dem
2606 4090 2866 4153 semper
2888 4071 3173 4153 optimae
3208 4007 3543 4156 religionis
3577 4077 3993 4153 praetextum
4029 4071 4376 4139 retinuisse

2427 4158 2574 4241 quis
2618 4154 2914 4223 dubitet?
2959 4157 3331 4240 passimque
3374 4165 3442 4222 et
3482 4155 3826 4241 vulgatum
3880 4157 4107 4237 fuisse,
4155 4165 4222 4222 et
4263 4157 4375 4224 ob-

2427 4243 2733 4323 tinuisse,
2777 4242 2963 4307 illam
3006 4243 3248 4307 summi
3292 4243 3421 4308 Dei
3467 4262 3609 4307 esse
3663 4241 4046 4327 imaginem,
4095 4264 4261 4326 quae
4304 4244 4377 4308 in

2428 4330 2572 4394 eius
2608 4329 2885 4413 gloriam
2921 4327 3255 4393 adoranda
3289 4326 3499 4393 foret?
3570 4326 3765 4408 Quod
3800 4330 3856 4393 si
3892 4349 4116 4394 eorum
4149 4349 4377 4412 quem-

2426 4414 2639 4498 piam,
2686 4434 2848 4498 quos
2903 4422 3044 4478 tum
3101 4414 3427 4479 Dominus
3465 4413 3716 4496 prolabi
3760 4414 3828 4477 in
3872 4422 4125 4479 tantam
4170 4415 4375 4480 cffici-

2428 4508 2633 4564 tatem
2686 4520 2916 4583 passus
2958 4520 3089 4565 non
3134 4506 3305 4577 erat,
3350 4506 3698 4564 narrarent
3735 4499 4046 4565 historiae
4090 4500 4158 4584 (2
4206 4501 4371 4585 Reg.

2435 4589 2533 4666 18,
2557 4586 2648 4670 4),
2694 4585 2922 4668 procul
2944 4585 3122 4650 omni
3167 4584 3646 4668 superstitione,
3692 4592 3952 4651 tantum
3977 4592 4054 4649 ut
4074 4586 4375 4669 publicae

2427 4670 2655 4755 populi
2700 4672 2997 4736 insaniae
3040 4691 3111 4736 se
3148 4670 3685 4749 accommodaret,
3730 4693 3905 4755 genu
3950 4692 4169 4736 coram
4202 4671 4375 4737 idolo

2426 4757 2540 4821 ino
2575 4758 2982 4823 incurvasse:
3018 4763 3321 4822 nostrum
3355 4757 3585 4838 opinor
3619 4778 3810 4822 nemo
3844 4757 4060 4834 fuerit,
4097 4757 4207 4839 qui
4242 4777 4376 4822 non
4466 4778 4473 4787 ·

2426 4843 2769 4909 confestim
2826 4842 3009 4906 illam
3066 4839 3419 4905 simulandi
3456 4842 3941 4925 improbitatem
3987 4841 4371 4907 detestetur:

2426 4938 2495 4994 et
2517 4950 2675 4993 sane
2700 4927 3033 4993 communi
3054 4926 3313 5009 piorum
3341 4927 3633 4992 omnium
3663 4928 4142 4993 abominatione
4175 4925 4377 5011 digna

2426 5022 2620 5081 esset.
2687 5015 2781 5079 At
2814 5013 2945 5078 nisi
2987 5011 3174 5077 nobis
3215 5012 3462 5078 frustra
3505 5012 3896 5092 blandimur,
3942 5011 4151 5076 nihilo
4195 5032 4375 5078 nunc

2424 5101 2675 5167 leviore
2727 5099 2976 5183 flagitio
3031 5119 3249 5183 genua
3304 5120 3521 5164 coram
3566 5102 3756 5182 panis
3799 5105 4024 5165 crusta
4067 5097 4375 5163 incurva·-

2424 5208 2573 5253 mus
2589 5238 2605 5266 ,
2653 5206 2851 5270 quam
2904 5194 3045 5249 tum
3088 5183 3419 5251 inflectere
3461 5205 3684 5252 coram
3718 5191 4020 5266 serpente
4062 5182 4377 5249 licuisset.

3857 5284 3969 5343 1⁷·
