4984 5975
2175 1399 3107 1499 CATECHISMUS

2574 1567 2731 1624 SEU

638 1705 1282 1775 OHRIS'I'IANAE
1350 1704 1907 1773 RELIGIONIS
1976 1707 2078 1772 IN
2080 1704 2509 1772 SwITUTIO
2575 1704 3099 1773 EOOLESIAE
3180 1701 3806 1784 GENEVENSIS,
3874 1701 4307 1770 VULGARI
4372 1702 4642 1770 PRIUS

1012 1825 1482 1893 IDIOMATE
1528 1826 1837 1905 EDITA,
1857 1918 1863 1924 ⁶
1883 1824 2327 1907 NUNOQUE
2373 1823 2879 1891 POSTREMO
2924 1825 3491 1891 LATINITATE
3535 1824 3833 1889 E'mAM
3879 1821 4281 1903 DONA'rA,

1963 1962 2265 2045 IOAN.
2310 1963 2443 2044 CA
2461 1961 2807 2045 LVINO
2854 1962 3326 2045 AUTORE.

647 2185 849 2253 ΟΜΝ
851 2184 967 2250 ΕΒ
1027 2182 2308 2353 HomsNffogELIGIONEM
2361 2180 2597 2249 ESSE

814 2423 1045 2506 Quum
1064 2443 1258 2489 nemo
1282 2422 1626 2490 hominum
1651 2423 2034 2506 reperiatur,
2060 2423 2416 2507 quamlibet
2442 2422 2591 2488 bar-

643 2513 841 2578 barus
884 2510 1001 2588 sit,
1046 2529 1124 2574 ac
1168 2516 1303 2576 toto
1348 2518 1613 2593 pectore
1656 2509 1997 2588 efferatus,
2044 2509 2157 2593 qui
2202 2530 2337 2575 non
2381 2509 2597 2592 aliquo

644 2598 967 2663 afficiatur
1009 2595 1346 2680 religionis
1390 2617 1618 2661 sensu:
1675 2614 1798 2660 nos
1840 2595 1913 2659 in
1950 2594 2129 2660 hunc
2169 2596 2370 2662 finem
2415 2616 2597 2661 crea-

643 2692 744 2749 tos
788 2702 1015 2747 omnes
1058 2702 1202 2747 ease
1246 2689 1530 2759 constat,
1590 2688 1667 2745 ut
1711 2681 2120 2747 maiestatem
2166 2701 2597 2764 agnoscamus

645 2766 958 2834 creatoris
1013 2768 1246 2844 nostri,
1301 2769 1595 2850 agnitam
1650 2766 2114 2849 suspiciamus,
2172 2765 2477 2849 omnique
2530 2774 2597 2832 et

645 2855 898 2930 timore,
945 2858 1011 2916 et
1054 2872 1292 2931 amore,
1338 2863 1405 2915 et
1445 2851 1818 2916 reverentia
1855 2851 2165 2917 colamus.
2224 2853 2477 2918 Verum
2524 2861 2597 2916 ut

645 2938 884 3021 impios
924 2937 1317 3015 omittamus,
1359 2938 1466 3019 qui
1504 2936 1687 3003 illam
1722 2936 1957 3003 animis
1993 2937 2129 3003 suis
2165 2937 2429 3003 insitam
2465 2937 2593 3003 Dei

646 3025 1044 3107 opinionem,
1100 3022 1196 3087 nil
1238 3020 1416 3089 aliud
1459 3043 1658 3106 quam
1699 3045 1735 3088 e
1778 3024 2093 3088 memoria
2134 3021 2351 3109 delere
2396 3044 2595 3105 quae-

648 3117 831 3173 runt:
890 3106 1077 3173 nobis
1093 3160 1108 3185 ,
1163 3109 1274 3191 qui
1330 3110 1643 3191 pietatem
1700 3110 2115 3192 profitemur,
2173 3108 2594 3193 cogitandum

647 3203 748 3261 est
786 3195 1032 3259 fluxam
1071 3193 1245 3259 hanc
1284 3200 1350 3259 et
1381 3216 1535 3259 mox
1568 3193 2004 3278 collapsuram
2046 3195 2253 3260 vitam
2285 3195 2382 3260 nil
2414 3194 2595 3260 aliud

646 3301 786 3363 esse
811 3279 1062 3358 debere,
1084 3300 1281 3364 quam
1303 3280 1814 3347 immortalitatis
1837 3279 2348 3346 meditationem.
2383 3283 2594 3346 Porro

646 3375 982 3433 aeternam
1020 3376 1089 3430 et
1122 3365 1556 3433 immortalem
1593 3366 1798 3433 vitam
1829 3367 1957 3432 nisi
1988 3367 2058 3430 in
2091 3367 2234 3433 Deo
2266 3388 2592 3450 nusquam

644 3453 945 3518 invenire
988 3452 1155 3518 licet.
1245 3452 1429 3519 Haec
1472 3453 1677 3536 igitur
1717 3452 2069 3536 praecipua
2111 3452 2288 3518 vitae
2329 3461 2595 3519 nostrae
2618 3448 2635 3465 ‘

643 3561 804 3604 cura
842 3546 911 3603 et
954 3536 1319 3605 sollicitudo
1364 3539 1450 3603 sit
1492 3547 1762 3621 oportet,
1799 3540 2020 3604 Deum
2060 3559 2374 3621 quaerere
2408 3547 2476 3604 et
2511 3537 2596 3604 ad

643 3645 797 3724 eum
841 3624 1022 3722 omni
1065 3625 1265 3689 animi
1313 3623 1530 3691 studio
1574 3624 1940 3709 adspirare,
1986 3643 2107 3689 nec
2151 3624 2306 3690 alibi
2351 3624 2480 3689 nisi
2524 3626 2596 3689 in

642 3731 786 3793 ipso
831 3730 1255 3793 acqulescere.

645 3912 878 3995 QUID
945 3912 1231 3980 INTER
1297 3914 1684 3983 FALSAM
1748 3916 1869 3982 Ac
1933 3914 2270 3984 VERAM
2336 3916 2595 3982 RELI-

1183 4016 1557 4084 GIONEM
1599 4017 2051 4115 imsssssrr.

819 4134 1149 4217 Quoniam
1192 4137 1316 4204 hoc
1357 4139 1688 4203 communi
1732 4159 1932 4204 sensu
1985 4146 2325 4220 receptum
2359 4147 2462 4204 est
2475 4189 2490 4216 ,
2537 4138 2593 4203 si

646 4244 684 4287 a
740 4228 889 4301 [pag.
928 4227 994 4302 2]
1051 4223 1190 4288 vita
1242 4232 1470 4290 nostra
1521 4224 1691 4290 absit
1743 4223 1999 4308 religio,
2054 4224 2422 4290 miserrime
2475 4245 2594 4293 nos

645 4309 899 4387 vivere,
959 4306 1248 4390 adeoque
1306 4308 1516 4374 brutis
1573 4308 1931 4393 pecudibus
1985 4309 2193 4375 nihilo
2252 4309 2591 4389 excellere,

645 4391 865 4458 nullus
919 4401 1021 4459 est
1062 4394 1171 4477 qui
1217 4414 1257 4458 a
1297 4395 1541 4478 pietate
1585 4394 1893 4479 cultuque
1937 4396 2064 4461 Dei
2122 4416 2394 4479 prorsus
2436 4394 2593 4461 alie-

643 4499 771 4544 nus
813 4478 1026 4545 videri
1073 4480 1248 4546 velit.
1313 4482 1517 4564 Atqui
1561 4482 1632 4547 in
1673 4482 1816 4565 ipso
1860 4481 2287 4547 declarandae
2333 4481 2595 4565 religio-

644 4564 751 4629 nis
793 4563 985 4631 modo
1026 4564 1300 4651 longum
1334 4577 1435 4632 est
1476 4566 1845 4646 discrimen,
1891 4588 2048 4632 nam
2080 4566 2419 4633 hominum
2454 4588 2592 4633 me-

644 4650 768 4716 lior
810 4671 964 4733 pars
1020 4671 1157 4715 non
1214 4653 1383 4718 serio
1424 4654 1551 4719 Dei
1595 4654 1833 4719 timore
1887 4654 2213 4737 tangitur:
2260 4652 2373 4719 sed
2418 4653 2591 4737 quia,

517 4800 530 4821 ,
643 4735 853 4802 velint
873 4736 1104 4814 nolint,
1139 4736 1264 4803 hac
1285 4737 1678 4822 cogitatione
1713 4738 1992 4806 subinde
2026 4746 2405 4805 recurrente
2437 4760 2591 4805 con-

643 4823 1080 4906 stringuntur,
1121 4821 1534 4889 divinitatem
1571 4847 1711 4892 esse
1746 4825 2053 4909 aliquam,
2098 4826 2284 4891 cuius
2319 4824 2591 4890 arbitrio

644 4916 823 4974 stent
854 4907 967 4972 vel
1001 4907 1267 4975 cadant:
1314 4917 1536 4975 tantae
1569 4912 1908 4993 potestatis
1943 4910 2249 4995 opinione
2283 4910 2588 4994 perculsi,

644 5015 730 5059 ne
774 4994 983 5077 ipsam
1027 4994 1230 5058 nimio
1281 5000 1656 5079 contemptu
1713 4998 1783 5060 in
1837 5018 1908 5064 se
1950 5005 2331 5080 provocent,
2382 4994 2589 5079 quali-

2749 2164 3048 2231 robitatis
3091 2164 3324 2243 studio,
3372 2184 3695 2230 summam
3739 2164 3807 2228 in
3852 2165 4332 2231 contemnendo
4378 2165 4508 2233 Dei
4550 2167 4645 2233 iu·

2751 2250 2870 2317 ‘cio
2910 2252 3326 2317 securitatem
3367 2247 3671 2334 produnt.
3760 2249 4020 2315 Deinde
4063 2253 4214 2334 quia
4257 2252 4478 2318 Deum
4521 2274 4645 2318 non

2701 2337 2966 2403 infinita
3008 2338 3216 2421 ipsius
3260 2336 3616 2414 maiestate,
3662 2335 3789 2410 sed.
3821 2337 4002 2402 fatua
4043 2336 4429 2422 stupidaque
4469 2338 4646 2424 inge-

2702 2422 2795 2487 nii
2851 2424 2954 2487 sui
2999 2424 3290 2489 vanitate
3334 2423 3729 2499 metiuntur,
3788 2444 3828 2486 a
3869 2443 4025 2487 vero
4069 2423 4213 2490 Deo
4269 2425 4362 2489 ita
4415 2424 4646 2491 descis-

2701 2517 2876 2575 cunt.
2967 2507 3255 2574 Proinde
3314 2507 3722 2591 quantalibet
3784 2506 4040 2573 colendi
4095 2508 4223 2575 Dei
4288 2532 4448 2576 cura
4513 2531 4645 2577 sese

2700 2602 2930 2677 postea
2972 2594 3269 2678 fatigent,
3316 2593 3479 2658 nihil
3527 2592 3848 2659 efficiunt:
3904 2595 4208 2676 quoniam
4259 2616 4391 2660 non
4434 2597 4645 2664 Deum

2701 2691 3062 2757 aeternum,
3108 2679 3221 2744 sed
3267 2678 3478 2745 cordis
3522 2679 3622 2743 sui
3670 2681 3925 2745 somnia
3969 2689 4036 2745 et
4078 2678 4307 2746 deliria
4352 2702 4472 2764 pro
4508 2681 4644 2747 Deo

2701 2762 2989 2830 adorant.
3057 2765 3236 2829 Vera
3295 2772 3515 2829 autem
3560 2765 3769 2848 pietas
3813 2786 3947 2830 non
3990 2766 4063 2829 in
4108 2767 4341 2832 timore
4384 2770 4511 2832 sita
4551 2777 4645 2833 est

2701 2852 2811 2932 qui
2858 2851 2986 2916 Dei
3028 2850 3342 2916 iudicium
3392 2850 3668 2915 libenter
3709 2850 3974 2933 quidem
4028 2851 4276 2936 fugiat,
4329 2853 4443 2919 sed
4500 2855 4645 2936 quia

2700 2937 2990 3022 effugere
3012 2947 3311 3019 nequeat,
3347 2934 3680 3003 formidet:
3718 2937 3833 3002 sed
3866 2938 4117 3004 sincero
4153 2959 4222 3004 m
4315 2938 4328 2952 ⁸
4403 2940 4639 3006 affeetu

2701 3030 2974 3101 constat,
3022 3024 3134 3106 qui
3169 3022 3387 3088 Deum
3425 3043 3558 3091 non
3594 3042 3780 3088 secus
3815 3044 3891 3089 ac
3924 3032 4179 3107 patrem
4264 3027 4277 3040 ‘
4313 3026 4326 3039 '
4417 3036 4462 3104 t,
4508 3048 4648 3109 per-

2700 3107 2853 3173 inde
2908 3130 2983 3174 ae
3035 3108 3375 3173 dominum
3434 3109 3664 3174 timeat
3720 3131 3795 3175 ac
3854 3119 4264 3189 revereatur,
4330 3112 4646 3178 iustitiam

2701 3195 2842 3259 eius
2888 3194 3301 3277 amplexetur
3316 3246 3330 3272 ,
3388 3195 3811 3260 offensionem
3870 3204 4079 3262 morte
4133 3197 4322 3280 peius
4363 3198 4644 3263 horreat„

2699 3280 2793 3345 Et
2834 3280 3206 3364 quicunque
3265 3289 3420 3346 sunt
3462 3302 3541 3346 ea
3584 3281 3892 3363 praediti,
3952 3303 4086 3347 non
4130 3283 4483 3365 quemlibet
4524 3283 4644 3350 sibi

2699 3364 2922 3431 Deum
2966 3387 3084 3449 pro
3130 3388 3248 3432 sua
3292 3367 3662 3432 temeritate
3724 3368 3975 3452 fingere
4021 3364 4294 3433 audent:
4350 3369 4465 3434 sed
4510 3370 4646 3435 veri

2698 3450 2829 3517 Dei
2873 3453 3315 3536 cognitionem
3360 3452 3442 3516 ab
3485 3454 3624 3535 ipso
3668 3459 3926 3535 petunt,
3988 3474 4122 3518 non
4177 3453 4384 3519 alium
4436 3455 4647 3521 conci-

2697 3539 2981 3620 pientes,
3040 3559 3237 3621 quam
3281 3528 3537 3620 qual'em
3595 3559 3667 3603 se
3716 3540 3856 3621 ipse
3911 3538 4183 3604 exhibet
4225 3559 4301 3604 ac
4344 3539 4645 3607 declarat„

2651 3735 2657 3761 Γ
2764 3742 2997 3824 QUID
3043 3745 3169 3809 DE
3218 3742 3408 3810 DEO
3453 3742 3733 3810 NOBIS
3779 3742 4569 3811 COGNOSOENDUM.

2872 3880 3078 3946 Porro
3112 3880 3418 3964 quoniam
3453 3881 3596 3963 ipsa
3634 3881 3705 3944 in
3747 3901 3817 3946 se
3855 3879 3981 3945 Dei
4026 3882 4334 3948 maiestas
4376 3882 4649 3950 humani

2700 3965 3072 4032 intellectus
3121 3975 3388 4050 captum
3444 3966 3637 4049 longe
3692 3972 3983 4049 superat,
4044 3974 4236 4050 atque
4291 3966 4452 4034 adeo
4508 3970 4532 4032 i
4611 3991 4648 4035 o

2702 4056 2852 4132 [pag.
2892 4057 2955 4131 3]
2999 4051 3463 4135 comprehendi
3507 4071 3921 4135 nequaquam
3964 4060 4207 4136 potest,
4264 4054 4405 4119 eius
4449 4077 4529 4120 su
4597 4057 4649 4119 i-

2699 4137 2998 4202 mitatem
3054 4137 3313 4204 adorari
3369 4139 3582 4221 magis
3626 4159 3821 4220 quam
3876 4140 4273 4220 perscrutari
4318 4142 4647 4220 convenit,

2699 4244 2786 4289 ne
2829 4231 3015 4288 tanto
3060 4223 3315 4309 fulgore
3359 4224 3620 4306 penitus
3668 4224 4035 4289 obruamur.
4128 4223 4353 4306 Quare
4396 4227 4467 4291 in
4513 4227 4646 4292 suis

2699 4309 3004 4393 operibus
3046 4309 3457 4392 quaerendus
3500 4318 3600 4375 est
3642 4308 3827 4375 nobis
3868 4309 4083 4389 Deus,
4137 4321 4204 4375 et
4241 4312 4647 4396 investigan-

2699 4394 2850 4460 dus:
2915 4415 3080 4478 quae
3135 4396 3257 4462 hac
3301 4396 3554 4461 ratione
3599 4396 3666 4459 in
3712 4395 4056 4478 scripturis
4100 4405 4421 4463 vocantur
4464 4419 4647 4481 spec·

2698 4480 2915 4546 tacula
2948 4502 3172 4547 rerum
3208 4481 3633 4548 invisibilium
3652 4532 3667 4559 ,
3714 4483 3867 4563 quia
3900 4481 4070 4566 quod
4109 4480 4190 4548 de
4224 4482 4511 4549 Domino
4547 4484 4650 4548 in-

2696 4567 2868 4631 tueri
2905 4566 3148 4651 alioqui
3182 4590 3314 4633 non
3352 4588 3715 4650 possumus,
3762 4567 3945 4632 nobis
3981 4577 4498 4651 repraesentant.
4567 4569 4647 4634 Id

2697 4666 2916 4717 autem
2961 4661 3078 4732 est,
3125 4674 3255 4718 non
3300 4652 3472 4736 quod
3513 4662 3734 4717 nostra
3780 4653 4045 4737 ingenia
4080 4654 4385 4722 inanibus
4426 4657 4649 4721 vanis-

2698 4760 2824 4822 que
2859 4739 3408 4822 speculationibus
3448 4736 3833 4821 suspendat:
3872 4738 3988 4804 sed
4011 4740 4187 4822 quod
4221 4748 4447 4807 nostra
4482 4743 4648 4807 scire

2696 4823 2955 4902 referat,
3001 4823 3402 4907 solidamque
3446 4825 3771 4907 pietatem,
3820 4824 3942 4890 hoc
3985 4833 4085 4890 est
4125 4824 4321 4892 fidem
4366 4849 4516 4894 cum
4566 4829 4643 4891 ti-

2693 4929 2878 4974 more
2923 4911 3335 4975 coniunctam
3380 4910 3454 4973 in
3493 4909 3684 4976 nobis
3725 4911 3973 4993 pariat,
4027 4912 4307 4989 nutriat,
4366 4934 4442 4978 ae
4488 4933 4645 4977 con·

2693 4996 2931 5060 firmet.
3022 4994 3564 5078 Contemplamur
3607 4996 3783 5061 enim
3826 4997 3897 5060 in
3942 4996 4064 5062 hac
4107 5018 4329 5063 rerum
4372 5001 4643 5065 univer-

643 5101 911 5179 cunque.
957 5080 1096 5146 eius
1138 5080 1560 5180 veneratione
1605 5081 2069 5166 defunguntur.
2158 5083 2434 5148 Interim
2488 5088 2588 5181 ta-
2640 5104 2646 5195 Ι
2695 5082 2917 5180 estate,
2954 5078 3109 5179 ’Dei
3163 5081 3370 5178 nostri
3426 5081 3981 5181 immortalitatem
3998 5134 4014 5161 ‚
4068 5103 4105 5182 e
4162 5104 4292 5166 qua
4346 5086 4642 5149 omnium

641 5187 797 5232 men
851 5174 986 5230 vita
1041 5166 1480 5249 perditissime
1542 5168 1868 5247 instituta,
1938 5168 2315 5252 abiectoque
2376 5188 2588 5232 omnis
2640 5212 2645 5235 .
2693 5186 3087 5249 principlum
3132 5186 3444 5251 origoque
3484 5167 3781 5245 fluxent3
3840 5174 4228 5251 potentiam,
4283 5189 4449 5251 quae
4496 5178 4641 5234 tan·
