4984 5975
591 1521 1332 1622 CONSILIUM
1382 1522 1654 1619 PRO
1709 1523 2456 1621 LUTHERAN
2459 1522 2581 1623 IS
2637 1523 3017 1627 QUOD
3072 1521 3757 1621 PONTIFEX
3807 1523 4462 1622 ROMANUS

1716 1659 2179 1757 NUPER
2234 1659 2807 1758 CAESARI
2858 1658 3307 1756 DEDIT.

681 1861 849 1927 Heri
889 1881 1084 1943 quum
1137 1861 1695 1926 reverendissimus
1738 1861 2034 1927 dominus
2082 1862 2321 1945 leqatus
2361 1882 2473 1926 au-

508 1948 766 2014 divisset
821 1946 1136 2012 illustrem
1190 1945 1276 2012 D.
1331 1945 1409 2011 de
1473 1946 1820 2012 Granvella
1863 1967 2192 2014 caesareae
2247 1948 2474 2013 maies-

508 2035 662 2100 tatis
676 2082 692 2112 ,
750 2037 807 2097 et
859 2032 1247 2097 serenissimi
1314 2033 1481 2116 reyis
1537 2031 1967 2098 Romanorum
2028 2035 2276 2098 nomine
2319 2055 2472 2116 pro-

498 2121 827 2201 ponentem
860 2117 1290 2183 maiestatibus
1330 2119 1471 2183 suis
1512 2118 1714 2183 videri
1755 2119 1909 2184 utile
1951 2124 2007 2182 et
2048 2120 2471 2184 necessarium

506 2203 596 2269 ad
646 2203 913 2269 tollenda
965 2204 1240 2269 dissidia
1296 2204 1621 2287 reliyionis
1675 2204 1747 2270 in
1801 2205 2052 2270 natione
2089 2206 2468 2289 qermanica,

506 2309 668 2372 quae
717 2289 852 2354 iam
902 2290 1065 2354 satis
1133 2309 1443 2371 superque
1494 2288 1904 2355 christianam
1948 2291 2252 2372 pietatem
2308 2290 2472 2356 labe-

501 2375 815 2457 factarent
847 2378 902 2438 et
933 2374 1205 2456 quotidie
1245 2375 1451 2458 mayis
1483 2374 1876 2457 labefaciunt,
1911 2396 2018 2440 nec
2055 2397 2178 2443 non
2213 2377 2301 2442 ad
2320 2398 2471 2459 pro-

504 2459 842 2525 videndum
895 2458 1079 2525 rebus
1120 2460 1378 2526 turcicis
1392 2511 1406 2538 ,
1465 2461 1628 2543 quod
1679 2460 2072 2543 exploratum
2105 2468 2261 2528 esset
2308 2463 2471 2527 Tm·-

504 2564 645 2612 oam
685 2544 796 2611 hoc
841 2565 1007 2611 anno
1041 2545 1449 2630 Hunqariam
1488 2547 1702 2612 valido
1750 2553 2067 2630 apparatu
2099 2549 2468 2629 petiturum,

505 2636 866 2698 conventum
908 2631 1347 2698 catholicorum
1364 2632 1738 2715 principum
1779 2634 1866 2698 ad
1894 2633 2122 2715 festum
2164 2635 2472 2699 trinitatis

511 2716 745 2800 Spirae
797 2716 1013 2784 haberi
1027 2767 1043 2796 ,
1096 2718 1167 2782 in
1219 2738 1339 2799 quo
1384 2719 1603 2799 primo
1645 2723 2017 2786 tractaretur
2065 2719 2141 2785 de
2187 2721 2470 2805 auyendo

507 2802 755 2884 foedere
797 2802 1228 2869 catholicorum
1262 2854 1276 2868 .
1316 2853 1330 2867 .
1367 2852 1382 2868 .
1418 2850 1437 2868 .

621 2992 625 2997 ,
677 2922 828 2989 Ηοε
869 2924 1163 3006 pontifici
1217 2923 1446 2990 datum
1488 2930 1606 2991 est.
1695 2922 1962 3009 Alioqui
2003 2925 2094 3010 pii
2135 2926 2468 3012 principes

507 3015 645 3073 tam
698 3010 1180 3092 inauspicatum
1233 3010 1435 3076 huius
1489 3010 1742 3077 consilii
1806 3011 2073 3077 initium
2125 3033 2468 3095 nunquam

502 3094 720 3161 iacere
762 3093 1145 3162 voluissent.
1235 3095 1369 3177 Qui
1411 3097 1587 3162 enim
1621 3096 1946 3181 potuisset
1983 3099 2204 3163 minus
2247 3099 2468 3181 auspi-

506 3186 730 3246 catum
772 3180 1102 3246 uniendas
1147 3180 1545 3249 Germaniae
1596 3182 1941 3249 exordium
1994 3183 2140 3251 fieri
2182 3204 2383 3267 quam
2427 3205 2469 3249 a

507 3265 788 3331 foederis
833 3266 975 3332 eius
1014 3269 1410 3346 accessione,
1466 3289 1596 3353 quo
1642 3269 1724 3336 ab
1768 3290 1904 3335 una
1956 3277 2143 3353 parte
2185 3271 2259 3335 in
2303 3270 2466 3335 alte·

506 3350 649 3417 rius
687 3353 1046 3436 perniciem
1091 3374 1245 3419 cons
1290 3353 1514 3420 iretur.
1581 3354 1980 3420 Maluissent
2019 3356 2238 3438 itaque
2281 3355 2467 3440 prin-

505 3437 685 3521 cipes
724 3437 985 3505 sublata
1025 3439 1276 3506 dissidii
1327 3442 1604 3507 materia
1618 3493 1635 3521 ,
1723 3440 1852 3506 uod
1893 3441 2083 3508 facile
2125 3450 2255 3519 est,
2312 3462 2467 3524 par-

505 3531 608 3590 tes
650 3525 724 3588 in
766 3524 1179 3591 concordiam
1222 3533 1521 3593 sanctam
1564 3533 1633 3592 et
1674 3548 1710 3592 c
1799 3528 2102 3592 ‘stianam
2135 3526 2464 3593 reducere.

502 3608 589 3675 Id
642 3609 816 3693 quod
872 3611 989 3675 fiet
1044 3611 1185 3678 sola
1240 3610 1575 3678 doctrinae
1639 3611 2151 3697 disciplinaeque
2215 3612 2468 3679 Christi

503 3694 925 3777 admissione,
975 3698 1415 3781 vitiorumque
1449 3698 1869 3778 correctione,
1915 3720 2082 3781 quae
2123 3707 2355 3765 contra
2396 3699 2469 3763 in

504 3780 758 3847 clerum
800 3781 1192 3867 plebemque
1234 3784 1659 3865 irrepserunt.
1749 3781 1886 3850 Sed
1927 3792 2004 3850 ut
2046 3783 2299 3851 dictum
2339 3784 2467 3850 hoc

505 3867 921 3934 sanctissimo
976 3867 1120 3934 dari
1172 3870 1490 3953 oportuit,
1541 3869 1653 3952 qui
1709 3890 1915 3952 quum
1973 3869 2097 3936 hoc
2153 3871 2321 3936 bene
2364 3872 2465 3937 vi-

507 3947 675 4029 deat,
721 3972 792 4017 se
835 3952 1017 4021 salvo
1060 3962 1128 4019 et
1168 3954 1483 4021 incolumi
1526 3975 1808 4039 regnum
1843 3954 2095 4022 Christi
2130 3957 2297 4041 erigi
2331 3978 2466 4021 non

506 4055 721 4118 posse,
759 4038 832 4102 in
866 4058 944 4103 eo
985 4040 1238 4105 fallitur
1278 4040 1451 4125 quod
1486 4041 1627 4105 eius
1662 4040 1982 4106 virtutem
2016 4042 2465 4108 coniuratione

506 4121 980 4206 praesidiisque
1021 4124 1363 4191 hominum
1406 4145 1796 4210 oppressum
1836 4127 1923 4192 iri
1964 4134 2202 4210 speret.

674 4293 777 4360 Ac
832 4295 911 4361 de
958 4296 1280 4362 nonnullis
1317 4297 1501 4364 rebus
1540 4297 1881 4381 reliyionis,
1925 4319 2089 4381 quae
2125 4299 2284 4381 forte
2316 4319 2463 4382 pos-

504 4380 2464 4466 sentconcedistatibusprotestantibus,quaetamennon

503 4470 700 4532 essent
740 4466 818 4532 de
861 4466 1292 4534 essentialibus
1332 4475 1578 4535 nostrae
1616 4468 1769 4550 fidei
1802 4519 1818 4534 .
1852 4517 1868 4535 .
1908 4519 1923 4534 .
1961 4516 1976 4532 .

677 4591 793 4664 [fol.
832 4591 900 4667 4]
965 4587 1401 4671 Recipiantur
1466 4588 1705 4672 ubique
1772 4589 1847 4654 in
1923 4588 2158 4671 quibus
2225 4589 2461 4675 religio

501 4689 624 4752 per
665 4692 737 4737 se
780 4672 1080 4740 consistit
1131 4682 1201 4739 et
1252 4673 1337 4738 ad
1391 4696 1537 4741 eam
1590 4675 1957 4741 necessario
2012 4675 2458 4758 requiruntur,

500 4775 625 4822 nec
668 4757 1024 4842 quidquam
1069 4760 1150 4826 de
1192 4760 1300 4825 his
1353 4761 1424 4825 in
1477 4761 1678 4827 ullius
1734 4761 2020 4846 gratiam
2063 4762 2459 4841 remittatur,

498 4848 570 4908 et
611 4842 1013 4926 concordia„
1044 4847 1220 4930 quod
1263 4845 1349 4912 ad
1388 4854 1827 4931 protestantes
1869 4846 2138 4926 attinet,
2181 4846 2316 4913 iam
2356 4848 2460 4912 in-

499 4936 700 4994 venta
742 4930 884 4996 erit.

688 5099 768 5166 Ut
819 5101 958 5169 illis
1011 5103 1200 5168 semel
1252 5103 1599 5169 constitutis
1638 5103 1801 5171 inter
1856 5104 2184 5172 catholicos
2212 5104 2463 5186 princi-

485 5204 639 5268 pes,
683 5185 906 5253 deinde
949 5188 1123 5254 alins
1162 5191 1488 5256 conventus
1519 5208 1660 5254 cum
1699 5191 2024 5259 nonnullis
2052 5190 2462 5273 principibus

2567 1863 3052 1943 protestantium
3083 1867 3229 1944 post
3271 1867 3398 1927 tres
3436 1866 3755 1943 sequentes
3796 1860 4213 1929 hebdomadas
4239 1863 4414 1944 fieret
4451 1865 4531 1929 in

2578 1968 2697 2029 quo
2751 1947 3302 2014 etdeooncordia
3350 1948 3734 2014 Germaniae
3786 1945 4021 2028 infide
4072 1949 4536 2016 etdeauoeilio

2578 2038 2789 2098 contra
2851 2034 3097 2100 Turcas
3152 2038 3554 2113 tractaretur,
3612 2032 3915 2099 adhibitis
3966 2035 4158 2099 etiam
4221 2035 4307 2100 ad
4368 2034 4535 2101 hunc

2576 2124 2934 2185 conventum
2977 2120 3330 2186 oratoribus
3372 2118 3890 2184 christianissimi
3930 2120 4099 2204 reqis
4135 2169 4149 2183 .
4189 2170 4206 2185 .
4241 2172 4256 2186 .
4297 2173 4313 2187 .

2747 2231 2843 2296 At
2886 2232 3141 2295 romani
3191 2232 3521 2314 pontificis
3576 2229 4226 2316 Romanensiumque
4279 2232 4532 2298 artibus

2575 2317 2884 2383 effectum
2939 2325 3069 2396 est,
3125 2325 3203 2383 ut
3253 2338 3385 2382 non
3431 2316 3512 2381 de
3554 2316 3899 2383 concordia
3952 2317 4020 2381 in
4077 2317 4236 2396 fide,
4289 2318 4405 2383 sed
4449 2317 4534 2384 de

2575 2402 3038 2486 recuperanda,
3084 2403 3143 2467 si
3173 2423 3373 2485 quam
3405 2402 3851 2486 perdiderunt,
3888 2413 4225 2485 potestate,
4263 2404 4532 2488 opibus-

2576 2510 2701 2573 que
2725 2489 3174 2556 eoclesiasticis
3210 2489 3332 2555 sibi
3364 2487 3732 2555 asserendis
3761 2487 4359 2573 confirmandisque
4373 2510 4531 2556 con·

2578 2574 2846 2640 sultatio
2880 2574 3356 2641 institueretur.
3438 2572 3668 2655 Quum
3693 2595 3952 2639 summa
3973 2574 4385 2657 impudentia
4419 2577 4528 2654 sit,

2572 2660 2749 2744 ipsos
2793 2659 3001 2725 ullam
3036 2659 3160 2725 sibi
3213 2661 3285 2725 in
3328 2659 3604 2726 ecclesia
3641 2667 4035 2744 potestatem
4077 2681 4340 2726 sumere
4357 2712 4373 2739 ,
4416 2664 4530 2746 qui

2573 2745 2747 2811 nihil
2800 2747 3022 2812 minus
3076 2753 3234 2811 sunt
3275 2766 3470 2830 quam
3513 2746 3825 2812 ecclesiae
3868 2745 4235 2828 praesules,
4294 2755 4363 2813 et
4415 2769 4532 2814 eas

2572 2838 2797 2898 tenere
2848 2851 3033 2914 opes,
3092 2852 3259 2915 quae
3301 2832 3374 2896 in
3418 2831 3589 2897 solos
3627 2852 3955 2915 ‚verosque
3997 2830 4249 2898 Christi
4299 2833 4531 2900 minis-

2571 2927 2708 2983 tros
2743 2924 2811 2981 et
2852 2937 3174 3002 pauperes
3212 2917 3461 2984 insumi
3505 2916 3762 2996 debent,
3808 2939 4047 3002 easque
4087 2918 4283 2983 malis
4328 2919 4528 2985 ratio-

2570 3004 2768 3070 nibus
2802 3012 3172 3087 usurpatas,
3197 3004 3518 3089 flagitiose
3552 3002 3977 3088 prodigerent
4011 3013 4078 3069 et
4112 3005 4529 3089 dissiparent.

2749 3138 3074 3222 Quumque
3123 3140 3287 3205 idem
3338 3139 3611 3206 illustn's
3660 3139 3746 3206 D.
3803 3142 3881 3207 de
3940 3140 4286 3208 G'ranvella
4333 3162 4538 3224 super

2572 3223 2681 3291 hoc
2711 3231 2946 3309 peteret
2975 3227 3339 3291 sententiam
3377 3227 3932 3294 reverendissimae
3965 3248 4121 3294 suae
4160 3227 4536 3295 dominatio—

2572 3310 2707 3392 nis,
2773 3311 2911 3377 licet
2970 3312 3276 3378 nonnulla
3327 3317 3473 3378 tunc
3526 3312 3696 3378 dicta
3754 3313 4049 3395 fuissent,
4113 3319 4319 3380 tamen
4372 3315 4534 3397 quia

2571 3398 2930 3464 conclusum
2972 3403 3089 3478 est,
3145 3402 3215 3463 ut
3254 3399 3779 3465 reverendissima
3818 3399 4162 3466 dominatio
4204 3421 4328 3466 sua
4369 3402 4536 3485 coffi-

2571 3489 2731 3551 taret
2773 3504 2849 3550 ac
2888 3489 3262 3567 proponeret
3301 3484 3731 3550 maiestatibus
3782 3485 3922 3550 suis
3969 3506 4099 3568 qua
4150 3487 4396 3552 ratione
4433 3487 4532 3551 vi-

2571 3568 2821 3635 deretur
2860 3568 2985 3635 sibi
3015 3589 3204 3653 posse
3243 3570 3444 3635 salvis
3488 3569 3674 3636 rebus
3709 3571 4036 3654 reliq-ionis
4063 3572 4402 3652 provideri
4430 3592 4532 3637 re·

2571 3656 2688 3722 bus
2738 3657 3024 3721 turcicis.-
3090 3657 3183 3720 ita
3232 3657 3598 3722 sententiam
3656 3677 3842 3722 suam
3893 3677 4012 3738 quo
4073 3658 4238 3723 decet
4279 3659 4531 3740 pudore

2558 3742 2822 3825 profert.
2907 3740 3148 3807 Debent
3188 3746 3332 3807 ante
3372 3742 3587 3807 omnia
3617 3743 3987 3824 praedictae
4018 3744 4372 3809 maiestates
4401 3763 4530 3827 pro

2570 3831 2873 3910 comperto
2914 3825 3161 3905 habere,
3216 3827 3685 3893 sanctissimum
3735 3828 4054 3893 dommum
4105 3834 4387 3894 nostrum
4427 3849 4532 3901 ve-

2569 3933 2712 3978 ram
2752 3931 2978 3994 pacem
3028 3917 3084 3977 et
3124 3912 3425 3978 unitatem
3473 3913 3884 3994 Germaniae,
3937 3935 4098 3996 quae
4147 3918 4352 3980 tamen
4385 3935 4532 3996 pace

2570 4003 2626 4064 et
2665 3999 2880 4063 unitas
2930 4017 3055 4063 non
3105 3998 3354 4065 dividat
3394 4019 3533 4064 eam
3573 4020 3615 4064 a
3672 4000 4024 4080 concordia,
4075 4021 4151 4066 ac
4191 4002 4534 4067 constituat

2572 4083 2799 4150 bellum
2828 4088 3204 4168 perpetuum
3246 4104 3388 4150 cum
3430 4083 3585 4150 Deo.

2738 4196 2994 4262 Verum
3048 4203 3311 4262 terreno
3365 4203 3433 4260 et
3484 4217 3757 4262 romano
3811 4196 3976 4262 Deo.
4073 4196 4247 4263 Nam
4305 4198 4361 4265 si
4355 4218 4530 4349 ¹¹ga·-

4447 4303 4530 4348 os

2522 4305 2542 4325 ·
2569 4302 2714 4347 cem
2762 4304 2912 4349 cum
2962 4282 3106 4347 Deo
3160 4302 3318 4347 vero
3383 4287 3451 4347 et
3500 4282 3644 4365 ipse
3710 4281 3952 4348 habere
4006 4290 4075 4348 et
4126 4282 4308 4366 apud

2567 4368 2743 4434 tueri
2785 4375 3071 4452 cuperet,
3119 4371 3237 4447 [fol.
3279 4372 3343 4447 5]
3382 4367 3573 4434 aliter
3613 4366 3811 4453 longe
3851 4368 4126 4451 viveret,
4171 4369 4365 4436 aliter
4407 4369 4530 4435 do-

2568 4460 2762 4532 ceret,
2805 4453 2996 4520 aliter
3037 4460 3314 4553 regeret.
3390 4453 3457 4519 N
3456 4474 3587 4519 unc
3626 4474 3832 4537 quum
3874 4454 3963 4520 sit
4005 4454 4256 4540 angelis
4300 4463 4368 4520 et
4402 4455 4528 4520 ho-

2566 4539 2856 4605 minibus
2907 4540 3353 4619 notissimum,
3409 4545 3618 4605 totam
3670 4539 3812 4604 eius
3855 4540 4064 4606 vitam
4079 4592 4096 4621 ,
4152 4541 4374 4606 omnia
4415 4542 4526 4606 in-

2567 4625 2824 4704 stituta,
2874 4624 3133 4692 decreta
3146 4676 3163 4704 ,
3209 4624 3509 4704 consilia,
3553 4625 3839 4691 rationes
3882 4647 4032 4692 cum
4074 4627 4222 4692 Deo
4263 4626 4527 4693 hostili-

2565 4718 2673 4776 ter
2713 4732 3039 4796 pugnare,
3084 4710 3273 4795 quasi
3316 4707 3621 4776 credibile
3665 4712 3783 4790 sit,
3826 4711 4049 4794 ipsum
4090 4733 4235 4779 esse
4279 4712 4526 4778 sollici·

2567 4801 2730 4877 tum,
2775 4816 2860 4862 ne
2901 4795 3200 4862 homines
3243 4794 3404 4861 dum
3446 4797 3623 4861 inter
3665 4818 3735 4862 se
3778 4807 4033 4878 coeunt,
4079 4820 4120 4864 a
4158 4798 4306 4864 Deo
4345 4798 4529 4865 divi-

2564 4881 2835 4961 dantur,
2890 4881 3131 4959 diserte
3172 4889 3364 4947 cavet
3405 4901 3491 4947 ne
3533 4881 3883 4948 concordia
3924 4892 4307 4968 quaeratur,
4350 4904 4531 4967 quae

2565 4966 2957 5034 discordiam
2996 4966 3314 5034 adversus
3356 4966 3578 5033 Deum
3614 4969 3847 5052 pariat.

2740 5102 2933 5169 Nihil
2983 5102 3152 5167 enim
3198 5102 3405 5187 mayis‘
3446 5109 3618 5186 optat
3668 5105 3970 5172 sanctitas‘
4001 5125 4349 5188 suaquam
4402 5108 4532 5171 im-

2554 5195 2744 5274 petus
2785 5189 3118 5254 saevientis
3158 5189 3401 5255 Turcae
3434 5190 3815 5257 atrocissimi
3847 5196 3907 5257 et
3926 5192 4346 5275 potentissimi
4379 5192 4528 5259 hos·
