4984 5975
588 210 715 273 291
1566 172 1573 179 ’
2292 195 2758 266 EPISTOLA
2799 197 2894 267 11.
4472 199 4598 261 292

596 404 713 472 est,
753 388 1018 459 rursum
1042 389 1291 467 vendis,
1331 408 1595 453 rursum
1617 384 1963 469 crucifigis.
2024 383 2203 465 Quid
2237 394 2338 452 est
2367 386 2545 451 enim

598 480 802 558 aliud,
864 475 1202 543 ecclesiam
1260 477 1485 557 (quam
1540 492 1660 537 suo
1720 470 2045 554 sanguine
2086 470 2395 537 Christus
2438 491 2547 535 ac-

598 563 891 651 quisivit)
932 560 1125 626 modo
1170 559 1539 641 improbam
1581 556 1748 623 lucri
1789 555 2212 638 cupiditatem
2259 556 2543 640 expleas,

599 646 1040 732 dissipandam
1095 645 1489 729 prostituere
1504 694 1521 722 ,
1581 663 1780 725 quam
1832 642 2053 725 ipsum
2094 641 2342 709 Christi
2393 662 2546 707 san-

599 739 864 821 guinem
882 784 897 810 ,
953 753 1081 815 quo
1134 730 1477 795 aestimata
1519 735 1619 795 est
1660 727 1870 811 pretio
1936 725 2276 794 addicere?
2368 726 2549 809 Quid

597 830 697 887 est
740 827 961 884 autem
1002 816 1350 883 Christum
1396 815 1619 881 crucifi
1666 835 1774 879 ere
1789 865 1805 892 ,
1863 814 1993 879 nisi
2034 812 2157 880 hoc
2202 812 2347 879 est?
2395 835 2546 879 san-

597 906 781 990 guini
825 905 966 969 eius
1009 902 1440 984 contemptim
1481 899 1601 964 illu
1648 921 1785 978 ere,
1841 921 1917 965 ac
1960 905 2223 966 tantum
2267 921 2401 965 non
2444 899 2545 982 ip-

594 1013 741 1057 sum
776 988 1055 1067 ludibrio
1093 986 1374 1055 habere?
1433 986 1525 1051 Et
1560 985 1731 1051 hanc
1765 985 2010 1051 scilicet
2043 993 2181 1050 tam
2217 985 2545 1071 insignem

596 1075 1057 1144 contumeliam
1102 1093 1361 1155 semper
1397 1072 1565 1137 feret
1600 1071 1732 1150 1116,
1774 1091 1972 1153 quem
2013 1079 2201 1154 pater
2235 1072 2443 1156 gloria
2480 1078 2546 1136 et

598 1166 842 1228 honore
885 1159 1265 1228 coronavit?
1358 1158 1459 1222 'Pu
1505 1176 1677 1236 vero,
1725 1157 1781 1222 si
1826 1157 2058 1240 sapies,
2106 1178 2283 1224 nunc
2328 1177 2544 1224 sacro·-

596 1254 898 1315 sanctum
942 1245 1192 1312 Christi
1238 1243 1656 1327 sanguinem,
1701 1242 1933 1325 quanti
1977 1250 2282 1321 meretur,
2326 1243 2544 1326 potius

596 1332 997 1400 aestimabis:
1043 1351 1239 1415 quam
1283 1327 1717 1412 exspectabis,
1764 1328 1922 1394 dum
1963 1328 2264 1412 supplicii
2307 1330 2544 1394 atroci-

596 1430 729 1486 tate
775 1417 1005 1495 discas,
1051 1416 1278 1500 quanti
1321 1436 1362 1479 a
1403 1416 1689 1481 Domino
1732 1415 1875 1497 ipso
1917 1415 2051 1479 fiat.

766 1501 1056 1569 Proinde
1099 1499 1456 1569 videndum
1511 1522 1686 1583 nunc
1740 1501 1855 1565 tibi
1915 1521 2169 1584 quoque
2227 1508 2356 1578 est,
2415 1520 2544 1581 quo

594 1591 738 1655 iure
783 1589 867 1654 ad
909 1598 974 1655 te
1030 1586 1256 1653 redeat
1297 1592 1654 1669 proventus
1698 1585 1808 1651 ille
1843 1585 2300 1669 amplissimus,
2347 1604 2545 1668 quem

597 1675 882 1759 episcopi
921 1673 1080 1740 dum
1122 1694 1262 1740 6666
1314 1671 1536 1751 iactas,
1580 1680 1766 1737 tuum
1809 1672 1984 1736 facis.
2072 1669 2405 1755 Equidem
2448 1672 2545 1737 vi-

597 1761 717 1826 deo
764 1760 857 1827 sic
900 1780 1041 1824 esse
1085 1781 1126 1825 a
1168 1759 1452 1823 Domino
1496 1759 1945 1835 constitutum,
1992 1765 2066 1821 ut
2105 1757 2217 1839 qui
2260 1776 2546 1840 evange-

594 1848 756 1912 lium
793 1845 1272 1923 administrant,
1318 1844 1398 1908 iis
1434 1844 1739 1922 vicissim,
1785 1840 2099 1925 quidquid
2133 1849 2235 1907 est
2268 1840 2352 1905 ad
2385 1863 2547 1907 usus

594 1932 767 1999 vitae
810 1930 1253 1997 necessarium
1269 1980 1284 2007 ,
1339 1927 1855 1993 administretur.
1946 1929 2083 1994 Nec
2128 1927 2222 1992 illi
2267 1927 2543 2010 placere,

595 2025 670 2082 ut
713 2038 786 2082 os
830 2016 1154 2100 obligetur
1195 2016 1342 2081 bovi
1401 2015 1750 2079 trituranti.
1842 2012 1978 2079 Sed
2021 2014 2166 2097 quis
2226 2012 2348 2078 tibi
2390 2035 2544 2079 666-

595 2102 802 2179 cedat,
847 2093 927 2166 ut
964 2103 1270 2178 fructum,
1312 2120 1437 2183 quo
1477 2099 1802 2183 evangelii
1837 2099 2276 2166 ministerium
2314 2100 2544 2164 Domi-

594 2210 721 2254 nus
774 2196 1188 2265 muneratur,
1248 2188 1387 2271 ipse
1404 2237 1419 2263 ,
1476 2184 1642 2249 nihil
1692 2187 1915 2250 minus
1979 2207 2175 2268 quam
2220 2206 2387 2251 evan
2436 2186 2548 2251 elii

594 2275 924 2351 minister,
981 2273 1164 2358 legas
1183 2324 1198 2351 ,
1264 2282 1329 2336 et
1384 2292 1548 2354 quae
1606 2272 1758 2338 bovi
1817 2273 2159 2337 trituranti
2216 2270 2367 2336 adiu
2420 2272 2547 2337 'cat

595 2359 923 2437 alimenta,
958 2360 1204 2425 otiosus
1226 2356 1457 2424 vores?
1521 2357 1731 2422 Presb
1778 2364 1969 2435 toros,
2012 2358 2124 2441 qui
2156 2358 2320 2423 bene
2354 2378 2542 2440 prae-

596 2452 768 2521 sunt,
814 2444 999 2510 nobis
1044 2444 1455 2510 commendat
1501 2449 1725 2525 aposto
1750 2464 1829 2508 us
1874 2445 1937 2528 (1
1983 2444 2148 2508 Tim.
2188 2448 2248 2521 5,
2294 2444 2419 2526 17),
2467 2451 2545 2508 61

595 2529 834 2613 duplici
870 2531 939 2595 in
976 2530 1221 2595 honore
1256 2529 1643 2607 habeantur,
1681 2530 2067 2613 praesertim
2102 2529 2215 2611 qui
2247 2529 2320 2593 in
2343 2528 2543 2593 verbo

595 2616 908 2681 laborant.
999 2616 1176 2681 Eum
1229 2636 1385 2698 ergo
1430 2615 1541 2698 qui
1592 2613 1716 2679 sibi
1761 2615 2075 2679 honorem
2120 2615 2333 2696 poscit
2370 2614 2541 2696 epis·-

592 2702 754 2783 copi,
799 2703 964 2767 bene
999 2698 1287 2785 regendo
1321 2700 1506 2782 prius
1545 2700 1799 2765 efficere
1835 2720 2113 2781 aequum
2151 2706 2268 2777 est,
2315 2707 2389 2764 ut
2424 2701 2540 2764 ho—

596 2805 757 2850 nore
814 2785 1052 2869 dignus
1104 2786 1243 2851 iure
1301 2792 1658 2851 censeatur.
1750 2783 1944 2865 Quod
1997 2786 2050 2848 si
2096 2785 2296 2849 etiam
2338 2786 2433 2848 ita
2476 2793 2542 2849 te

595 2891 803 2954 geras,
843 2878 917 2934 ut
951 2870 1036 2935 ad
1068 2871 1297 2952 optimi
1333 2871 1608 2952 pastoris
1648 2868 1864 2947 fidem,
1910 2870 2216 2947 studium,
2263 2869 2541 2954 diligen-

593 2956 785 3035 tiam,
839 2956 1287 3040 integritatem
1330 2954 1495 3020 nihil
1540 2953 1897 3021 desiderari
1940 2956 2170 3038 possit:
2226 2974 2542 3037 quorsum

594 3049 816 3108 tamen
858 3039 1204 3105 immodica
1246 3039 1377 3118 illa,
1425 3040 1750 3123 nullisque
1796 3047 1940 3120 [pag.
1982 3047 2084 3118 58]
2131 3040 2371 3105 finibus
2406 3048 2540 3106 ter*-

592 3126 844 3190 minata
864 3125 1243 3207 opulentia?
1282 3125 1562 3192 Vitaene
1583 3127 1865 3210 pastoris
1885 3125 2326 3204 sustinendae,
2352 3128 2540 3192 cuius

593 3212 805 3293 ipsam
847 3210 1309 3277 moderationis
1353 3232 1493 3277 6666
1537 3212 1685 3277 vult
1725 3210 2073 3290 Dominus,
2119 3212 2417 3290 limitata,
2464 3232 2540 3277 ac

595 3316 726 3361 non
771 3297 1153 3382 tyrannicae
1194 3298 1409 3379 potius
1461 3298 1760 3362 luxuriae
1814 3317 1935 3380 par
1976 3296 2123 3363 est?
2213 3296 2349 3363 Sed
2392 3318 2539 3364 eam

594 3381 886 3448 nondum
929 3380 1354 3465 reprehendo,
1402 3403 1569 3465 quae
1611 3405 1728 3450 suo
1769 3390 1995 3467 postea
2036 3381 2174 3448 loco
2217 3384 2536 3466 perstrin-

593 3470 802 3551 getur.
892 3468 1089 3534 Hanc
1131 3468 1201 3531 in
1245 3471 1617 3550 praesentia
1671 3469 1996 3534 duntaxat
2048 3469 2537 3552 improbitatem

591 3572 852 3620 accuso:
893 3552 1063 3637 quod
1099 3554 1465 3620 uberrimos
1498 3554 1654 3620 inde
1686 3556 1938 3638 fructus
1972 3556 2233 3633 referas,
2279 3575 2537 3620 semen-

591 3649 724 3704 tem
768 3641 883 3706 ubi
926 3640 1191 3723 penitus
1227 3639 1482 3705 nullam
1516 3641 1762 3705 feceris.
1829 3641 2032 3720 Haec,
2077 3642 2365 3723 inquam,
2411 3642 2535 3704 im-

588 3724 1069 3806 pudentissima
1111 3731 1213 3791 est
1263 3726 1617 3808 rapacitas:
1658 3735 1753 3802 et,
1800 3726 1971 3810 quod
2013 3725 2244 3791 audire
2287 3725 2534 3792 ordinis

587 3812 687 3875 tui
732 3811 1029 3877 homines
1071 3811 1342 3876 minime
1390 3811 1743 3890 sustinent,
1804 3813 2052 3877 furtum
2108 3811 2206 3877 bis
2258 3813 2535 3877 manife-

589 3905 796 3961 stum:
853 3917 1003 3962 eum
1046 3897 1158 3980 qui
1212 3916 1487 3962 manum
1529 3899 1709 3979 operi
1765 3918 2099 3980 nunquam
2146 3897 2532 3976 admoverit,

588 4000 824 4062 operae
852 3990 1076 4047 tamen
1097 3982 1463 4048 mercedem
1506 3983 1857 4066 imperiose
1898 3983 2217 4068 flagitare.
2286 3982 2364 4049 Si
2396 3985 2535 4048 fus-

589 4066 806 4131 tuario
850 4065 1088 4150 dignus
1131 4077 1257 4145 est,
1308 4071 1421 4152 qui
1470 4069 1671 4134 vicini
1707 4070 2023 4151 parietem
2057 4068 2412 4152 perfodisse
2448 4070 2535 4134 sit

590 4150 1066 4233 deprehensus,
1120 4173 1246 4236 quo
1289 4155 1359 4218 in
1398 4156 1537 4220 eius
1581 4175 1802 4221 arcam
1845 4155 2198 4221 involaret:
2252 4156 2534 4240 flagitio-

591 4258 738 4302 sum
783 4236 905 4303 hoc
962 4247 1151 4303 tuum
1206 4238 1619 4306 latrocinium
1636 4292 1650 4318 ,
1704 4260 1871 4323 quae
1922 4241 2142 4307 turcae
2200 4242 2359 4306 satis
2411 4261 2532 4323 pro

591 4321 912 4406 dignitate
955 4324 1395 4400 mulctabunt‚
1453 4328 1565 4410 qui
1608 4326 1790 4404 11166,
1847 4325 2016 4409 quod
2058 4326 2252 4391 officii
2296 4325 2532 4391 labori-

592 4408 714 4473 bus
768 4406 1045 4474 debetur
1097 4408 1527 4492 stipendium,
1584 4412 1953 4489 suffuraris,
2015 4412 2168 4477 inde
2236 4412 2531 4477 omnium

593 4491 818 4558 domos
860 4495 1283 4577 rapacissimo
1327 4496 1783 4580 depraedaris?
1873 4497 1988 4563 Sic
2029 4498 2292 4580 quidem
2334 4498 2533 4582 longa

592 4599 917 4644 annorum
956 4581 1465 4663 praescriptione
1512 4582 1797 4650 obtinuit
1851 4582 1965 4647 illa
2017 4582 2277 4649 furandi
2331 4583 2532 4650 licen-

592 4665 712 4742 tia,
767 4672 846 4729 ut
901 4664 1193 4731 honestis
1251 4667 1450 4731 etiam
1500 4670 1711 4735 titulis
1762 4677 2046 4735 ornetur.
2116 4669 2369 4733 Verum
2424 4677 2531 4733 ut-

591 4770 848 4833 cunque
890 4751 1065 4816 inter
1096 4751 1396 4817 homines
1439 4755 1835 4833 aestimetur,
1882 4777 2016 4820 non
2050 4776 2275 4820 eorum
2310 4774 2533 4831 errore
2637 4815 2660 4821 ,

591 4842 812 4900 tamen
868 4835 1303 4916 rescindetur,
1361 4860 1525 4921 quae
1582 4841 1781 4907 semel
1835 4841 2150 4906 adversus
2194 4861 2337 4905 eam
2382 4861 2532 4922 pro-

592 4923 904 4988 nunciata
957 4930 1056 4989 661
1115 4944 1155 4987 a
1197 4921 1485 4989 Domino
1536 4929 1887 4992 sententia:
1940 4925 2085 4991 Vae
2139 4926 2531 5007 pastoribus,

590 5007 808 5091 inquit
836 5008 990 5090 (Iez.
1018 5012 1118 5087 34,
1154 5012 1332 5089 lss.),
1370 5013 1479 5093 qui
1501 5019 1782 5095 pascunt
1817 5019 2025 5078 semet
2049 5015 2239 5093 ipsos.
2290 5011 2529 5075 Nonne

591 5114 823 5176 greges
858 5116 897 5158 a
932 5095 1315 5178 pastoribus·
1343 5099 1521 5179 pasci
1565 5099 1765 5163 moris
1802 5097 1944 5163 est?
2004 5098 2143 5163 Vos
2177 5107 2393 5162 autem
2431 5095 2534 5158 lac

2649 383 3044 463 comedistis,
3090 382 3265 467 quod
3307 386 3554 468 pingue
3597 392 3740 450 erat
3781 384 4132 451 occidistis:
4175 383 4349 449 lanis
4383 384 4599 450 fuistis

2652 470 2882 552 operti,
2927 490 3196 553 gregem
3238 477 3458 534 autem
3499 491 3721 535 meum
3765 492 3897 535 non
3939 471 4241 554 pavistis:
4286 468 4463 553 quod
4496 471 4599 534 in-

2650 555 2919 619 firmum
2962 555 3087 619 fuit
3127 575 3266 620 non
3309 555 3652 621 stabilietis
3667 608 3683 635 ,
3730 564 4074 640 aegrotum
4117 577 4251 621 non
4295 557 4595 637 sanastis,

2650 640 3056 706 confractum
3100 662 3235 705 non
3278 640 3625 725 alligastis,
3683 641 4007 708 abiectum
4047 663 4180 706 non
4224 639 4596 722 reduxistis,

2651 726 2823 807 quod
2874 727 3161 808 perierat
3217 747 3347 791 non
3402 728 3776 809 quaesistis:
3834 726 3949 793 sed
4005 749 4155 793 cum
4210 727 4597 795 austeritate

2649 811 3024 893 imperastis
3068 812 3272 895 gregi,
3319 819 3387 877 et
3419 814 3736 895 potentia:
3784 821 3851 878 et
3886 812 4215 897 dispersae
4250 819 4408 878 sunt
4440 835 4598 880 oves

2649 918 2863 975 meae,
2910 918 2986 962 66
3029 895 3201 979 quod
3242 920 3373 962 non
3418 909 3591 964 esset
3643 906 3891 982 pastor,
3954 908 4019 964 et
4076 899 4286 965 factae
4326 906 4484 964 sunt
4526 901 4594 964 16

2650 981 3156 1061 devorationem,
3203 1005 3321 1049 nec
3357 992 3500 1049 erat
3533 985 3645 1067 qui
3679 985 4065 1068 requireret:
4112 1006 4246 1049 non
4291 993 4450 1063 erat,
4492 985 4596 1049 in-

2649 1089 2876 1150 quam,
2924 1068 3034 1152 qui
3076 1069 3454 1151 requireret.
3542 1070 3932 1153 Propterea,
3989 1079 4316 1154 pastores,
4376 1070 4597 1138 audite

2652 1152 2923 1219 verbum
2957 1154 3259 1219 Domini:
3306 1156 3461 1220 vivo
3497 1175 3638 1240 ego,
3683 1154 3840 1221 dicit
3872 1156 4229 1221 Dominus:
4275 1158 4432 1240 quia
4465 1157 4597 1223 fac-

2649 1246 2755 1304 tae
2779 1247 2937 1304 6661
2958 1259 3113 1305 oves
3148 1260 3333 1305 meae
3367 1241 3440 1304 in
3475 1241 3777 1325 rapinam
3812 1263 3887 1308 ac
3924 1241 4413 1308 devorationem
4452 1243 4596 1309 bes-

2647 1325 2758 1389 tiis
2802 1324 3198 1409 agrestibus,
3257 1346 3333 1391 eo
3377 1325 3548 1410 quod
3582 1334 3843 1409 pastore
3876 1338 4178 1394 carerent
4232 1328 4385 1411 (666
4419 1329 4598 1393 enim

2648 1432 2759 1476 eas
2813 1411 3273 1493 requirebatis,
3323 1411 3446 1477 sed
3485 1420 3745 1477 tantum
3788 1413 4150 1497 pascebatis
4196 1422 4456 1479 vosmet
4497 1416 4594 1498 ip·

2648 1496 2803 1579 sos),
2841 1496 2990 1561 ideo
3027 1516 3173 1562 6666
3208 1518 3329 1582 ego
3365 1520 3633 1582 gregem
3667 1520 3888 1564 meum
3914 1500 4243 1582 requiram
4278 1499 4360 1565 de
4394 1519 4598 1566 manu

2648 1590 2897 1647 vestra:
2935 1588 3003 1647 et
3025 1603 3279 1648 cessare
3302 1603 3419 1649 vos
3452 1584 3705 1662 faciam,
3744 1607 3826 1651 66
3860 1584 4035 1650 ultra
4067 1606 4337 1669 gregem
4371 1605 4596 1651 meum

2649 1669 2956 1751 pascatis:
3016 1666 3432 1752 liberaboque
3486 1671 3702 1753 ipsum
3760 1692 3843 1735 ex
3897 1692 4009 1735 616
4061 1677 4314 1749 vestm,
4370 1693 4457 1736 ne
4510 1673 4596 1736 sit

2650 1754 2920 1838 posthac
2964 1753 3148 1819 vobis
3193 1753 3260 1819 in
3307 1775 3538 1820 escam.
3629 1756 3730 1820 Tu
3776 1756 4024 1822 scilicet
4065 1765 4179 1821 aut
4227 1756 4334 1822 his
4379 1757 4596 1842 desig-

2649 1840 2796 1904 nari
2840 1850 2904 1904 te
2947 1839 3235 1923 negabis,
3280 1861 3447 1923 quae
3490 1862 3621 1907 non
3666 1850 3803 1907 tam
3840 1842 4014 1907 vitae
4059 1849 4211 1907 tuae
4244 1842 4476 1907 faciem
4510 1842 4597 1908 ad

2649 1925 2878 1990 vivum
2922 1922 3307 2011 depingunt,
3355 1948 3551 2009 quam
3596 1935 3662 1991 te
3702 1927 3820 1992 tibi
3867 1935 4078 1993 totum
4115 1928 4301 1993 velut
4341 1929 4413 1992 in
4447 1950 4597 2012 spe·

2652 2010 2796 2075 culo
2834 2011 3376 2093 repraesentant?
3437 2013 3577 2080 Aut
3610 2012 3923 2078 iudicium
3942 2014 4215 2083 Domini
4247 2015 4446 2079 inane
4468 2022 4599 2079 ter-

2649 2096 3158 2162 riculamentum
3201 2117 3344 2162 6666
3391 2096 3593 2175 (11666,
3650 2097 3823 2181 quod
3867 2100 4087 2164 minus
4131 2101 4350 2178 feriat,
4398 2121 4596 2183 quam

2647 2181 2980 2247 minatur?
3045 2180 3492 2262 Quamobrem
3537 2205 3668 2249 non
3713 2193 3816 2249 est
3856 2207 3974 2250 cur
4012 2186 4158 2250 istis
4199 2185 4430 2268 opibus
4463 2186 4600 2252 iam

2649 2275 2713 2332 te
2757 2268 3023 2333 beatum
3077 2277 3299 2350 putes,
3357 2289 3634 2352 quarum
3692 2277 3759 2336 et
3801 2278 3867 2336 te
3910 2272 4122 2337 furem
4166 2292 4309 2355 esse
4353 2273 4598 2338 vocife-

2646 2361 2833 2419 ratur
2877 2353 3223 2431 Dominus,
3269 2362 3335 2418 et
3377 2355 3892 2439 repetundarum
3936 2357 4239 2440 postulat.

2817 2439 3011 2504 Furti
3058 2459 3214 2523 ergo
3258 2440 3712 2525 sacrilegiique
3744 2442 4174 2527 ignominiam
4209 2462 4334 2509 666
4366 2452 4441 2507 111
4476 2465 4599 2510 666

2650 2545 2819 2590 unus
2844 2524 2892 2605 ¹)
2937 2545 2974 2588 e
3017 2533 3290 2589 cornuto
3333 2525 3446 2590 illo
3471 2530 3618 2604 [pag.
3660 2532 3766 2606 59]
3859 2549 4031 2612 rege,
4077 2529 4350 2594 infitiari
4375 2539 4594 2611 potes-

2646 2612 2748 2675 tis.
2839 2610 3125 2687 'Verum‚
3194 2612 3502 2692 quoniam
3571 2613 3822 2677 nonnul
3850 2635 3921 2679 os
3977 2614 4304 2679 inferioris
4369 2614 4598 2681 classis

2644 2704 2935 2778 pastores
2989 2696 3135 2760 istic
3180 2716 3321 2760 esse
3378 2697 3570 2762 audio
3629 2700 3738 2777 (ex
3783 2720 4010 2765 eorum
4054 2700 4300 2765 scilicet
4343 2701 4595 2777 ordine,

2644 2802 2804 2863 quos
2858 2790 2924 2844 et
2976 2801 3284 2862 paroecos
3338 2794 3402 2845 et
3457 2782 3759 2849 curiones
3803 2785 4004 2870 vulgo
4061 2785 4426 2870 appellant)
4481 2788 4597 2870 qui

2645 2865 2866 2949 aliqua
2895 2865 3086 2930 officii
3123 2867 3224 2930 sui
3246 2867 3566 2949 particula
3585 2876 3917 2953 utcunque
3940 2870 4397 2956 defungantur,
4421 2872 4599 2937 ‘hoc-

2645 2973 2769 3035 que
2810 2958 3155 3034 praetextu
3190 2972 3334 3017 sese
3371 2954 3539 3019 tueri
3578 2954 3771 3038 plane
3814 2968 4150 3037 conentur,
4191 2957 4364 3041 quod
4398 2958 4597 3042 paulo

2645 3059 2845 3121 quam
2867 3038 2978 3101 alii
3004 3038 3434 3104 verecundius
3470 3039 3877 3124 delinquunt,
3918 3042 4012 3107 illi
4048 3044 4211 3109 mihi
4248 3055 4408 3108 sunt
4430 3065 4596 3128 pau-

2646 3123 2845 3206 lisper
2891 3123 3014 3189 hoc
3065 3115 3204 3190 1006
3258 3125 3645 3208 appellandi.
3738 3125 3886 3208 Quo
3930 3137 4151 3194 autem
4195 3130 4593 3214 intelligant,

2642 3229 2838 3291 quam
2857 3230 2992 3274 non
3014 3209 3140 3274 sim
3154 3210 3482 3294 malignus
3499 3214 3875 3278 aestimator
3888 3215 4361 3298 qualiscunque
4377 3217 4594 3299 istius,

2641 3316 2835 3378 quam
2921 3294 3218 3361 ascendis
3253 3296 3537 3363 ecclesiis
3571 3298 3979 3381 impendunt,
4018 3300 4404 3380 sedulitatis,
4443 3301 4594 3385 plus

2642 3315 2919 3464 aliquidp
2928 3380 3103 3446 ultro
3149 3380 3277 3448 illis
3322 3381 3504 3462 dabo,
3550 3404 3748 3466 quam
3789 3385 4124 3467 postulare
4154 3388 4391 3452 ausint.
4462 3388 4593 3452 Ta-

2640 3466 2833 3531 metsi
2892 3486 3003 3531 eas
3056 3477 3136 3531 ut
3187 3467 3546 3550 plurimum
3603 3470 3937 3548 ecclesias,
4033 3470 4223 3537 uibus
4276 3474 4590 3555 praefecti

2642 3562 2813 3629 sunt,
2859 3573 2990 3617 non
3035 3552 3355 3618 incolunt:
3402 3553 3647 3619 adsunt
3687 3562 3910 3622 tamen
3955 3578 3993 3621 a
4082 3557 4381 3624 solennes
4417 3559 4589 3624 mul-

2638 3645 2743 3702 tos
2787 3637 2952 3715 dies,
2995 3637 3194 3703 verba
3237 3659 3445 3721 pauca
3489 3661 3606 3723 pro
3649 3642 3958 3708 concione
4012 3643 4292 3720 faciunt,
4344 3644 4589 3728 populo

2640 3723 2893 3788 semina
2935 3722 3256 3806 quaedam
3296 3725 3554 3807 pietatis
3598 3736 3970 3811 aspergunt,
4018 3750 4093 3794 ac
4133 3739 4354 3813 guttas
4377 3731 4590 3796 veluti

2682 3806 2952 3874 uaedam
2995 3808 3320 3874 instillant
3376 3812 3656 3894 purioris
3709 3813 4069 3892 doctrinae,
4127 3836 4338 3897 neque
4390 3816 4589 3881 illau-

2723 3896 2776 3957 ti
2819 3892 3161 3959 discedunt
3203 3896 3405 3961 totius
3459 3918 3618 3962 suae
3674 3898 3883 3982 plebis
3939 3900 4288 3984 suffragiis.
4379 3904 4588 3985 Atqui

2639 3981 2695 4045 si
2731 3979 2892 4046 haec
2926 3979 3204 4046 officiola
3239 3982 3547 4064 ipsorum,
3585 3984 3669 4048 ad
3701 4004 3864 4063 eam,
3901 4006 4095 4067 quam
4129 4006 4212 4050 ex
4238 3986 4363 4052 Dei
4387 3988 4588 4054 verbo

2639 4064 3130 4149 descripsimus,
3177 4068 3473 4150 regulam
3518 4070 3888 4154 exigantur,
3934 4072 4220 4144 immane
4264 4081 4586 4155 quantum

2638 4171 2679 4215 a
2720 4152 2898 4216 veris
2942 4152 3301 4217 etiamnum
3344 4156 3718 4238 pastoribus
3760 4157 4063 4222 aberunt:
4109 4158 4222 4240 qui
4257 4179 4412 4225 cum
4449 4170 4587 4225 tota

2638 4236 2752 4301 illa
2793 4258 2913 4303 sua
2955 4235 3303 4304 sedulitate
3343 4239 3509 4304 nihil
3555 4240 3761 4319 aliud,
3809 4263 4004 4325 quam
4048 4241 4400 4310 infideliter
4443 4265 4584 4310 sese

2636 4322 2706 4387 in
2751 4344 2945 4406 opere
2980 4324 3250 4388 Domini
3283 4327 3536 4391 versari
3579 4326 3878 4409 produnt.
3946 4328 4093 4394 Hoc
4128 4331 4304 4394 enim
4340 4338 4420 4395 ut
4455 4330 4583 4396 dis-

2638 4409 2956 4487 simulem,
2999 4411 3256 4476 muneri
3302 4432 3421 4476 suo
3465 4412 3734 4476 minime
3775 4414 3952 4496 ipsos
3995 4412 4410 4497 respondere,
4457 4415 4581 4481 nisi

2637 4494 3031 4577 tempestive
3087 4494 3281 4562 simul
3325 4503 3391 4561 et
3432 4497 3893 4580 intempestive
3946 4498 4249 4566 instando
4303 4502 4375 4588 (2
4413 4503 4578 4567 Tim.

2635 4585 2695 4656 4,
2735 4580 2823 4663 2),
2866 4581 3219 4663 arguendo,
3265 4580 3679 4665 increpando,
3726 4582 4161 4662 exhortandO,
4208 4607 4359 4652 cum
4403 4588 4580 4652 omni

2633 4663 2903 4732 lenitate
2947 4675 3013 4732 et
3056 4667 3351 4734 doctrina
3396 4671 3700 4750 (quorum
3745 4671 4039 4735 omnium
4083 4671 4211 4737 illis
4255 4672 4421 4737 nihil
4465 4688 4579 4737 cu-

2771 4904 2831 4970 1)
2872 4904 2966 4959 Sic
2999 4905 3119 4959 edd.
3147 4907 3432 4974 princzpes
3465 4905 3600 4960 1537
3636 4915 3688 4963 et
3723 4909 3886 4978 15503
3922 4909 4056 4964 1576
4073 4926 4213 4981 seqq.
4249 4928 4350 4967 nec
4387 4921 4444 4966 tu
4479 4927 4579 4966 nec

2634 4972 2797 5027 ullus.
2879 4973 2959 5027 Et
2990 4974 3070 5027 sic
3104 4989 3315 5042 quoque
3347 4975 3526 5030 versio
3565 4978 3798 5046 gallica.-
3843 4988 3940 5049 toy
3985 4987 4042 5034 et
4073 4987 4196 5035 tout
4231 4987 4351 5035 tant
4385 4978 4509 5050 qu’il
4541 4985 4614 5049 μ

2633 5057 2670 5094 a
2704 5040 3035 5109 d’Evesques
3072 5057 3282 5096 cornus.
3343 5042 3582 5099 Gallasii
3613 5046 3794 5119 editio,
3830 5048 3978 5118 quod
3994 5048 4299 5118 morabere,
4335 5051 4397 5104 in
4431 5055 4576 5104 tatu

2636 5114 2874 5163 tantum.-
2910 5125 3010 5164 nec
3047 5127 3201 5179 unus,
3239 5110 3296 5163 in
3332 5114 3580 5183 man-qino
3610 5138 3637 5163 ι
3677 5133 3777 5170 nec·
3812 5125 3889 5171 tu.
