4984 5975
584 263 711 328 383

585 454 681 529 tet,
724 454 781 515 et
820 451 907 515 ad
943 448 1213 531 qloriam
1249 448 1489 529 patris,
1551 464 1743 527 quam
1783 445 2056 509 maxime
2098 443 2438 526 expetebat,
2483 448 2539 508 et

585 536 673 600 ad
712 536 975 602 salutem
1017 537 1321 612 nostram,
1365 552 1493 612 pro
1536 551 1667 613 qua
1710 534 1843 594 erat
1895 531 2269 594 moriturus:
2323 530 2385 594 si
2428 549 2538 594 nos

583 621 749 686 inter
788 641 914 698 nos,
963 624 1017 684 et
1060 620 1130 683 in
1172 619 1310 700 ipso
1349 618 1663 700 fuerimus
1704 636 1915 681 unum.
1984 615 2189 698 Atqui
2230 614 2339 680 hoc
2381 636 2539 679 sem-

571 728 698 788 per
741 711 886 785 [pag.
928 708 1036 783 29]
1082 703 1348 783 laborat,
1405 702 1513 768 hoc
1556 702 1869 767 adnititur
1911 701 2163 767 ecclesia
2217 700 2536 780 catholica,

583 797 653 856 ut
681 792 766 855 sit
801 791 1118 856 consensio
1150 788 1344 867 nobis,
1380 794 1439 853 et
1470 790 1540 852 in
1575 788 1781 852 eodem
1813 787 2050 870 spiritu
2080 788 2321 851 unitas:
2356 807 2536 867 quos-

581 897 701 958 que
753 876 1032 942 homines
1074 879 1183 939 aut
1223 875 1437 957 spatia
1480 875 1851 956 disiunqunt
1893 878 2235 952 terrarum,
2294 878 2405 936 aut
2436 873 2536 936 in·

581 962 850 1027 tervalla
892 967 1253 1043 temporum,
1297 960 1461 1042 quod
1503 960 1664 1024 coire
1707 959 1778 1023 in
1820 979 2015 1023 unum
2057 978 2282 1038 corpus
2325 978 2536 1023 omnes

580 1067 705 1113 non
737 1052 1021 1130 possunt,
1063 1067 1165 1111 eos
1198 1059 1367 1109 unus
1401 1049 1605 1109 tamen
1640 1045 1921 1126 spiritus,
1967 1045 2077 1125 qui
2112 1043 2337 1125 ubique
2369 1044 2535 1108 idem

579 1153 824 1214 semper
861 1137 977 1211 est,
1037 1136 1096 1197 et
1143 1132 1351 1214 foveat
1399 1135 1455 1194 et
1506 1135 1698 1212 reqat.
1791 1127 1912 1194 Oui
1955 1130 2204 1210 quidem
2249 1129 2534 1194 ecclesiae

580 1218 914 1284 catholicae
956 1222 1013 1284 et
1052 1218 1312 1299 spiritui
1352 1221 1559 1281 sancto
1592 1215 1658 1279 hi
1693 1234 1759 1280 se
1794 1215 2192 1279 adversarios
2227 1237 2258 1280 e
2291 1216 2537 1297 reqione

571 1303 965 1388 profitentur,
1010 1304 1118 1384 qui
1160 1303 1461 1367 unitatem
1499 1302 1811 1384 sranqere‚
1856 1302 1968 1381 qui
2010 1302 2222 1366 varios
2266 1301 2535 1381 spiritus

581 1390 932 1468 immittere,
977 1389 1089 1469 qui
1122 1389 1575 1453 consensionem
1617 1387 1861 1462 solvere,
1908 1387 2019 1467 qui
2056 1387 2266 1451 tollere
2300 1406 2538 1450 concor-

583 1476 763 1541 diam
804 1476 879 1540 de
934 1475 1282 1539 christiana
1339 1474 1636 1555 reliqione
1691 1477 2012 1550 conantur,
2068 1477 2242 1536 tanta
2295 1472 2539 1551 cupidi-

582 1565 726 1639 tate,
770 1566 938 1624 tanto
978 1560 1186 1625 studio
1201 1609 1216 1638 ,
1274 1563 1355 1622 tot
1406 1556 1972 1622 machinationibus
2026 1563 2080 1620 et
2137 1558 2379 1622 artibus
2394 1606 2409 1635 ‚
2470 1562 2539 1621 ut

583 1666 797 1712 eorum
838 1645 1312 1711 sollicitudinem
1365 1650 1419 1708 et
1475 1644 1855 1708 anvietatem
1903 1642 2084 1708 nulla
2137 1644 2299 1706 satis
2354 1643 2538 1725 diyne

583 1733 936 1811 exprimere
979 1731 1176 1796 oratio
1210 1729 1431 1810 possit.
1522 1728 1603 1791 In
1655 1748 1806 1808 quos
1860 1748 1969 1811 eqo
2012 1729 2260 1809 quidem
2303 1729 2372 1793 id
2414 1747 2539 1793 non

583 1815 981 1899 imprecabor,
1044 1820 1112 1879 ut
1153 1816 1478 1896 disperdat
1522 1814 1840 1879 Dominus
1879 1815 2178 1878 universa
2224 1815 2394 1879 labia
2436 1814 2540 1877 do-

585 1902 751 1982 losa,
796 1907 852 1967 et
889 1902 1172 1985 linquam
1213 1901 1702 1982 maqniloquam:
1760 1919 1958 1979 neque
2002 1901 2174 1978 itm,
2232 1904 2298 1964 ut
2342 1899 2539 1964 addat

582 1988 979 2069 iniquitatem
1021 2006 1214 2066 super
1256 2005 1468 2050 eorum
1512 1986 1929 2066 iniquitatem.-
1971 1986 2079 2050 sed
2121 1990 2193 2048 ut
2230 1990 2541 2050 convertat

585 2092 688 2139 eos
704 2123 720 2151 ,
782 2078 839 2137 et
881 2073 967 2138 ad
1007 2072 1305 2154 spiritum
1348 2070 1570 2136 bonum
1624 2069 1911 2149 deducat,
1965 2071 2287 2135 dominum
2327 2069 2540 2134 Deum

586 2178 792 2224 meum
858 2157 1126 2239 supplex
1192 2157 1442 2240 roqabo‚
1515 2157 1701 2220 sicuti
1769 2176 1929 2238 roqa
2024 2155 2262 2236 Vosque
2324 2160 2382 2220 et
2433 2176 2540 2219 oro

587 2248 644 2309 et
684 2243 908 2323 hortor,
963 2243 1201 2325 fratres
1240 2243 1363 2307 mei
1413 2241 1861 2321 Gaba-names,
1916 2247 2015 2319 ut,
2069 2242 2376 2307 discussis
2421 2240 2541 2305 ali-

585 2329 836 2413 quando
891 2328 969 2393 ab
1024 2328 1221 2395 oculis
1276 2329 1500 2392 mentis
1564 2331 1802 2392 vestrae
1857 2327 2096 2392 erroris
2153 2326 2398 2394 nebulis
2412 2377 2426 2405 ,
2483 2330 2541 2390 et

573 2413 896 2496 patefacta
931 2415 1091 2495 luce,
1136 2414 1221 2478 ad
1254 2413 1485 2480 coelum
1518 2413 1681 2479 illud
1714 2412 1920 2478 oculos
1967 2412 2332 2492 attollentes,
2376 2412 2541 2493 quod

572 2505 950 2583 perpetuam
972 2501 1261 2582 patriam
1294 2505 1581 2577 vestram,
1616 2499 1771 2563 siin
1790 2499 2027 2568 unitate
2062 2498 2344 2563 ecclesiae
2364 2518 2532 2562 man-

583 2587 817 2665 seritis,
852 2586 1186 2667 proposuit
1218 2586 1387 2650 vobis
1422 2583 1619 2663 Deus,
1663 2584 1867 2649 redire
1902 2586 1973 2648 in
2007 2584 2394 2650 concordiam
2431 2603 2540 2648 no-

585 2671 840 2749 biscum,
882 2677 937 2736 et
974 2670 1157 2750 fidele
1197 2671 1556 2752 obsequium
1584 2674 1907 2750 praestare
1938 2670 2133 2734 matri
2169 2675 2416 2734 nostrae
2449 2689 2540 2733 ec-

585 2755 836 2835 clesiae,
891 2754 1196 2837 colereque
1238 2755 1448 2820 Deum
1492 2757 1563 2820 in
1600 2775 1725 2820 uno
1772 2756 2087 2820 nobiscum
2128 2755 2366 2835 spiritu
2407 2754 2541 2818 iam

587 2840 812 2906 velitis.
905 2840 1036 2906 Nec
1086 2840 1149 2904 si
1191 2860 1389 2904 mores
1433 2841 1633 2904 nostri
1676 2841 1845 2905 vobis
1883 2842 2153 2922 fortasse
2193 2840 2540 2919 displicent,

591 2930 739 3005 [pag.
780 2930 887 3005 30]
942 2926 1005 2990 si
1058 2926 1452 3007 quorundam
1509 2925 1695 3004 culpa
1747 2925 2039 3006 splendor
2080 2924 2185 2990 ille
2237 2924 2539 3004 ecclesiae,

590 3012 703 3092 qui
732 3015 1078 3093 perpetuus
1111 3015 1166 3075 et
1198 3011 1722 3076 incontaminatus
1755 3030 1889 3075 esse
1922 3010 2148 3089 debuit,
2190 3010 2539 3090 aliquando

1585 256 1764 324 IAG.
1810 255 2284 323 SADOLETI
2325 254 2794 324 EPISTOLA
2835 257 2965 323 AD
3010 253 3588 349 GENEVATES.

4481 254 4604 317 384

2644 446 2718 528 fit
2759 445 3046 524 obtusior,
3101 449 3336 511 vestros
3376 445 3447 510 id
3488 447 3733 511 animos
3783 449 4050 522 moveat,
4106 447 4220 509 aut
4259 443 4348 507 'in
4401 441 4608 507 diver-

2647 552 2789 597 sam
2822 537 2876 596 et
2909 533 3292 596 contrariam
3327 531 3537 596 trahat
3558 536 3823 613 partem.
3899 528 4121 596 Odisse
4153 528 4429 609 forsitan
4450 547 4604 608 per-

2648 619 2840 682 sonas'
2892 623 3144 681 nostras
3184 617 3445 698 potestis
3459 668 3474 696 ,
3532 618 3594 681 si
3638 617 3707 681 id
3749 617 3829 682 ab
3871 614 4186 699 evanqelio
4237 613 4601 692 conceditur,

2646 703 2992 768 doctrinam
3012 708 3169 768 certe
3204 707 3260 767 et
3289 702 3476 782 fidem
3509 701 3729 767 habere
3764 702 3902 767 odio
3936 721 4060 767 non
4090 699 4333 765 debetis.
4393 696 4604 779 Scrip-

2648 795 2781 852 tum
2835 794 2928 852 est
2980 789 3174 853 enim.-
3239 789 3412 870 Quae
3460 788 3674 853 dicunt
3720 788 3924 869 facite.
4020 785 4238 867 Neque
4293 805 4435 850 vero
4489 803 4603 849 nos

2647 875 2832 939 aliud
2875 875 3159 951 dicimus,
3202 894 3392 954 quam
3433 875 3595 955 quod
3634 879 3913 938 nostram
3952 876 4190 938 vestrae
4232 870 4463 936 salutis
4495 889 4601 935 cu-

2640 961 2976 1040 piditatem
3018 960 3188 1024 vobis
3233 960 3599 1025 indicamus.
3696 959 3867 1041 Quae
3907 959 3968 1022 si
4017 979 4061 1022 a
4101 957 4301 1036 vobis,
4365 954 4601 1022 θώρη-

2644 1066 2861 1110 nenses
2902 1046 3255 1124 carissimi,
3308 1045 3379 1109 in
3426 1046 3646 1110 bonam
3677 1050 3928 1125 partem
3965 1043 4161 1124 fuerit
4201 1048 4449 1123 accepta
4463 1092 4478 1120 ,
4538 1042 4620 1125 si⁸

2644 1152 2740 1195 me
2759 1133 3280 1203 ,amantissimum
3313 1132 3505 1196 vestri
3533 1131 3741 1214 qratis
3772 1130 4010 1195 animis
4043 1129 4446 1194 audiveritis.-
4477 1147 4600 1192 non

2634 1216 2966 1299 poenitebit
3007 1236 3113 1282 vos
3143 1216 3438 1299 profecto,
3485 1221 3542 1280 et
3582 1217 3757 1296 apud
3792 1214 4001 1280 Deum
4033 1219 4434 1294 recuperatae
4461 1212 4599 1295 pri-

2643 1304 2850 1367 stinae
2890 1303 3133 1385 qratiae
3170 1307 3405 1366 vestrae
3419 1352 3433 1379 ‚
3490 1307 3546 1366 et
3585 1301 3759 1381 apud
3801 1301 4078 1366 homines
4120 1300 4351 1365 laudis.
4442 1298 4597 1382 Ερο,

2639 1410 2799 1469 quae
2853 1408 3024 1452 meae
3070 1393 3288 1469 partes
3329 1393 3504 1465 sunt,
3548 1394 3604 1451 et
3646 1388 3811 1466 quod
3850 1386 4254 1451 benevolentia
4297 1406 4447 1468 erqa
4488 1404 4599 1449 vos

2639 1495 2776 1538 mea
2818 1472 2975 1536 mihi
3010 1473 3418 1554 praescribit,
3463 1473 3766 1538 assiduus
3807 1492 3911 1537 ero
3953 1472 4039 1537 ad
4082 1471 4302 1537 Deum
4325 1492 4452 1551 pro
4494 1490 4590 1534 vo-

2639 1560 2736 1624 bis
2779 1561 3150 1641 deprecator,
3209 1579 3340 1623 meo
3397 1559 3644 1639 quidem
3699 1560 3846 1639 ipse
3887 1557 4189 1640 indiqnus
4239 1557 4422 1635 vitio,
4478 1557 4592 1621 sed

2636 1646 2909 1725 forsitan
2951 1644 3187 1709 caritas
3227 1643 3448 1726 efficiet
3487 1665 3584 1708 me
3626 1645 3904 1728 diynum.
3977 1643 4142 1708 Tum
4172 1646 4377 1706 autem
4410 1641 4593 1723 quid-

2639 1731 2795 1810 quid
2836 1730 3004 1794 valeo
3035 1750 3442 1811 possumque,
3500 1730 3614 1795 etsi
3654 1729 3724 1794 id
3766 1749 4004 1811 quoque
4047 1749 4325 1809 parvum
4380 1727 4596 1792 admo-

2639 1816 2793 1880 dum
2836 1821 2950 1895 est,
3006 1817 3114 1879 scd
3156 1818 3217 1881 si
3260 1815 3415 1897 quid
3457 1821 3547 1880 est
3586 1816 3659 1879 in
3698 1835 3795 1879 me
3837 1815 4100 1899 inqenii,
4157 1813 4435 1892 consilii,
4477 1833 4595 1876 au-

2639 1902 2941 1981 toritatis,
2999 1901 3383 1984 diliqentiae,
3438 1901 3509 1966 id
3550 1902 3644 1964 ita
3685 1900 3856 1966 vobis
3892 1905 4084 1966 totum
4125 1904 4181 1964 et
4223 1898 4446 1964 vestris
4483 1918 4594 1978 op-

2631 1986 3129 2068 portunitatibus
3171 1988 3394 2069 detera,
3438 1991 3509 2050 ut
3537 2005 3664 2067 pro
3705 2007 3931 2069 maqno
3974 2005 4107 2050 meo
4142 1983 4448 2050 commodo
4481 1982 4596 2048 ha-

2640 2071 2886 2136 biturus
2944 2074 3096 2151 sim,
3155 2074 3214 2136 si
3271 2091 3379 2136 vos
3433 2072 3690 2153 aliquod
3747 2092 3823 2135 ex
3866 2092 3961 2136 me
4004 2070 4387 2136 commodum
4425 2069 4596 2150 fruc-
4727 2091 4732 2097 ·

2640 2163 2889 2239 tumque
2930 2178 3101 2221 meae
3144 2178 3363 2238 operae
3406 2162 3460 2222 et
3507 2158 3760 2235 laboris,
3805 2163 3861 2221 et
3901 2159 3970 2220 in
4012 2155 4249 2221 divinis
4290 2154 4493 2234 rebus,
4538 2160 4599 2219 et

2641 2244 2713 2307 in
2770 2243 3081 2322 humanis,
3127 2245 3456 2326 percipere
3487 2243 3841 2324 potueritis.
3926 2242 4299 2307 Extremum
4342 2245 4459 2320 est,
4524 2246 4598 2305 ut

2640 2349 2749 2393 vos
2792 2351 2985 2408 orem,
3041 2333 3109 2392 ut
3164 2350 3305 2394 eum
3347 2330 3648 2394 nuncium
3690 2349 3871 2410 quem
3913 2329 4000 2393 ad
4039 2348 4146 2392 vos
4187 2347 4327 2392 cum
4370 2325 4473 2390 his
4520 2326 4604 2391 li-.

2641 2414 2793 2479 teris
2836 2415 3005 2492 misi,
3052 2436 3124 2479 ea
3168 2416 3444 2480 comitate
3486 2435 3559 2479 ac
3600 2414 3970 2497 beniqnitate
4012 2413 4357 2494 accipiatis,
4400 2432 4600 2493 quam

2643 2505 2698 2564 et
2739 2499 3105 2566 humanitas
3158 2506 3388 2580 vestra,
3447 2505 3594 2578 [pag.
3635 2505 3742 2578 31]
3801 2505 3857 2564 et
3907 2501 4015 2564 ius
4065 2500 4370 2582 qentium,
4426 2502 4483 2561 et
4526 2498 4599 2561 in

2632 2585 3244 2735 pgib‘rgishchrg'ssganna
3262 2585 3689 2736 ffliwwgssz
3692 2585 3975 2667 postulat
4006 2590 4064 2649 et
4097 2584 4400 2751 rquiirit:
4433 2582 4604 2733 queowd

2640 2692 3175 2905 {ratumffnlyeus
3202 2721 3216 2748 '
3231 2693 3350 2823 vos2
3394 2692 3635 2839 dirigat
3683 2693 4082 2838 etvpropitius
4137 2689 4506 2836 ίαεαῗιιιῖἵῗιΐ

2702 2860 2766 2904 es
2807 2860 3142 2907 carissimi.
4491 2867 4504 2879 ·

2736 2974 3199 3058 Carpentoraai
3230 2976 3383 3043 XV.
3412 2975 3960 3060 Calena'Aprilis,
3999 2976 4091 3043 M
4115 2977 4201 3044 D.
4237 2975 4601 3043 XXXIX
