4984 5975
614 348 741 411 276

665 535 797 600 'ose
838 531 953 597 abs
998 540 1063 596 te
1105 531 1177 595 in
1220 531 1453 595 timore
1496 527 1769 594 Domini
1814 524 2144 605 educetur,
2190 526 2563 610 optimaque

612 555 960 701 disciplina
1014 615 1364 681 imbuatur.
1466 614 1643 681 Nam
1697 613 1756 679 si
1809 630 2047 680 verum
2101 619 2203 678 est
2254 611 2428 695 quod
2480 612 2562 678 ab

615 702 969 771 Aristotele
1005 700 1261 780 dicitur,
1308 722 1496 767 suam
1537 700 1888 783 unicuique
1924 697 2192 764 domum
2232 696 2565 782 quandam

614 810 756 855 esse
784 788 1043 871 parvuli
1080 789 1271 871 regni
1305 786 1610 871 effigiem,
1646 787 1734 885 in·
1750 805 1884 869 qua
1916 783 2390 868 paterfamilias
2423 785 2564 867 ipse

613 873 1349 1025 tfffiffissffi
1371 868 2565 1041 ifinrsstozsstiffiussmnssff

614 1046 871 1110 minum
914 1044 1177 1129 quidem
1219 1044 1459 1110 iudicio
1502 1042 1916 1112 excusandus
1959 1049 2062 1107 est
2112 1042 2226 1108 ille
2241 1092 2259 1121 ,
2304 1043 2417 1126 qui
2459 1062 2565 1108 re·-

574 1130 578 1134 Α
615 1131 868 1216 gendae
905 1131 1194 1198 familiae
1237 1151 1533 1210 securus,
1577 1128 1770 1195 modo
1822 1130 2035 1213 ipsam
2093 1149 2251 1214 erga
2296 1149 2367 1194 se
2406 1129 2566 1194 satis

614 1217 911 1285 sedulam
944 1237 1039 1291 ,ac
1095 1217 1452 1284 officiosam
1504 1236 1766 1300 semper
1807 1214 2045 1280 habeat
2061 1266 2077 1293 ,
2121 1215 2194 1279 in
2239 1213 2459 1279 Deum
2501 1220 2568 1278 et

615 1303 915 1370 homines
957 1304 1346 1388 flagitiosam
1386 1323 1529 1369 esse
1572 1301 1748 1369 sinit.
1812 1303 1908 1366 At
1960 1300 2082 1366 tibi
2122 1301 2320 1366 altius
2365 1301 2566 1365 etiam

614 1390 1007 1473 cogitatione
1043 1388 1523 1473 assurgendum
1562 1395 1690 1454 est:
1730 1407 1965 1471 nempe
2008 1385 2341 1453 custodiae
2377 1384 2565 1451 fidei·

614 1496 741 1558 que
807 1484 960 1542 tuae
1015 1477 1390 1541 commissos
1448 1497 1489 1541 a
1530 1474 1818 1540 Domino
1861 1494 1999 1552 eos,
2058 1471 2293 1555 quibus
2338 1480 2407 1536 te
2450 1471 2565 1538 do-

613 1561 871 1626 minum
913 1560 1288 1631 destinarit:
1335 1581 1375 1626 a
1414 1560 1721 1639 Domin0,
1763 1561 2052 1643 inquam,
2088 1559 2208 1624 tibi
2250 1558 2566 1642 assignati

616 1654 801 1724 sunt,
843 1648 955 1730 qui
994 1647 1113 1714 tibi
1157 1648 1440 1713 subsunt
1478 1647 1681 1724 servi,
1718 1666 1883 1730 quos
1925 1646 2053 1728 ipsi
2088 1644 2377 1728 primum
2394 1694 2411 1724 ‚
2451 1643 2563 1710 de-

618 1730 774 1798 inde
810 1740 879 1797 et
924 1732 1047 1799 sub
1104 1734 1248 1816 ipso
1290 1731 1409 1797 tibi
1452 1729 1714 1798 obedire
1758 1731 2134 1814 servireque
2186 1728 2419 1796 doceas
2463 1737 2565 1795 at-

615 1838 742 1901 que
789 1819 1195 1886 assuefacias.
1274 1816 1500 1898 Quare
1552 1838 1686 1883 non
1741 1819 1882 1882 sine
1936 1836 2135 1882 causa
2187 1824 2326 1881 tam
2496 1815 2566 1882 vi

615 1923 889 1971 censura
920 1904 1179 1970 notavit
1213 1925 1322 1969 eos
1347 1903 1692 1987 apostolus,
1728 1904 1843 1987 qui
1876 1901 2433 1968 administrandae
2465 1902 2565 1968 fa-

612 1988 831 2055 miliae
874 1988 1370 2055 sollicitudinem
1415 1989 1797 2068 abiicerent,
1840 1994 1919 2054 ut
1972 2008 2082 2054 eos
2123 1994 2445 2054 assereret
2483 1989 2563 2052 fi·

615 2073 765 2139 dem
787 2076 954 2141 abne
1148 2126 1165 2156 ,
1201 2082 1271 2141 et
1301 2096 1445 2141 esse
1480 2074 1854 2141 infidelibus
1890 2073 2242 2139 deteriores
2282 2073 2346 2158 (1
2391 2074 2559 2139 Tim.

618 2165 677 2239 5,
715 2160 805 2244 8).
875 2159 1054 2242 Quid
1078 2162 1254 2227 enim
1278 2160 1473 2240 aliud,
1511 2181 1708 2244 quam
1740 2160 2146 2244 provinciam
2181 2159 2306 2225 sibi
2341 2180 2382 2224 a
2413 2159 2561 2224 Deo

614 2245 925 2312 traditam
977 2245 1292 2313 deserunt
1344 2253 1413 2312 et
1465 2246 1795 2324 abiurant,
1840 2247 2375 2329 vocationemque
2415 2246 2561 2310 eius

568 2346 573 2349 ·
612 2331 1044 2398 renunciant?
1133 2333 1229 2399 At
1283 2333 1565 2417 pessimo
1630 2339 1790 2398 sunt
1840 2332 2107 2416 ingenio
2164 2330 2560 2397 famulorum

611 2418 928 2503 plerique,
965 2426 1034 2484 et
1066 2420 1137 2484 in
1170 2418 1407 2503 quibus
1441 2439 1675 2484 verum
1706 2419 1844 2485 fere
1876 2426 2071 2483 vetus
2104 2415 2272 2482 illud
2307 2415 2387 2482 de
2420 2437 2559 2483 ser·-

610 2505 716 2571 vis
756 2504 1180 2588 proverbium
1216 2505 1619 2588 experimur:
1658 2505 1786 2570 'Pot
1819 2524 1963 2570 esse
1986 2503 2163 2569 domi
2197 2503 2386 2569 nobis
2405 2502 2559 2569 hos-

610 2598 741 2670 tes,
800 2598 962 2674 quot
1013 2590 1150 2655 sint
1204 2591 1399 2658 servi.
1479 2588 1595 2657 Sic
1646 2590 1909 2674 quidem
2116 2610 2154 2654 o
2208 2597 2280 2654 et
2331 2589 2559 2655 existi-

611 2684 833 2741 matur
882 2685 953 2741 et
1002 2675 1308 2744 iactatur:
1367 2676 1485 2742 sed
1536 2696 1672 2741 non
1716 2676 1811 2741 ita
1853 2682 1971 2740 est.
2097 2694 2185 2740 on
2226 2675 2407 2739 enim
2447 2694 2560 2740 eos

612 2761 929 2828 habemus
951 2762 1195 2841 hostes,
1230 2761 1350 2827 sed
1385 2763 1545 2826 vitio
1580 2767 1809 2826 nostro
1843 2760 2034 2826 nobis
2067 2759 2365 2839 facimus,
2398 2759 2561 2825 dum

614 2866 726 2912 eos
764 2846 974 2911 instar
1012 2847 1358 2913 brutarum
1401 2848 1836 2913 animantium
1870 2847 2011 2911 sine
2054 2846 2371 2925 doctrina,
2414 2846 2560 2912 sine

614 2930 746 2997 Dei
789 2933 1176 3017 cognitione,
1220 2934 1364 2998 sine
1404 2933 1665 3016 pietatis
1707 2933 2122 2998 institutione
2176 2929 2440 2998 alimus:
2485 2952 2562 2998 ac

614 3038 968 3084 conservos
1022 3039 1167 3084 esse
1218 3026 1478 3084 nostros
1529 3018 2000 3097 obliviscimur,
2056 3038 2335 3102 quorum
2386 3019 2561 3102 regi-

614 3123 769 3168 men
812 3104 1002 3168 nobis
1038 3104 1239 3169 fuerit
1278 3125 1319 3168 a
1362 3103 1625 3170 coelesti
1667 3103 1956 3170 Domino
2010 3103 2557 3170 commendatum.

614 3190 725 3255 An
780 3209 934 3255 vero
987 3190 1315 3274 scriptura
1366 3188 1737 3256 Christiani
1788 3190 2075 3274 elogium
2142 3189 2389 3255 homini
2444 3211 2560 3254 ne-

614 3275 778 3339 mini
818 3273 1085 3354 deferet,
1130 3283 1207 3341 ut
1237 3295 1374 3340 non
1412 3276 1605 3341 simul
1642 3274 1905 3343 adiiciat
1936 3276 1961 3340 i
2189 3275 2559 3357 credidisse,

615 3369 682 3424 et
732 3359 997 3425 domum
1050 3361 1193 3427 eius
1247 3371 1481 3427 totam:
1540 3383 1660 3428 nos
1712 3371 1939 3427 autem
1990 3361 2073 3427 de
2127 3360 2380 3428 Christi
2430 3359 2560 3428 fide

612 3446 1052 3530 gloriabimur,
1095 3448 1236 3512 eius
1279 3448 1779 3532 abnegationem
1820 3449 1999 3514 intra
2031 3446 2263 3513 domus
2295 3455 2562 3514 nostrae

734 3533 922 3610 ‘etes,
980 3534 1053 3598 in
1096 3534 1306 3600 servis
1347 3533 1592 3599 nostris
1633 3532 1973 3600 foventes?
2063 3531 2317 3615 Quare,
2371 3535 2430 3599 si
2485 3534 2560 3598 in

610 3552 879 3684 mune
922 3619 1099 3704 frugi
1140 3619 1320 3685 istud
1373 3621 1670 3703 apprime
1712 3620 2090 3704 requiritur,
2149 3628 2228 3685 ut
2268 3628 2447 3686 recte
2490 3627 2561 3685 et

610 3702 837 3770 ordine
894 3705 1210 3771 familiam
1269 3704 1713 3785 administret,
1775 3707 2118 3773 christiani
2168 3713 2393 3771 autem
2438 3707 2559 3771 ho-

610 3791 808 3856 minis
841 3790 1092 3857 familia
1126 3799 1267 3856 tum
1300 3792 1429 3856 rite
1465 3791 1730 3857 demum
1764 3793 2124 3875 composita
2156 3794 2410 3858 censeri
2443 3791 2560 3858 de-

611 3876 740 3954 bet,
779 3876 834 3941 si
859 3877 1199 3943 cuiusdam
1220 3877 1427 3943 veluti
1464 3878 1839 3944 ecclesiolae
1875 3879 2122 3961 species
2156 3878 2227 3942 in
2263 3900 2342 3944 ea
2375 3898 2560 3962 spec-

612 3969 821 4026 tatur:
867 3961 1083 4028 danda
1125 3964 1395 4029 omnino
1438 3962 1556 4048 tibi
1599 3984 1799 4049 opera
1842 3971 1958 4042 est,
2000 3984 2086 4028 ne
2129 3972 2311 4029 tuam
2352 3965 2559 4048 pieta·

614 4046 699 4111 tis
740 4045 970 4111 rudem
1024 4056 1221 4131 atque
1274 4050 1687 4133 ignorantem
1740 4050 2088 4133 relinquas.
2184 4050 2417 4133 Neque
2459 4058 2561 4116 est

472 4170 483 4179 ·
614 4131 786 4214 quod
837 4139 901 4197 te
955 4133 1267 4218 vulgares
1324 4140 1473 4214 [pag.
1532 4143 1638 4213 42]
1700 4136 1795 4200 illi
1854 4135 2145 4219 scrupuli
2197 4144 2556 4202 morentur.

612 4215 1039 4366 Efueyitae
1072 4239 1256 4285 meae
1292 4221 1635 4287 arbitrium
1656 4222 1902 4286 famulo
1923 4221 2343 4322 permittam?
2389 4222 2557 4306 Ego,

614 4324 654 4367 a
720 4323 827 4368 me
846 4303 1295 4387 iugulandum,
1332 4317 1666 4373 exsertum
1699 4328 1920 4373 ensem
1957 4330 2028 4372 m
2063 4328 2335 4373 manum
2368 4328 2559 4391 prae-

614 4387 822 4454 bebo?
891 4390 1212 4470 Primum,
1257 4393 1359 4458 fac
1402 4394 1566 4460 tales
1600 4395 1671 4457 in
1704 4393 2021 4459 familiam
2064 4401 2248 4458 tuam
2292 4392 2557 4478 allegas,

615 4494 891 4555 quorum
933 4475 1185 4542 indoles
1227 4497 1303 4543 ac
1348 4481 1646 4545 nativum
1689 4480 2029 4564 inmnium
2063 4479 2218 4545 boni
2252 4479 2560 4545 nonnihil
2608 4517 2614 4542 ι

616 4558 1021 4641 polliceatur:
1081 4582 1192 4628 eos
1245 4572 1481 4630 nactus
1524 4565 1653 4630 Dei
1694 4564 1991 4631 doctrina
2032 4564 2327 4631 excolere
2371 4564 2557 4645 aude,

614 4645 925 4729 verbique
947 4649 1089 4712 eius
1124 4650 1375 4714 semine
1409 4671 1764 4717 conserere.
1822 4650 2206 4717 Providebit
2236 4652 2379 4734 ipse
2414 4673 2560 4717 cae-

616 4737 775 4808 tera,
823 4731 1099 4815 datoque
1140 4753 1445 4801 successu
1489 4738 1755 4816 efficiet,
1811 4758 1897 4803 ne
1940 4743 2006 4801 te
2046 4736 2379 4803 mandatis
2424 4737 2559 4803 suis

616 4817 1051 4901 obsequutum
1092 4821 1295 4887 fuisse
1338 4843 1633 4906 unquam
1674 4825 2017 4907 poeniteat.
2094 4823 2187 4886 Et
2229 4843 2389 4888 sane
2430 4823 2560 4888 nisi

616 4901 731 4966 tibi
774 4913 1004 4988 sponte
1046 4907 1356 4990 imponis,
1415 4908 1730 4992 dispicere
1774 4919 1993 4977 tecum
2034 4915 2250 4992 potes,
2309 4915 2558 4992 quanto

615 4989 860 5055 maiore
892 5000 1035 5056 tum
1056 4993 1373 5072 molestia,
1412 5002 1554 5059 tum
1594 4995 1878 5077 periculo
1915 4995 2265 5061 habiturus
2296 4995 2387 5059 sis
2409 5014 2557 5076 per-
2611 5063 2612 5074 ¹

614 5081 810 5155 petuo
854 5078 923 5141 in
965 5079 1125 5160 ipsis
1168 5078 1399 5144 domus
1442 5088 1595 5145 tuae
1636 5082 2107 5164 penetralibus,
2155 5101 2316 5164 quos
2361 5100 2558 5164 appo—

2325 335 2794 405 EPIS‘POLA
2835 334 2889 403 I<

616 5161 775 5225 sitos
808 5163 928 5228 tibi
961 5164 1259 5230 custodes
1294 5163 1514 5242 ducas,
1561 5185 1601 5228 a
1634 5186 1912 5248 quorum
1946 5165 2203 5233 insidiis
2237 5163 2353 5230 tibi
2388 5185 2558 5230 sem-
2609 5161 2614 5220 ἕ

612 5266 730 5328 per
762 5257 1035 5328 metuas,
1072 5270 1353 5332 quorum
1389 5251 1622 5313 timore
1657 5251 1971 5333 angulum
2008 5251 2261 5317 nullum
2297 5251 2558 5330 habeas,

4495 338 4619 403 27ss

2665 547 2757 710 ξιιι
2780 524 3548 678 (lagoobservlgntffudffsam
3579 526 4075 678 ffigmoeaputg
4087 543 4318 678 calcem
4358 613 4467 679 vel
4498 534 4620 697 [ξ’-

2668 697 2945 764 nculose
2998 703 3273 762 tentare.
3348 633 3481 763 1&ic
3521 698 3706 764 verbi
3764 698 3870 763 sui
3921 703 4372 781 contemptum

2668 783 3006 849 ulciscitur
3024 782 3371 849 Dominus.
3408 783 3492 847 In
3514 784 3841 850 connubio
3863 781 4308 850 contrahendo
4331 783 4622 870 (quando

2669 888 2818 935 eam
2860 870 2980 935 tibi
3023 869 3396 935 liberatem
3440 871 3768 955 integram
3825 869 4144 934 hactenus
4200 890 4344 936 esse
4386 872 4621 938 Domi-

2671 977 2797 1021 nus
2831 954 3068 1038 voluit)
3103 953 3254 1020 vide
3297 976 3459 1039 quos
3503 956 3621 1021 tibi
3652 955 3680 1020 1
3763 974 3922 1020 ueos
3955 954 4208 1034 induas,
4254 958 4309 1022 si
4346 978 4625 1025 uxorem

2669 1042 2909 1125 accipis
2942 1041 3254 1125 religione
3290 1044 3511 1108 tecum
3546 1041 3706 1108 dissi
3752 1050 3986 1107 cutem.
4048 1038 4445 1125 Quanquam
4463 1043 4623 1127 quid

2670 1134 2736 1192 te
2780 1126 3195 1193 considerare
3236 1127 3424 1193 iubeo
3479 1126 3894 1213 labyrinthos
3945 1126 4093 1193 illos
4107 1178 4123 1206 ,
4182 1149 4345 1210 quos
4401 1131 4620 1197 animo

2670 1213 3011 1297 complecti
3052 1232 3247 1278 nemo
3291 1220 3517 1297 queat,
3575 1214 3703 1279 nisi
3755 1214 3867 1295 qui
3917 1214 4051 1277 iam
4103 1213 4277 1279 malo
4331 1232 4449 1280 suo
4503 1236 4622 1282 ex-

2668 1306 2895 1383 pertus
2916 1298 3158 1365 fuerit?
3212 1299 3488 1365 Utinam
3508 1299 3748 1364 timeas
3781 1300 4001 1381 potius
4037 1306 4104 1363 et
4135 1318 4386 1378 caveas,
4424 1320 4623 1384 quam

2669 1384 3017 1468 aliquando
3061 1384 3230 1451 velis
3283 1386 3585 1469 experiri.
3653 1385 3933 1450 Vestras
3987 1382 4136 1449 illas
4191 1386 4390 1451 tricas
4431 1390 4617 1455 novi:

2668 1470 2777 1536 Ita
2819 1493 2998 1538 nunc
3042 1470 3459 1550 adversatur,
3516 1478 3594 1537 ut
3630 1470 3954 1556 paulatim
3995 1491 4268 1536 manum
4311 1470 4621 1540 daturam

2669 1555 3009 1623 confidam.
3040 1557 3091 1643 ¹)
3176 1557 3332 1623 Noli
3386 1557 3512 1623 hoc
3568 1556 3649 1622 de
3703 1564 3771 1622 te
3823 1556 4072 1623 frustra
4120 1556 4441 1639 polliceri,
4503 1560 4620 1626 sed

2670 1640 2752 1708 de
2793 1643 3112 1708 Domino:
3170 1643 3356 1709 cuius
3401 1641 3646 1708 donum
3689 1651 3790 1708 est
3832 1642 4193 1727 singulare,
4238 1666 4408 1709 uxor
4448 1646 4621 1713 bona

2671 1729 2894 1813 (Prov.
2938 1733 3035 1807 19,
3081 1727 3206 1814 14).
3274 1729 3536 1797 Bonam
3580 1736 3802 1794 autem
3847 1729 3929 1794 ab
3970 1749 4046 1794 eo
4090 1738 4474 1812 exspectare
4506 1733 4620 1815 qui

2669 1814 2862 1893 ausis,
2908 1835 3103 1898 quem
3146 1835 3283 1880 non
3327 1813 3514 1881 audis
3558 1835 3782 1881 severe
3824 1814 4341 1895 interdicentem,
4388 1836 4475 1882 ne
4514 1819 4618 1883 iu-

2668 1921 2828 1986 gum
2871 1898 3071 1967 ducas
3113 1922 3264 1967 cum
3316 1900 3690 1966 infidelibus
3747 1900 3815 1985 (2
3853 1900 4003 1967 Cor.
4045 1906 4102 1979 6,
4146 1901 4302 1985 14)?
4391 1903 4619 1971 Habes

2669 2007 2710 2051 a
2751 2006 2858 2051 me
2901 1984 3076 2069 quod
3117 1987 3510 2070 postulabas,
3547 1986 3654 2052 vel
3686 1987 3907 2070 potius
3939 2007 4060 2070 per
4092 2007 4366 2053 manum
4398 2010 4620 2056 meam

2668 2090 2708 2136 a
2729 2070 3035 2152 Domino,
3071 2072 3450 2139 consilium:
3486 2071 3931 2156 periculosum
3954 2072 4217 2156 quidem
4246 2073 4410 2139 illud
4429 2076 4620 2141 owni

2666 2165 2834 2236 tuae,
2880 2165 2949 2224 et
2989 2178 3226 2243 parum
3268 2157 3586 2224 blandum
3601 2209 3618 2238 ,
3661 2158 3777 2224 sed
3820 2159 4077 2225 animae
4120 2167 4271 2225 tuae
4313 2159 4509 2226 fidele
4552 2170 4622 2227 et

2666 2243 2945 2323 salubre,
2990 2243 3158 2310 addo
3202 2251 3270 2309 et
3312 2243 3429 2309 tibi
3473 2265 3746 2328 prorsus
3788 2245 4258 2323 necessarium,
4304 2246 4436 2312 nisi
4476 2245 4620 2313 Do-

2664 2330 2832 2395 mini
2872 2331 3103 2416 iugum
3146 2350 3187 2394 a
3227 2330 3586 2396 cervicibus
3630 2332 3762 2397 tuis
3806 2337 4140 2409 excutere,
4195 2331 4471 2416 eiusque
4513 2355 4620 2399 re-

2662 2416 2976 2499 ligionem
3020 2414 3323 2482 abiurare
3366 2416 3564 2482 voles.

2835 2502 3054 2568 Tuum
3097 2522 3278 2569 nunc
3320 2510 3451 2583 est,
3495 2501 3580 2568 ad
3624 2500 4025 2568 reddendam
4068 2501 4375 2583 Domino,
4419 2525 4624 2587 quam

2665 2588 2782 2653 abs
2824 2595 2891 2654 te
2932 2589 3157 2671 poscit,
3202 2587 3416 2655 laudis
3459 2587 3935 2666 confessionem
3948 2639 3964 2667 ,
3989 2595 4214 2654 temet
4255 2589 4621 2669 exhortari,

2663 2671 2784 2738 fibi
2824 2673 3094 2753 instare,
3134 2681 3200 2739 te
3244 2694 3482 2759 urgere
3517 2682 3586 2738 et
3626 2675 3931 2774 excitare,
3976 2674 4398 2773 animumque
4433 2676 4624 2742 colli-

2663 2778 2820 2909 tgizlie
2805 2758 4206 2931 re1ilgllignlisn}ba⁸⁰ecardipnee,sglevrqltlilamntsbsuli-'ditisin²
4208 2768 4624 2931 tl'ndjgnum-

2663 2950 2791 3014 que
2843 2937 2962 2997 cst.
3050 2931 3226 2998 Nam
3267 2929 3440 3016 quod
3497 2932 3616 2998 tibi
3674 2952 3874 3015 supra
3934 2932 4314 2999 confirmavi
4328 2984 4344 3013 ,
4402 2933 4472 2999 id
4544 2946 4625 3002 ut

2665 3016 2944 3082 subinde
2986 3019 3302 3084 memoria
3344 3027 3632 3102 repetas,
3688 3019 3935 3101 tibique
3980 3017 4241 3084 assidue
4285 3018 4624 3102 subiicias,

2663 3123 2841 3170 nunc
2888 3104 3089 3169 etiam
3145 3112 3210 3169 te
3261 3124 3479 3171 coram
3521 3105 3668 3170 Deo
3711 3113 3778 3169 et
3819 3106 4064 3170 sanctis
4107 3105 4315 3187 ipsius
4360 3108 4624 3192 angelis

2664 3188 2980 3255 obtestor:
3017 3211 3150 3255 non
3183 3189 3291 3256 hic
3323 3190 3569 3256 leviore
3591 3189 3672 3256 de
3692 3211 3889 3256 causa
3925 3192 4439 3256 controversiam
4474 3196 4625 3278 agi-

2664 3276 2811 3353 tari,
2844 3296 3043 3359 quam
3074 3276 3394 3359 quomodo
3418 3275 3759 3342 Christum
3790 3276 3861 3341 in
3881 3275 4227 3342 hominum
4258 3291 4627 3361 conspectu

2663 3381 2797 3426 non
2842 3362 3269 3447 abnegemus:
3324 3383 3409 3427 ne
3452 3361 3544 3427 ab,
3577 3364 3719 3446 ipso
3762 3383 3881 3428 nos
3925 3384 4190 3428 rursum
4247 3364 4455 3447 (quod
4497 3387 4628 3449 per

2664 3447 3031 3531 apostolum
3073 3467 3267 3513 suum
3301 3449 3623 3530 minatur)
3668 3468 3870 3531 quum
3912 3469 4244 3514 summum
4281 3448 4452 3514 illud
4495 3453 4628 3517 tri-

2663 3533 2864 3599 bunal
2922 3531 3007 3599 ad
3062 3533 3488 3601 iudicandum
3546 3533 4021 3613 conscenderit,
4079 3534 4487 3618 abnegemur
4548 3538 4626 3620 (2

2665 3620 2832 3684 Tim.
2873 3623 2930 3696 2,
2977 3621 3103 3703 12).
3198 3627 3341 3700 [pag.
3381 3626 3489 3700 43]
3542 3622 3645 3685 Ac
3687 3641 3772 3685 ne
3813 3620 4147 3705 singulare
4191 3622 4414 3687 nescio
4458 3623 4631 3706 quid

2664 3703 2783 3770 tibi
2823 3705 3136 3789 imperari
3182 3705 3438 3784 credas,
3495 3706 3667 3790 quod
3709 3714 4045 3789 praestare
4086 3726 4221 3770 non
4266 3707 4355 3771 sit
4395 3710 4632 3777 cuius-
4689 3733 4699 3754 ⁸

2661 3791 2850 3869 libet,
2906 3792 2975 3857 in
3033 3799 3341 3876 promptu
3395 3801 3525 3871 est,
3584 3813 3712 3875 quo
3765 3789 4086 3858 eiusmodi
4137 3794 4345 3857 errori
4388 3815 4633 3862 occur-

2661 3893 2823 3942 ram.
2881 3874 3228 3961 Siquidem
3264 3879 3573 3961 pietatem
3600 3886 3783 3943 tuam
3807 3897 3940 3943 non
3983 3886 4138 3962 peto
4175 3889 4253 3942 ut
4274 3880 4634 3962 propalam

2661 3963 3060 4046 profitearis:
3117 3964 3330 4030 solum
3388 3985 3475 4031 ne
3527 3964 3887 4049 impietatis
3945 3963 4346 4047 professione
4402 3966 4636 4049 ipsam

2664 4047 2962 4133 abneges,
3008 4048 3124 4114 abs
3158 4057 3224 4115 te
3257 4050 3597 4117 contendo.
3659 4048 3844 4132 Quid
3880 4050 4058 4115 enim
4091 4049 4288 4129 aliud,
4334 4051 4448 4116 vel
4485 4063 4640 4121 tota

2664 4134 3106 4219 disputatione
3148 4138 3454 4221 spectavi,
3501 4136 3609 4204 vel
3651 4155 3828 4202 nunc
3869 4136 4162 4201 obtinere
4197 4136 4368 4215 volo,
4417 4159 4640 4222 quam

2663 4242 2746 4287 ne
2781 4220 3125 4288 horrendis
3160 4223 3517 4307 sacrilegiis
3553 4231 3842 4289 sanctam
3876 4221 4002 4287 Dei
4036 4221 4428 4306 religionem
4467 4247 4642 4293 cou-

2664 4306 2988 4374 tamines?
3049 4328 3136 4372 ne
3193 4329 3425 4392 corpus
3482 4317 3671 4373 tuum
3687 4359 3703 4388 ‚
3762 4308 3933 4390 quod
3985 4307 4107 4373 sibi
4159 4309 4232 4372 in
4290 4311 4642 4394 templum

2664 4392 3007 4474 dedicavit,
3042 4394 3249 4460 foedis
3283 4392 3870 4461 abominationibus
3906 4393 4248 4476 profanes?
4269 4416 4356 4461 ne
4391 4397 4468 4461 in
4509 4421 4644 4465 ex-

2663 4479 3010 4545 secrabiles
3052 4480 3498 4564 blasphemias
3550 4488 3738 4543 tuum
3789 4499 4030 4544 nomen
4073 4480 4435 4547 inscribas?
4540 4486 4646 4551 Et

2662 4566 2863 4632 istaec
2906 4565 3155 4632 scilicet
3195 4567 3412 4632 omnia
3453 4566 3624 4630 tanti
3678 4585 3819 4630 esse
3872 4586 4067 4650 aegre
4119 4567 4645 4652 persuademur,

2665 4672 2832 4734 quac
2875 4670 3022 4717 cum
3067 4651 3282 4736 aliquo
3326 4653 3501 4717 vitae
3543 4649 3861 4733 periculo,
3917 4659 4031 4717 aut
4074 4652 4272 4717 etiam
4287 4704 4302 4730 ,
4349 4655 4408 4717 si
4455 4677 4648 4739 opus

2664 4737 2767 4814 sit,
2813 4739 2960 4804 fuso
3006 4737 3326 4822 sanguine
3367 4735 3738 4820 fugiamus?
3802 4736 3949 4803 Imo
3983 4758 4139 4804 vero
4175 4738 4451 4804 brevem
4497 4745 4653 4809 mi-

2664 4842 2848 4888 serae
2883 4824 3082 4888 huius
3118 4825 3292 4888 vitae
3326 4842 3594 4887 usuram
3631 4823 3835 4887 nimio
3873 4825 4312 4902 aestimamus,
4350 4826 4410 4891 si
4447 4832 4654 4896 tanti

2804 5132 2858 5198 1)
2896 5129 3136 5184 I’entens
3158 5129 3278 5183 bien
3318 5146 3377 5184 ce
3414 5129 3572 5198 qu’on
3612 5148 3646 5186 a
3680 5133 4026 5187 accoustume
4045 5131 4112 5186 de
4133 5132 4248 5186 dire
4270 5132 4368 5188 des
4391 5134 4652 5197 femmes

2662 5200 2920 5254 rebelles:
2969 5197 3097 5252 Elle
3131 5196 3271 5253 n’est
3316 5197 3592 5256 tellement
3639 5202 3932 5269 contraire,
3982 5216 4084 5269 que
4131 5199 4362 5270 i'espere
4417 5219 4543 5274 que
4597 5211 4652 5265 ie

2663 5266 2866 5338 Pam-ay
2899 5275 3107 5322 tantost
3142 5268 3380 5336 gaignee.
3457 5267 3548 5325 Sic
3584 5269 3784 5337 optime
3817 5271 4214 5336 imo-protatur
4257 5268 4490 5328 Gallus.
