4984 5975
369 356 445 419 17
513 438 522 447 ,
1920 353 2211 422 LIBER
2251 353 2307 421 Ι.

364 534 643 613 Ovidius
684 545 794 612 lib.
831 545 922 611 11.
959 566 1126 611 nove
1162 551 1229 610 et
1265 545 1598 634 licentiose
1634 544 1909 629 gloriam
1943 541 2308 610 discordem

362 652 483 717 pro
519 630 800 698 discreta
842 639 910 697 et
952 640 1253 716 separata
1291 631 1603 715 posuerit:
1903 655 1908 660 ·

599 737 830 857 &0¹3⁸
865 735 1105 803 seposita
1141 742 1227 789 est
1255 739 1317 788 et
1352 733 1421 788 ab
1459 732 1600 788 omni
1634 731 1799 787 milite
1836 732 2043 788 discors

533 874 965 974 Impotentcm]
1055 886 1311 954 Nonius
1399 886 1752 953 Marcellus
1838 886 2307 969 interpretatur

363 974 555 1041 valde
605 979 957 1057 potentem.
1057 972 1315 1039 Verum
1368 972 1492 1038 hoc
1545 992 1785 1037 nomen
1843 971 2044 1037 habet
2101 971 2305 1045 maic-

359 1082 503 1127 rem
558 1059 909 1144 energiam.
985 1058 1160 1135 ,Non
1205 1060 1384 1123 enim
1437 1065 1700 1123 tantum
1752 1058 2076 1142 significat
2117 1054 2309 1123 valde

359 1155 694 1230 potentem
711 1143 1042 1215 ‚Ciceroni
1083 1165 1286 1227 quum
1332 1143 1516 1210 dicit:
1576 1142 1689 1207 Nil
1705 1144 1763 1227 .¹)
1809 1148 2034 1226 agant,
2079 1142 2177 1207 nil
2224 1143 2307 1206 ti-

357 1240 607 1309 meant,
640 1229 737 1295 nil
770 1230 1250 1314 concupiscant,
1287 1229 1470 1295 nulla
1500 1229 1886 1311 impotentia.
1924 1229 2278 1293 efferantur
2288 1251 2306 1308 ;

360 1317 482 1384 sed
532 1314 1002 1400 praefidentem
1041 1312 1370 1399 quandam
1419 1312 1776 1381 audaciam.
1866 1314 2094 1380 Cicero
2138 1314 2306 1378 Tus-

359 1403 490 1470 cul.
525 1402 678 1468 IV.:
736 1400 1165 1467 Inflammant
1219 1400 1615 1484 appetitione
1649 1400 1871 1477 nimia,
1922 1420 2124 1482 quam
2164 1408 2307 1464 tum

360 1488 789 1572 cupiditatem
803 1538 820 1564 ,
878 1495 1022 1563 tum
1076 1484 1417 1552 libidinem
1467 1485 1778 1563 dicimus,
1845 1484 2306 1568 impotentiam

360 1573 696 1658 quandam
739 1572 942 1637 animi
986 1594 1026 1637 a
1082 1571 1517 1655 temperantia
1561 1579 1627 1637 et
1668 1570 2117 1636 moderatione
2160 1570 2306 1654 plu-

360 1661 608 1725 rimum
662 1657 1101 1733 dissidentem.
1185 1657 1429 1723 Graeci
1472 1655 1788 1743 ἀκράτειαν
1834 1663 2083 1725 vocant.
2162 1656 2306 1742 H07

359 1746 570 1812 ratius
613 1743 1002 1810 Oarminum
1045 1743 1134 1808 I.:

1213 1843 1541 1913 Quidhbeffl)
1577 1845 1843 1913 impotens

910 1912 1140 2036 {zeli-gre
1175 1912 1499 1983 fortunaque
1537 1912 1680 1985 dulci

535 2084 617 2149 In
670 2106 855 2150 suam
908 2086 1256 2165 perniciem
1310 2082 1795 2171 exsultaturam]
1867 2084 1995 2150 Vel
2052 2085 2307 2151 saevire

359 2171 715 2257 significat,
761 2168 1309 2253 quemadmodum
1352 2169 1516 2236 illud
1558 2169 1889 2235 Ciceronis
1933 2169 2041 2235 lib.
2087 2169 2176 2235 Π.
2225 2169 2306 2236 de

358 2254 748 2341 Republica:
807 2247 994 2337 Quae
1038 2257 1356 2341 sanguine
1400 2256 1623 2335 alitur,
1678 2276 1969 2338 quaeque
2013 2255 2086 2318 in
2128 2256 2306 2320 omni

361 2341 749 2410 crudelitate
804 2343 896 2407 sic
956 2342 1268 2419 exsultat,
1342 2348 1416 2406 ut
1473 2342 1587 2407 vix
1646 2341 1988 2421 hominum
2058 2342 2305 2407 acerbis

359 2427 699 2495 funeribus
763 2428 1055 2493 satietur.
1143 2427 1272 2493 Vel
1336 2448 1536 2509 supra
1600 2424 1869 2491 modum
1924 2425 2184 2491 exsilire
2241 2436 2308 2492 et

359 2514 602 2581 efferri.
671 2513 899 2581 Cicero
944 2510 1025 2577 de
1064 2513 1260 2596 Rep.:
1306 2513 1432 2578 Est
1457 2513 1675 2597 ‘igitur
1717 2511 2041 2594 quoddam
2076 2512 2306 2587 turbu-

358 2599 616 2666 lentum
679 2599 749 2664 in
813 2598 1188 2664 hominibus
1253 2597 1559 2682 singulis,
1625 2597 1799 2680 quod
1855 2597 1959 2665 vel
2016 2599 2306 2664 exsultat

358 2686 724 2768 voluptate,
777 2683 886 2761 vel
927 2684 1229 2751 molestia
1269 2685 1611 2768 frangitur.
1697 2683 2058 2767 Utriusque
2103 2684 2304 2769 signi-

355 2771 683 2838 ficationis
719 2775 909 2835 autor
941 2769 1197 2836 Nonius
1230 2769 1617 2835 Marcellus:
1664 2768 1779 2835 sed
1815 2771 2130 2854 posterior
2165 2792 2304 2835 ma-

354 2859 459 2942 gis
508 2857 837 2924 convenit:
882 2856 1035 2939 quia
1076 2855 1320 2922 scilicet
1363 2854 1542 2939 plebs
1583 2856 1905 2939 imperita,
1945 2875 2110 2939 quae
2154 2856 2304 2921 nul-

353 2943 502 3009 lum
544 2942 743 3009 habet
782 2940 1052 3008 modum
1091 2940 1427 3019 libertatis,
1474 2942 1695 3007 statim
1741 2943 1940 3007 vertit
1991 2942 2061 3006 in
2102 2941 2302 3007 licen-

356 3032 551 3095 tiam:
608 3028 801 3112 idque
855 3028 925 3092 in
984 3049 1171 3093 suam
1226 3028 1607 3111 perniciem:
1662 3035 1739 3091 ut
1793 3027 2032 3111 vulgus
2089 3048 2302 3092 roma-

355 3137 526 3180 num
595 3115 852 3198 saepius
914 3114 1243 3179 intestinis
1309 3113 1646 3179 discordiis
1695 3114 2046 3196 imPerium
2110 3134 2303 3178 suum

351 3221 571 3285 paene
612 3199 1048 3265 labefactavit:
1095 3207 1286 3282 atque
1329 3199 1525 3263 etiam
1571 3200 1644 3262 in
1687 3197 2302 3279 exitium-alienum,

353 3287 520 3372 quia
571 3286 688 3352 vix
739 3292 844 3350 est
900 3292 978 3349 ut
1034 3284 1324 3351 cohiberi
1385 3285 1589 3368 possit
1640 3285 1875 3350 insana
1929 3283 2300 3365 multitudo,

352 3373 472 3438 ubi
531 3371 731 3436 semel
785 3370 868 3435 ad
922 3390 1107 3436 arma
1159 3378 1434 3435 ventum
1490 3379 1604 3435 est.
1693 3370 1928 3436 Livius
1981 3369 2091 3435 lib.
2145 3370 2299 3436 IV.:

349 3457 547 3524 Haec
590 3465 826 3522 natura
867 3454 1309 3544 multitudinis
1351 3464 1451 3521 est
1464 3506 1482 3535 ,
1544 3462 1660 3521 aut
1702 3456 1905 3522 servit
1948 3455 2300 3536 humiliter,

347 3552 474 3611 aut
519 3542 796 3626 superbe
842 3542 1241 3610 dominatur:
1285 3541 1672 3621 libertatem,
1717 3562 1882 3624 quae
1926 3541 2141 3606 media
2182 3551 2300 3622 est,

347 3649 482 3696 nec
539 3649 851 3712 spernere
903 3627 1180 3707 modice,
1235 3646 1355 3692 nec
1412 3627 1652 3692 habere
1708 3628 1938 3694 sciunt.
2030 3625 2306 3693 Curtius

344 3715 466 3780 lib.
518 3715 635 3780 X.:
693 3712 972 3779 Nullum
1028 3712 1424 3796 profundum
1474 3733 1684 3791 mare,
1741 3712 1996 3778 nullum
2040 3721 2301 3779 vastum

341 3802 604 3868 fretum
657 3807 724 3864 ct
786 3798 1217 3883 procellosum
1257 3804 1476 3863 tantos
1531 3799 1659 3863 ciet
1700 3800 1967 3878 fluctus,
2024 3807 2302 3881 quantos

343 3884 712 3952 multitudo
754 3892 972 3949 motus
1015 3884 1230 3962 habet,
1275 3884 1500 3966 utique
1544 3885 1600 3949 si
1643 3906 1813 3949 nova
1854 3895 1921 3949 et
1953 3884 2136 3949 brevi
2179 3882 2301 3948 du-

346 3981 588 4038 ratura
609 3970 910 4035 libertate
935 3969 1242 4035 luxuriat.
1291 3970 1527 4035 Livius
1547 3969 1656 4035 lib.
1683 3969 2043 4036 XXXIV:
2092 3967 2301 4051 Quin-

341 4059 489 4123 tius
535 4055 821 4122 Achaeis
863 4054 1112 4134 suadet,
1156 4054 1456 4120 libertate
1499 4055 1746 4124 modice
1789 4062 2089 4119 utantur:
2135 4062 2300 4120 tem-

341 4149 660 4232 peratam
716 4161 896 4219 em,
955 4140 1283 4205 salubrem
1340 4140 1433 4206 eis
1477 4147 1545 4205 et
1597 4140 1873 4225 singulis
1928 4139 2302 4207 civitatibus

341 4250 539 4308 esse;
592 4227 899 4305 nimiam,
959 4235 1027 4291 et
1071 4226 1214 4292 aliis
1259 4247 1556 4310 gravem,
1613 4234 1680 4292 et
1719 4227 1800 4293 iis
1842 4227 1956 4310 qui
1998 4225 2300 4305 habeant,

337 4314 580 4399 praeci
623 4313 783 4378 item
825 4322 892 4377 et
924 4312 1307 4376 effrenatam
1350 4333 1507 4378 esse.

636 4419 672 4465 ο
723 4418 802 4464 ex
843 4396 1178 4484 omnibus}
1214 4398 1716 4482 Prosopopoeia,
1772 4418 1902 4480 qua
1943 4418 2163 4463 secum
2205 4398 2302 4463 lo-

385 4488 461 4551 ui
513 4485 874 4568 imperator
915 4483 1203 4567 fingitur,
1250 4493 1317 4548 et
1349 4484 1535 4566 quasi
1575 4484 1648 4548 in
1682 4503 1756 4550 co
1806 4483 2141 4548 'tationem
2182 4484 2296 4550 ire.

333 4508 484 4638 {tic
551 4581 650 4636 est
692 4569 1122 4636 conscientiae
1165 4569 1444 4648 fructus,
1500 4589 1697 4652 quem
1743 4568 1756 4582 '
1817 4569 1830 4583 ‘
1881 4573 2029 4649 [pag.
2067 4573 2133 4648 6]
2179 4569 2302 4636 Se-

334 4679 524 4724 neca
579 4655 1002 4739 promittebat
1054 4653 1111 4718 si
1152 4655 1225 4719 in
1268 4675 1338 4720 se
1392 4653 1839 4734 descenderet,
1897 4661 1965 4720 et
2018 4664 2303 4721 mentem

335 4742 527 4810 bene
586 4741 1011 4825 compositam
1062 4741 1428 4825 respiceret.
1518 4741 1611 4805 Et
1664 4740 1824 4807 haec
1866 4740 2015 4824 plus
2059 4740 2304 4807 habent

331 4829 616 4915 gratiae
655 4848 773 4911 per
814 4827 1142 4892 fictionem
1183 4846 1516 4910 personae,
1606 4848 1758 4892 uam
1800 4826 1858 4892 si
1901 4847 1984 4891 ex
2025 4846 2305 4910 persona

331 4912 614 4982 autoris
642 4912 1164 4995 conciperentur:
1210 4919 1288 4977 ut
1329 4911 1515 4979 docet
1612 4912 1993 4978 uintilianus
2028 4912 2135 4979 lib.
2173 4912 2298 4978 IX.

483 5205 560 5270 1)
604 5201 1088 5259 Eunoen-tiores
1120 5218 1328 5259 omncs.-
1364 5161 1490 5260 nori.
1525 5183 1530 5190 ’
1645 5203 1705 5269 2)
1749 5204 1857 5260 Ed.
1882 5204 2088 5261 Anum:
2120 5219 2303 5274 quam·

325 5277 497 5332 libet·
573 5354 794 5412 Calvisi
819 5372 1003 5426 opem.
1085 5357 1193 5412 Vol.
1240 5357 1299 5412 V.

2393 353 2699 422 CAPUT
2739 354 2795 421 I.
4278 361 4360 425 18

2409 540 2658 607 Valent
2699 542 2874 607 enim
2917 542 3001 608 ad
3043 543 3353 609 lectorem
3397 544 3836 624 excitandum,
3884 546 3966 612 ad
4000 548 4357 616 movendos

2408 627 2710 708 affectus,
2786 627 2876 693 ad
2941 630 3299 695 orationem
3365 629 3767 697 variandam.
3881 630 4166 713 Quidam
4230 634 4352 702 hoc

2409 713 2676 778 schema
2727 734 2859 781 non
2914 715 3447 798 prosopopoeiam
3500 728 3768 796 vocant,
3825 717 3940 783 sed
3999 717 4353 796 ἠθοποιΐαν,
4467 746 4479 771 =

2408 798 2581 881 quod
2624 798 2739 863 illa
2779 820 3087 882 personas
3130 802 3343 885 fingat
3381 821 3548 884 quae
3591 823 3919 885 nusquam
3962 814 4143 884 sunt,
4191 805 4351 872 haec

2409 885 2604 950 certis
2650 885 2946 968 personis
2989 884 3188 952 verba
3240 887 3700 953 accommodat.
3792 888 3962 953 Vide
4007 910 4351 956 romanum

2410 969 2738 1053 Aquilam.
2805 970 2991 1036 Haec
3025 978 3246 1038 autem
3279 973 3484 1039 oratio
3520 994 3602 1038 ex
3639 974 3943 1056 opinione
3978 972 4349 1041 Stoicorum

2411 1054 2680 1138 pendet,
2737 1057 2850 1139 qui
2902 1054 3029 1122 diis
3082 1077 3305 1123 rerum
3349 1058 3786 1124 humanarum
3828 1062 4350 1142 procurationem

2409 1140 2744 1221 tribuunt,
2804 1142 3288 1225 providentiam
3329 1155 3661 1223 asserunt,
3707 1145 3874 1211 nihil
3916 1146 4210 1213 fortunae
4252 1154 4349 1212 te-

2409 1227 2699 1291 meritati
2742 1227 3136 1311 relinquunt.
3221 1230 3529 1312 Epicurei
3572 1231 3833 1295 tametsi
3877 1230 4030 1296 deos
4067 1253 4217 1305 non,
4233 1238 4348 1298 ne·
4410 1236 4421 1243 ’

2410 1319 2589 1396 gant,
2623 1320 2710 1392 at,
2746 1312 2918 1396 quod
2948 1314 3319 1398 proximum
3353 1323 3470 1394 est,
3507 1316 3902 1399 voluptarios
3938 1319 4153 1383 nescio
4187 1338 4349 1401 quos

2410 1398 2753 1477 somniant,
2800 1397 3070 1477 otiosos,
3113 1399 3415 1465 mortalia
3467 1421 3598 1467 non
3659 1410 3997 1481 curantes,
4056 1423 4138 1468 ne
4192 1403 4350 1487 quid

2410 1481 2857 1566 voluptatibus
2913 1484 3048 1550 suis
3105 1483 3402 1564 decedat,
3459 1506 3788 1569 pronoean
3834 1485 4207 1554 Stoicorum
4260 1490 4348 1554 ri-

2411 1568 2597 1647 dent,
2657 1570 2841 1651 quasi
2895 1590 3095 1634 anum
3142 1571 3487 1636 fatidicam.
3585 1570 3829 1638 Omnia
3882 1574 4148 1639 fortuito
4192 1596 4348 1640 casu

2410 1653 2792 1737 contingere
2842 1662 3090 1738 putant.
3195 1655 3330 1737 Qui
3381 1676 3537 1723 vero
3589 1678 3661 1722 se
3715 1657 3989 1723 deorum
4033 1660 4350 1726 vicarium

2408 1741 2772 1822 profitetur,
2819 1741 2874 1806 is
2917 1741 3232 1806 nimirum
3275 1743 3517 1808 fatetur
3565 1741 3717 1809 deos
3774 1743 4082 1829 humanis
4126 1766 4349 1812 neces-

2408 1823 2713 1891 sitatibus
2784 1824 3144 1908 providere.
3257 1826 3699 1908 Quamobrem
3774 1838 3946 1895 recte
4020 1831 4349 1897 Homerus

2407 1912 2705 1993 βασιλῆας
2775 1909 3101 1996 διοτρεφεῖς
3157 1934 3238 1997 ap
3322 1913 3466 1993 llat,
3540 1913 3661 1979 hoc
3711 1922 3811 1980 est
3859 1937 4046 2000 reges
4100 1938 4140 1982 a
4191 1917 4348 1982 Iove
4462 1988 4477 1999 ,

2411 1997 2730 2075 nutritos,
2787 2008 2855 2062 et
2895 1997 3138 2064 Iliados
3291 2048 3305 2064 .
3352 1999 3917 2082 Agamemnonem
3963 2022 4001 2065 a
4046 2001 4201 2068 Iove
4243 2024 4348 2068 re-

2410 2102 2561 2164 gem
2603 2083 3033 2149 constitutum
3076 2084 3316 2150 scribit.
3396 2084 3460 2148 N
3463 2105 3536 2151 ec
3578 2085 3798 2150 minus
3842 2087 4177 2171 eleganter
4210 2088 4349 2154 Pli-

2409 2167 2563 2231 nius
2626 2168 2697 2232 in
2763 2169 3204 2253 Panegyrico:
3284 2170 3472 2235 Talia
3533 2190 3676 2236 esse
3732 2172 4119 2238 crediderim
4182 2194 4348 2257 quae

2408 2252 2551 2334 ipse
2603 2253 2834 2318 mundi
2887 2275 3125 2338 parens
3177 2262 3501 2339 temperat
3551 2252 3751 2335 nutu,
3798 2259 3853 2323 si
3897 2259 4155 2341 quando
4197 2266 4375 2325 ocu-'

2409 2337 2507 2404 los
2550 2337 2811 2404 demisit
2865 2340 2934 2404 in
2979 2346 3216 2417 terras,
3278 2348 3345 2405 et
3402 2342 3571 2409 facta
3613 2343 3991 2409 mortalium
4035 2344 4208 2413 inte'r
4250 2345 4349 2409 di-

2409 2423 2567 2489 vina
2623 2443 2819 2507 opera
2885 2422 3231 2491 numerare
3296 2426 3604 2510 dignatus
3669 2436 3794 2494 est:
3873 2430 4106 2511 quibus
4171 2451 4348 2497 nunc

2406 2528 2526 2591 per
2578 2516 2644 2573 te
2697 2509 2861 2575 liber
2917 2511 3321 2597 solutusque,
3383 2512 3560 2579 coelo
3602 2519 3861 2579 tantum
3908 2522 4123 2593 vacat,
4171 2524 4349 2599 post-

2408 2615 2605 2677 quam
2648 2602 2714 2660 te
2759 2594 2951 2677 dedit,
2997 2597 3108 2680 qui
3152 2617 3310 2682 erga
3352 2619 3542 2679 omne
3586 2599 3930 2664 hominum
3964 2621 4171 2684 genus
4206 2601 4348 2667 vice

2408 2700 2530 2745 sua
2570 2680 2934 2766 fungereris
2977 2691 3095 2748 etc.
3184 2683 3413 2767 Itaque
3458 2704 3612 2750 vere
3656 2687 3799 2767 quis
3844 2685 4100 2766 dixerit,
4138 2692 4213 2751 ut
4252 2686 4348 2750 ait

2406 2765 2806 2833 Plutarchus
2861 2765 2941 2833 de
2996 2767 3294 2834 doctrina
3335 2769 3703 2854 principum
3717 2823 3733 2850 ,
3787 2772 4113 2855 principes
4155 2772 4346 2836 mini-

2409 2857 2580 2918 stros
2625 2873 2766 2918 esse
2812 2851 2944 2933 dei,
3002 2853 3087 2919 ad
3130 2854 3408 2919 salutem
3448 2862 3514 2920 et
3555 2877 3782 2922 curam
3825 2856 4193 2922 hominum:
4248 2857 4348 2921 uti
4399 2886 4405 2895 ·

2405 2937 2577 3003 bona
2632 2958 2796 3022 quae
2852 2938 3010 3006 deus
3064 2939 3195 3006 illis
3258 2940 3596 3025 largitur,.
3633 2943 3876 3026 partim
3933 2940 4344 3021 distribuant,

2402 3025 2650 3107 partim
2693 3034 2971 3092 servent.
3061 3025 3187 3093 Oui
3226 3028 3550 3093 consentit
3588 3048 3974 3112 responsum
4009 3028 4171 3094 illud
4206 3029 4347 3095 Nu-

2408 3131 2553 3176 mae
2615 3111 2925 3194 Pompilii
2942 3164 2960 3193 ,
3018 3133 3297 3196 regnum
3350 3134 3493 3178 esse
3552 3112 3819 3180 deorum
3889 3114 4344 3180 ministerium.

2406 3196 2500 3260 Et
2542 3195 2719 3261 aliud
2776 3198 2933 3261 item
2976 3198 3300 3263 Artabani
3343 3197 3520 3283 apud
3568 3197 3847 3265 eundem
3888 3200 4345 3279 Plutarchum,

2409 3303 2596 3365 reges
2610 3332 2626 3360 ,
2684 3283 3032 3349 simulacra
3075 3282 3180 3348 dei
3221 3286 3442 3350 omnia
3496 3287 3835 3352 servantis.
3924 3285 4077 3350 Non
4122 3285 4235 3351 abs
4276 3307 4348 3350 re
4387 3342 4394 3348 .

2405 3368 2619 3456 igitur
2652 3367 2846 3433 Plato
2901 3369 2971 3433 in
3016 3368 3266 3453 Gorgia
3319 3370 3475 3436 facit
3526 3370 3722 3437 deum
3763 3368 4088 3455 quendam
4140 3372 4345 3454 impe-

2406 3459 2692 3519 ratorem
2730 3454 2985 3537 generis
3029 3454 3322 3535 humani,
3372 3457 3497 3522 assi
3635 3462 3816 3522 ntem
3859 3478 4050 3522 suum
4093 3456 4345 3522 unicui-

2405 3560 2530 3622 que
2582 3538 2655 3603 in
2707 3539 2984 3606 statione
3044 3540 3169 3607 hac
3212 3547 3281 3606 et
3331 3541 3565 3607 militia
3640 3563 3843 3608 ocum.
3904 3540 4155 3623 xQuam
4196 3562 4345 3606 sen-

2407 3625 2684 3691 tentiam
2723 3625 2993 3692 Persius
3036 3647 3120 3691 ex
3160 3626 3437 3692 Platone
3480 3628 3844 3693 transtulit:

2646 3719 2659 3734 ’
3156 3728 3326 3796 Quem
3363 3736 3416 3785 te
3454 3730 3587 3785 deus
3624 3746 3745 3786 esse

2644 3795 2823 3865 Iussit,
2860 3804 2915 3851 et
2948 3797 3184 3852 humana
3218 3815 3325 3867 qua
3361 3805 3516 3867 parte
3552 3799 3762 3853 locatus
3800 3813 3865 3852 es
3894 3797 3947 3849 in
3982 3812 4059 3849 re.

2404 3884 2531 3948 Est
2573 3882 2770 3947 etiam
2812 3882 2929 3948 illa
2972 3884 3287 3950 confessio
3332 3883 3666 3968 religionis
3705 3889 3986 3962 nostrae,
4034 3900 4168 3946 non
4203 3902 4346 3947 esse

2403 3975 2798 4053 potestatem
2854 3969 2983 4036 nisi
3027 3991 3067 4035 a
3108 3968 3285 4049 Deo,
3345 3977 3411 4034 et
3452 3990 3620 4052 quae
3664 3976 3847 4047 sunt,
3895 3989 3935 4032 a
3980 3968 4126 4032 Deo
4171 3966 4346 4032 ordi·

2405 4062 2593 4120 natas
2637 4075 2796 4134 esse,
2842 4054 2926 4119 ad
2968 4055 3159 4120 Rom.
3204 4053 3400 4120 XIH.
3914 4121 3915 4126 ,

2592 4139 2772 4204 Vitae
2813 4141 3097 4222 necisque
3138 4140 3398 4228 arbiter]
3446 4141 3577 4206 Pro
3619 4138 3862 4204 eodem.
3931 4137 4202 4204 Curtius
4234 4137 4342 4203 lib.

2405 4226 2557 4292 IV.:
2604 4223 2828 4307 Quum
2871 4227 2944 4290 in
2996 4227 3203 4311 regali
3254 4226 3413 4294 solio
3471 4222 3780 4291 residebis
3823 4226 3999 4291 vitae
4041 4224 4346 4307 necisque

2404 4311 2697 4377 omnium
2728 4312 2967 4377 civium
2994 4312 3313 4392 dominus,
3353 4331 3508 4377 cave
3545 4306 3945 4377 obliviscaris
3982 4310 4177 4375 huius
4214 4315 4346 4376 sta-

2404 4407 2532 4477 tus,
2571 4398 2645 4461 in
2686 4418 2813 4480 quo
2855 4399 3091 4482 accipis
3126 4405 3436 4483 regnum:
3510 4397 3602 4461 Et
3645 4394 3898 4462 Seneca
3931 4397 4002 4460 in
4037 4395 4345 4480 Thyeste,

2765 4499 2885 4622 {12⁸
2893 4501 3330 4636 diffidam}
3355 4500 3937 4636 ffissssiffleviiarffe

2406 4660 2554 4734 [pag.
2595 4658 2660 4733 7]
2701 4651 2900 4734 Quod
2944 4655 3122 4718 enim
3166 4653 3335 4719 alter
3378 4652 3759 4730 dominium,
3806 4652 3972 4717 alter
4016 4652 4116 4716 ius
4158 4672 4344 4736 mag-

2405 4761 2587 4819 num,
2632 4736 2887 4804 Seneca
2929 4740 3036 4806 hic
3082 4738 3420 4804 arbitrium
3466 4747 3671 4816 vocat,
3717 4737 3789 4814 id
3829 4744 3931 4803 est
3972 4737 4233 4821 plenam
4278 4744 4346 4802 et

2401 4826 2679 4891 liberam
2720 4832 3107 4907 potestatem
3147 4824 3289 4890 sine
3331 4826 3818 4907 provocatione:
3863 4831 3939 4889 ut
3975 4824 4176 4889 etiam
4209 4832 4342 4886 tm—
4432 4881 4441 4896 ,

2408 4911 2509 4976 dit
2549 4909 2905 4993 Pompeius
2946 4910 3205 4977 Festus.

2578 4995 2663 5060 In
2704 5016 2897 5061 manu
2950 5015 3090 5060 mea
3129 4996 3409 5078 positum
3450 5002 3541 5061 est
3628 4994 3744 5062 Sic
3788 4994 4049 5061 Coelius
4102 4991 4187 5057 ad
4226 4992 4340 5060 Oi·

2406 5103 2711 5150 ceronem
2766 5081 2931 5146 libro
2976 5080 3167 5146 VIII.
3212 5082 3453 5165 Epist:
3578 5102 3732 5146 uam
3775 5080 3940 5147 velis
3983 5099 4135 5144 eum
4176 5078 4339 5145 obli-

2408 5189 2589 5254 gare,
2647 5168 2718 5232 in
2777 5189 2980 5233 manu
3032 5175 3149 5233 tua
3198 5174 3314 5234 est.
3423 5165 3601 5248 Quid
3654 5167 3710 5232 si
3809 5165 3822 5179 '
3876 5171 3980 5231 cet
4030 5164 4191 5229 haec
4242 5163 4336 5227 lo-

2405 5254 2660 5338 quutio,
2714 5252 2984 5337 pulchre
3037 5253 3325 5320 declarat
3375 5252 3602 5320 Cicero
3646 5251 3706 5318 0
3781 5272 3833 5317 c.
3876 5249 3929 5314 I.
3987 5249 4172 5331 quasi
4220 5268 4337 5331 per
