4984 5975
318 317 440 382 397

314 523 566 572 eversa.
634 502 898 589 Dogma
938 505 1093 587 ergo
1134 500 1347 580 istud,
1393 500 1569 584 quod
1624 502 1693 564 in
1735 500 2055 585 religione
2098 495 2274 564 s'um-

321 612 506 655 mum
549 597 721 667 erat,
768 589 1044 654 dicimus
1099 589 1302 653 fuisse
1346 608 1385 650 a
1429 587 1611 654 vobis
1645 587 1893 651 nefarie
1937 607 2021 650 ex
2065 584 2275 650 homi-

320 698 484 742 num
543 675 859 741 memoria
913 672 1221 740 deletum.
1270 673 1663 753 .Perspicua
1722 672 1863 737 eius
1902 673 1997 735 rei
2041 671 2277 754 proba-

320 763 501 827 tione
520 762 745 826 referti
773 769 929 825 sunt
954 759 1106 825 libri
1132 759 1357 824 nostri.
1404 758 1499 822 Et
1520 779 1742 824 crassa
1755 758 1896 822 eius
1932 757 2274 840 ignoratio,

318 868 487 930 quae
540 848 609 911 in
664 846 898 913 vestris
943 844 1248 922 omnibus
1292 843 1582 909 ecclesiis
1625 843 1989 908 etiamnum
2032 851 2274 920 manet,

320 942 622 1008 testatur,
667 954 786 997 nos
828 951 1237 1013 nequaquam
1261 930 1425 994 falso
1453 928 1656 1011 queri.
1726 930 1822 995 At
1852 936 1927 993 tu
1961 949 2276 1012 perquam

316 1018 609 1101 maligne
646 1018 753 1083 hic
791 1014 1113 1082 invidiam
1153 1015 1340 1080 nobis
1387 1016 1613 1080 facies:
1665 1014 1837 1098 quod
1868 1015 2020 1080 fidei
2056 1014 2276 1078 omnia

321 1102 687 1182 deferende,
724 1102 987 1167 nullum
1020 1101 1325 1183 operibus
1363 1100 1578 1166 locum
1618 1099 2083 1186 relinquamus.
2142 1100 2275 1164 Hic

319 1211 451 1254 non
477 1187 810 1272 ingrediar
843 1189 1081 1253 iustam
1119 1186 1649 1269 disputationem,
1689 1206 1854 1269 quae
1887 1208 2024 1251 non
2059 1192 2278 1268 posset

316 1275 446 1341 nisi
479 1274 677 1358 longo
712 1272 1045 1340 volumine
1082 1272 1446 1338 terminari:
1487 1272 1598 1337 sed
1637 1273 1813 1337 enim
1857 1273 1912 1337 si
1935 1271 2275 1337 Catechis-

314 1382 504 1425 mum
540 1360 915 1443 inspiceres,
954 1380 1145 1441 quem
1183 1357 1686 1423 Genevensibus
1721 1358 1860 1439 ipse
1895 1357 2273 1439 conscripsi,

316 1467 526 1529 quum
569 1447 849 1529 pastoris
893 1442 1067 1527 apud
1123 1466 1233 1508 eos
1278 1443 1670 1507 sustinerem
1709 1465 2059 1526 personam
2076 1495 2093 1521 ,
2153 1444 2273 1506 tri-

316 1532 442 1598 bus
483 1531 705 1596 verbis
742 1532 954 1596 victus
995 1527 1489 1594 obmutesceres.
1558 1530 1865 1595 Breviter
1907 1537 2130 1612 tamen
2165 1528 2275 1592 hic

314 1619 439 1686 tibi
496 1615 871 1699 expediam,
917 1637 1043 1698 quo
1097 1612 1289 1679 modo
1334 1634 1412 1678 ea
1454 1613 1534 1678 de
1580 1637 1649 1679 re
1694 1615 2054 1697 loquamur.
2122 1614 2272 1679 Pri-

312 1725 522 1780 mum,
558 1703 862 1767 iubemus
898 1701 1237 1780 hominem
1264 1722 1304 1764 a
1339 1701 1443 1764 sui
1478 1702 1920 1784 recognitione
1964 1701 2270 1783 incipere,

310 1799 384 1854 et
427 1789 540 1854 illa
574 1786 838 1870 quidem
875 1808 1008 1851 non
1050 1786 1182 1851 levi
1228 1807 1348 1851 nec
1390 1786 1807 1862 defunctoria,
1854 1784 1969 1852 sed
2010 1797 2088 1851 ut
2121 1807 2272 1851 con-

310 1876 660 1941 scientiam
704 1894 925 1939 coram
950 1872 1077 1936 Dei
1118 1869 1435 1935 tribunali
1461 1892 1650 1936 suam
1695 1873 1908 1937 sistat:
1959 1882 2026 1936 et
2070 1893 2273 1954 quum

309 1981 475 2026 suae
528 1960 889 2041 iniquitatis
942 1959 1102 2022 satis
1148 1957 1487 2023 convictus
1541 1957 1767 2035 fuerit,
1811 1958 2006 2022 simul
2048 1957 2275 2023 iudicii

306 2046 493 2110 illius
536 2046 957 2111 severitatem
999 2049 1279 2125 reputet,
1324 2042 1494 2124 quod
1538 2044 1606 2107 in
1650 2064 1878 2108 omnes
1906 2053 2275 2124 peccatores

305 2131 626 2197 edicitur:
670 2130 765 2193 ita
806 2130 1070 2194 miseria
1113 2148 1231 2193 sua
1274 2129 1582 2193 confusus
1636 2150 1711 2194 ac
1754 2129 2120 2211 perculsus,
2167 2148 2273 2193 co-

304 2237 461 2281 ram
499 2217 645 2281 Deo
690 2221 1170 2296 prosternatur,
1218 2222 1284 2276 et
1340 2213 1752 2277 humilietur:
1799 2214 2049 2278 abiecta
2093 2214 2273 2277 omni

303 2303 419 2368 sui
476 2300 715 2365 fiducia
772 2309 1085 2381 tanquam
1129 2298 1363 2362 ultimo
1418 2295 1631 2362 exitio'
1664 2304 1780 2377 [sol.
1829 2305 1934 2376 291
1981 2298 2273 2382 perditus

304 2386 723 2471 ingemiscat.
793 2386 964 2449 Tum
1003 2385 1273 2449 unicum
1309 2383 1538 2449 salutis
1574 2394 1835 2466 portum
1871 2405 2013 2449 esse
2050 2393 2271 2450 osten-

306 2473 540 2537 dimus
598 2473 667 2535 in
720 2471 848 2534 Dei
894 2468 1363 2546 misericordia,
1414 2489 1580 2550 quae
1639 2470 1826 2535 nobis
1878 2471 1949 2534 in
2004 2469 2272 2537 Christo

307 2557 699 2622 exhibetur:
748 2557 901 2638 quia
946 2575 1172 2619 omnes
1229 2554 1459 2619 salutis
1514 2564 1777 2620 nostrae
1820 2563 2041 2638 partes
2081 2556 2154 2629 in
2197 2577 2272 2620 eo

307 2650 473 2709 sunt
515 2640 926 2725 adimpletae.
997 2639 1223 2720 Quum
1258 2660 1413 2722 ergo
1449 2641 1740 2705 universi
1777 2642 2086 2706 mortales
2123 2663 2270 2723 per-

307 2729 433 2793 diti
480 2735 640 2793 sunt
681 2747 900 2792 coram
944 2726 1090 2791 Deo
1146 2735 1546 2807 peccatores,
1603 2726 1879 2791 dicimus
1923 2726 2271 2792 Christum

302 2814 577 2882 unicam
613 2833 755 2877 esse
788 2812 1137 2877 iustitiam:
1187 2808 1485 2893 quandoq
1496 2811 1710 2876 uidem
1744 2811 2116 2877 obedientia
2149 2835 2273 2896 sua

309 2899 873 2982 transgressiones
918 2907 1174 2963 nostras
1222 2895 1525 2974 abolevit,
1572 2898 1885 2963 sacrificio
1927 2898 2097 2963 iram
2142 2899 2269 2963 Dei

307 2985 634 3069 placavit,
693 2984 1015 3068 sanguine
1070 2982 1363 3048 maculas
1423 2981 1758 3061 abstersit,
1817 3006 2009 3050 cruce
2065 2984 2267 3050 male-

307 3072 693 3137 dictionem.
714 3079 1005 3136 nostram
1048 3069 1389 3145 sustinuit,
1427 3078 1636 3135 morte
1680 3089 1798 3152 pro
1841 3071 2029 3135 nobis
2074 3071 2267 3136 satis-

304 3158 482 3223 fecit.
551 3157 633 3221 In
679 3156 855 3222 hunc
898 3176 1054 3239 ergo
1092 3154 1357 3219 modum
1405 3154 1681 3221 dicimus
1739 3156 2073 3221 hominem
2118 3155 2267 3221 Deo

304 3243 485 3326 patri
526 3243 597 3306 in
642 3240 906 3307 Christo
950 3240 1369 3317 reconciliari,
1414 3241 1596 3305 nullo
1633 3263 1752 3306 suo
1787 3243 2041 3320 meritc,
2082 3242 2268 3307 nulla

304 3350 586 3413 operum
644 3325 1049 3411 dignatione,
1094 3324 1207 3391 sed
1348 3327 1555 3390 atuita
1603 3326 1964 3391 clementia.
2036 3326 2267 3407 Quum

305 3424 537 3481 autem
576 3411 706 3478 fide
750 3411 1219 3496 amplectamur
1319 3411 1622 3490 hristum,
1669 3419 1735 3476 et
1773 3413 1977 3476 veluti
2023 3413 2092 3477 in
2127 3414 2266 3477 eius

304 3499 841 3567 communionem
874 3499 1234 3574 veniamus,
1281 3498 1470 3576 hanc,
1517 3492 1879 3563 secundum
1904 3498 2265 3580 scripturae

302 3606 593 3663 morem,
650 3605 961 3651 vocamus
1023 3582 1175 3649 fidei
1242 3583 1575 3648 iustitiam.
1645 3581 1825 3663 Quid
1876 3583 1984 3649 hic
2041 3582 2261 3661 habes,

304 3671 483 3755 quod
538 3670 645 3737 vel
688 3670 1021 3747 mordeas,
1067 3668 1174 3736 vel
1216 3688 1479 3751 carpas,
1527 3667 1877 3735 Sadoletc‘?
1946 3669 2058 3733 An
2083 3670 2264 3760 ‘quia

303 3756 618 3841 operibus
660 3757 877 3822 locum
921 3755 1177 3821 nullum
1235 3753 1708 3836 relinquimus?
1776 3754 1973 3820 Certe
2028 3755 2103 3819 in
2146 3755 2263 3819 ho-

299 3845 490 3909 mine
544 3840 956 3907 iustificando
1013 3862 1332 3925 negamus
1354 3838 1481 3907 'vel
1525 3840 1729 3924 pilum
1776 3862 1983 3905 unum
2021 3839 2259 3907 valere.

299 3929 570 4011 Ubique
606 3929 782 3993 enim
827 3928 1151 4010 scriptura
1203 3926 1592 3991 vociferatur
1646 3947 1871 3991 omnes
1919 3948 2061 3992 esse
2115 3948 2264 4009 per-

301 4015 515 4091 ditos,
579 4022 646 4079 et
711 4035 830 4079 sua
880 4032 1207 4096 quemque
1270 4011 1667 4077 conscientia
1776 4012 2021 4078 raviter
2075 4033 2264 4078 accu-

301 4112 427 4167 sat.
475 4100 663 4166 Nihil
698 4100 836 4183 spei
872 4100 1197 4182 reliquum
1232 4118 1375 4163 esse
1421 4096 1606 4164 docet
1648 4119 1723 4163 ea
1772 4120 1876 4163 em
1918 4098 2262 4181 scriptura,

299 4188 437 4254 nisi
485 4188 557 4253 in
600 4185 740 4252 sola
782 4184 913 4250 Dei
966 4185 1287 4262 bonitate,
1332 4204 1461 4265 qua
1504 4194 1770 4267 peccata
1812 4183 2001 4249 nobis
2044 4185 2264 4266 ignos-

300 4282 572 4349 cuntur,
618 4271 868 4337 iustitia
904 4273 1284 4355 imputatur.
1352 4270 1722 4352 Utrumque
1757 4270 2122 4352 gratuitum
2158 4292 2263 4335 as-

300 4360 497 4425 serit:
545 4366 622 4423 ut
665 4356 929 4422 tandem
972 4355 1389 4445 pronunciet,
1434 4354 1699 4420 beat-um
1744 4376 1886 4420 esse
1924 4355 2262 4419 hominem

299 4445 454 4511 sine
516 4442 819 4527 operibus
875 4444 1096 4526 (Rom.
1140 4451 1201 4520 4,
1249 4446 1335 4525 7).
1418 4442 1511 4506 At
1566 4462 1760 4523 quam
1819 4440 2014 4505 aliam
2071 4442 2265 4505 affert

298 4531 503 4596 nobis
547 4534 879 4594 notionem
924 4549 1166 4593 nomen
1214 4528 1430 4610 ipsum
1475 4526 1792 4603 iustitiae,
1836 4526 1964 4591 nisi
2010 4547 2263 4608 respec-

301 4626 419 4683 tus
466 4615 552 4681 ad
598 4616 767 4680 bona
809 4635 1004 4697 opera
1056 4613 1421 4679 habeatur?
1464 4613 1629 4677 'Imo
1685 4612 1741 4676 si
1786 4612 2261 4678 animadverte-

302 4724 450 4781 res,
496 4701 654 4784 quid
697 4702 1025 4783 scriptura
1076 4721 1194 4782 per
1236 4701 1509 4764 verbum
1556 4695 1950 4762 iustificandi
2011 4698 2260 4781 signifi-

299 4794 445 4865 cet,
493 4789 563 4852 in
622 4808 697 4852 eo
754 4808 887 4850 non
929 4786 1307 4851 haesitares.
1367 4785 1518 4850 Non
1576 4785 1750 4849 enim
1806 4783 1887 4847 ad
1933 4784 2260 4865 propriam

298 4873 602 4939 hominis
630 4872 948 4937 iustitiam
967 4871 1185 4948 refert,
1211 4870 1323 4935 sed
1347 4870 1431 4935 ad
1467 4871 1593 4935 Dei
1628 4869 2060 4947 clementiam,
2097 4891 2262 4952 quae

296 4960 633 5025 iustitiam
678 4956 1017 5041 peccatori,
1064 4968 1291 5022 contra
1334 4978 1527 5039 quam
1574 4957 1661 5019 sit
1700 4956 2113 5037 promeritus,
2153 4977 2259 5021 ac-

298 5056 505 5129 cepto
559 5046 712 5121 fert,
748 5042 944 5126 idque
998 5042 1388 5107 iniustitiam
1442 5063 1572 5105 non
1632 5040 2032 5125 imputando,
2112 5038 2257 5120 Illa,

296 5132 620 5214 inquam,
677 5137 777 5195 est
828 5136 1051 5193 nostra
1116 5127 1393 5203 iustitia,
1447 5148 1612 5208 quae
1669 5149 1708 5192 a
1751 5127 1963 5192 Paulo
2019 5125 2259 5192 descri-

299 5218 527 5296 bitur,
573 5215 748 5298 quod
789 5216 975 5280 Deus
1021 5234 1141 5278 nos
1196 5211 1319 5278 sibi
1375 5213 1445 5275 in
1502 5210 1767 5278 Christo
1813 5212 2262 5279 reconciliavit

1694 313 1825 378 AD
1871 309 2344 378 SADOLETI
2385 272 2945 378 EPIs'ronAM.

4210 319 4336 380 398

2381 503 2450 584 (2
2489 500 2637 565 Cor.
2679 506 2738 576 5,
2782 500 2907 582 19).
2973 499 3214 566 Modus
3259 500 3491 566 deinde
3536 500 3906 580 subiicitur,
3951 524 4084 567 non
4119 503 4337 588 impu-

2345 586 2579 651 tando
2626 584 2878 652 delicta.
2946 586 3085 651 Nos
3128 585 3392 651 demum
3436 585 3564 651 fide
3607 588 3747 652 fieri
3804 588 3943 652 eius
3986 589 4138 653 boni
4183 612 4336 673 par-

2379 674 2608 754 ticipes
2648 672 3087 748 demonstrat,
3132 694 3337 754 quum
3383 673 3557 752 dicit,
3602 673 3741 737 eius
3790 674 4337 742 reconciliationis

2380 758 2820 823 ministerium
2891 758 3235 841 evangelio
3311 758 3648 824 contineri.
3718 760 3815 824 At
3877 759 4166 842 amplum
4234 769 4338 827 est
4391 811 4415 834 .

2381 843 2768 908 vocabulum
2812 842 3003 922 fides,
3049 844 3295 926 inquis,
3354 851 3421 908 et
3476 845 3660 910 cuius
3703 845 4093 928 significatio
4136 846 4338 913 latius

2346 940 2580 1011 ·patet.
2627 930 2773 993 Imo
2818 949 2972 993 vero
3015 929 3287 1007 PauluS,
3328 932 3580 1011 quot-ies
3622 930 4019 995 iustificandi
4061 932 4335 998 faculta-

2382 1024 2516 1079 tem
2568 1015 2626 1078 ei
2669 1015 2933 1092 tribuit,
2980 1016 3176 1080 simul
3234 1016 3586 1099 adstringit
3639 1015 3723 1080 ad
3766 1018 4122 1100 gratuitam
4167 1016 4336 1084 divi-

2381 1122 2505 1165 nae
2569 1099 3063 1166 benevolentiae
3125 1101 3656 1184 promissionem:
3727 1103 3807 1167 ab
3880 1103 4059 1167 omni
4113 1113 4336 1169 autem

2381 1207 2655 1269 operum
2697 1195 2997 1269 respectu
3039 1186 3266 1269 procul
3304 1189 3561 1252 avertit.
3643 1187 3837 1253 Unde
3889 1188 4226 1255 familiaris
4270 1188 4336 1255 ei

2381 1272 2700 1338 collectio:
2738 1273 2791 1336 si
2827 1273 2976 1350 fide,
3013 1294 3169 1355 ergo
3203 1294 3336 1336 non
3373 1274 3690 1354 operibus.
3758 1274 4054 1339 Rursum
4087 1275 4147 1340 si
4180 1295 4335 1358 ope-

2377 1359 2584 1424 ribus:
2640 1379 2794 1441 ergo
2849 1380 2984 1422 non
3038 1358 3183 1422 fide.
3268 1359 3473 1440 Atqui
3529 1359 3770 1423 iniuria
3825 1361 3901 1423 fit
3942 1359 4229 1438 Christe,
4275 1362 4338 1426 si

2376 1452 2721 1526 pmetextu
2748 1445 3001 1527 gratiae
3027 1446 3166 1509 eius
3189 1444 3622 1527 repudiantur
3655 1444 3828 1510 bona
3861 1465 4086 1529 opera:
4125 1468 4333 1529 quum

2375 1531 2652 1606 venerit,
2691 1539 2765 1593 ut
2808 1529 3110 1594 redderet
3144 1530 3459 1612 populum
3493 1530 3638 1596 Deo
3674 1532 4154 1613 acceptabilem,
4194 1552 4331 1597 sec-

2375 1624 2657 1680 tatorem
2714 1616 3039 1680 bonorum
3095 1636 3383 1698 operum.
3449 1617 3541 1679 Et
3584 1625 3851 1681 exstant
3892 1617 4106 1682 multa
4149 1617 4331 1681 simi-

2374 1702 2590 1766 lia‘in
2641 1722 2788 1766 eam
2843 1722 2983 1765 rem
3042 1701 3450 1780 testimonia,
3505 1700 3739 1783 quibus
3791 1702 4135 1785 probatur,
4180 1702 4332 1768 ideo

2376 1788 2638 1854 venisse
2682 1786 3050 1864 Christum,
3111 1795 3186 1850 ut
3243 1788 3406 1852 bene
3459 1797 3804 1870 operantes
3858 1809 3976 1870 per
4028 1811 4181 1853 eum
4224 1810 4332 1855 ac-

2378 1872 2548 1955 cepti
2593 1894 2883 1938 essemus
2925 1874 3087 1937 Deo.
3155 1873 3282 1937 Est
3323 1872 3485 1937 haec
3540 1872 3801 1955 quidem
3847 1874 4173 1939 calumnia
4215 1874 4332 1940 ad-

2378 1959 2687 2024 versariis
2730 1960 2971 2023 nostris
3015 1970 3329 2041 perpetuo
3374 1959 3445 2022 in
3486 1980 3625 2036 ore,
3673 1958 3844 2041 quod
3884 1957 4332 2026 benefaciendi

2379 2045 2669 2109 studium
2715 2043 3006 2109 tollimus
3052 2066 3088 2109 e
3130 2044 3272 2109 vita
3315 2044 3703 2122 christ-iana,
3760 2046 4108 2128 gratuitae
4140 2046 4331 2111 iusti-

2378 2130 2509 2194 tiae
2552 2129 3142 2195 commendatione:
3183 2135 3301 2210 [sol.
3340 2135 3447 2209 30]
3490 2130 3604 2195 sed
3640 2150 3805 2211 quae
3839 2130 4054 2214 magis
4096 2131 4334 2197 frivola

2381 2224 2499 2293 est,
2537 2236 2731 2297 quam
2770 2223 2850 2278 ut
2890 2237 3008 2279 nos
3051 2215 3243 2280 valde
3286 2224 3557 2297 premat.
3627 2214 3850 2302 Opera
3891 2216 4064 2282 bona
4104 2217 4176 2281 in
4214 2218 4332 2283 ho-

2378 2302 2555 2365 mine
2605 2300 3018 2366 iustificando
3076 2322 3394 2384 negamus
3446 2300 3616 2364 ullas
3669 2300 3910 2365 habere
3965 2311 4214 2384 partes:
4260 2304 4332 2368 in

2377 2387 2699 2451 iustorum
2725 2386 2864 2450 vita
2889 2407 3167 2469 regnum
3194 2386 3328 2450 illis
3349 2385 3775 2451 vindicamus,
3832 2385 4004 2450 Nam
4041 2388 4096 2452 si
4133 2386 4330 2454 Chri·

2378 2479 2556 2561 stum
2604 2471 2894 2554 possidet
2947 2473 3058 2554 qui
3117 2472 3435 2536 iustitiam
3502 2480 3603 2536 est
3660 2470 3964 2553 adeptus,
4023 2471 4331 2538 Christus

2378 2567 2598 2622 autem
2655 2578 2980 2639 nusquam
3036 2558 3176 2623 sine
3219 2579 3337 2622 suo
3394 2556 3629 2640 spiritu
3673 2567 3804 2636 est,
3857 2556 4012 2622 inde
4055 2565 4327 2638 constat,

2376 2644 2735 2727 gratuitam
2804 2644 3122 2707 iustitiam
3188 2647 3337 2708 cum
3407 2643 3908 2726 regeneratione
3962 2645 4328 2709 necessario

2376 2751 2518 2794 esse
2573 2729 3003 2794 coniunctam.
3085 2727 3378 2793 Proinde
3427 2729 3494 2810 si·
3543 2729 3668 2793 rite
3723 2728 4094 2813 intelligere
4146 2729 4326 2808 libet,

2374 2836 2571 2895 quam
2625 2816 2757 2880 sint
2810 2835 2917 2879 res
2975 2814 3383 2892 individuae,
3428 2812 3592 2880 fides
3635 2822 3701 2879 et
3742 2835 3968 2896 opera,
4014 2815 4083 2878 in
4128 2813 4328 2880 Chri-

2375 2910 2554 2964 stum
2597 2901 2882 2964 intuere:
2930 2900 3072 2983 qui,
3119 2909 3195 2964 ut
3248 2899 3435 2964 docet
3489 2898 3851 2982 apostoluS,
3891 2901 3965 2964 in
4010 2901 4331 2965 iustitiam

2374 2998 2441 3051 et
2487 2985 3072 3052 sanctificationem
3126 2985 3318 3051 datus
3380 2985 3569 3052 nobis
3629 2994 3756 3051 est*
3798 2988 3862 3069 (l
3907 2984 4054 3051 Cor.
4102 2993 4154 3064 l,
4195 2985 4325 3067 30).

2373 3072 2505 3138 Ubi
2562 3092 2718 3156 ergo
2769 3093 3024 3155 cunque
3049 3072 3097 3154 ¹)
3154 3073 3281 3137 ista
3332 3092 3530 3154 quam
3579 3073 3936 3155 gratuitam
3989 3071 4328 3154 praedica-

2372 3179 2523 3222 mus
2562 3158 2717 3222 fidei
2759 3158 3011 3222 iustitia
3051 3166 3181 3236 est,
3225 3158 3362 3223 illic
3416 3164 3517 3222 est
3559 3156 3885 3223 Christus.
3953 3157 4087 3223 Ubi
4129 3158 4328 3223 Chri-

2373 3252 2533 3321 stus,
2569 3243 2705 3309 illic
2741 3244 3010 3326 spiritus
3044 3243 3602 3309 sanctificationis:
3642 3245 3756 3326 qui
3791 3243 4081 3307 animam
4123 3245 4189 3309 in
4226 3245 4327 3310 vi-

2375 3338 2478 3393 tae
2523 3329 2886 3394 novitatem
2928 3337 3288 3413 regeneret.
3371 3328 3623 3394 Contra
3674 3350 3831 3394 vero
3889 3328 4005 3392 ubi
4057 3351 4190 3393 non
4226 3331 4326 3396 vi-

2371 3422 2484 3496 get
2527 3415 2894 3479 sanctitatis
2936 3415 3477 3497 innocentiaeque
3511 3414 3822 3491 studium,
3860 3413 3994 3478 illic
4033 3435 4154 3479 nec
4191 3416 4323 3497 spi-

2370 3501 2541 3564 ritus
2567 3498 2818 3566 Christi
2842 3522 2962 3565 nec
2999 3498 3307 3566 Christus
3341 3501 3481 3581 ipse
3507 3512 3624 3565 est.
3670 3500 3802 3565 Ubi
3825 3518 3959 3563 non
3996 3505 4096 3562 est
4129 3498 4326 3564 Chri-

2370 3593 2530 3660 stus,
2575 3588 2785 3667 neque
2829 3587 3026 3649 etiam
3071 3585 3206 3650 illic
3251 3593 3352 3650 est
3393 3587 3660 3663 iustitia,
3704 3585 3836 3648 imo
3881 3604 4091 3666 neque
4128 3583 4322 3648 fides:

2369 3692 2534 3753 quae
2585 3670 2925 3736 Christum
2977 3673 3046 3734 in
3101 3671 3453 3748 iustitiam,
3497 3671 3640 3735 sine
3683 3669 3917 3752 spiritu
3958 3670 4325 3734 sanctifica-

2366 3754 2587 3832 tionis,
2625 3755 3116 3839 apprehendere
3155 3779 3290 3821 non
3323 3763 3552 3839 potest.
3621 3754 3842 3836 Quum
3880 3775 4053 3836 ergo,
4092 3774 4324 3819 secun-

2369 3841 2524 3906 dum
2562 3863 2709 3919 nos,
2761 3852 3106 3926 regeneret
3151 3841 3456 3907 Christus
3496 3843 3566 3905 in
3623 3841 3882 3904 beatam
3918 3841 4124 3905 vitam
4159 3859 4323 3923 quos

2364 3928 2705 4003 iustificat,
2761 3948 2800 3991 a
2853 3949 3056 4011 regno
3110 3930 3358 4010 peccati
3413 3936 3668 4008 ereptos
3715 3923 4014 3990 traducat
4055 3925 4127 3988 in
4172 3947 4321 4009 reg-

2368 4035 2530 4078 num
2584 4013 2905 4090 iustitiae,
2950 4016 3379 4097 transfiguret
3420 4014 3491 4077 in
3525 4012 3880 4094 imaginem
3921 4009 4080 4089 Dei,
4126 4011 4318 4077 adeo-

2369 4121 2495 4182 que
2552 4100 2787 4182 spiritu
2840 4120 2957 4164 suo
3000 4099 3074 4163 in
3117 4098 3550 4163 obedientiam
3594 4097 3951 4162 voluntatis
3994 4118 4152 4161 suae
4184 4099 4318 4162 for-

2369 4195 2531 4249 met:
2591 4206 2724 4249 non
2770 4195 2898 4261 est,
2943 4184 3113 4267 quod
3168 4186 3358 4249 frena
3407 4182 3623 4247 carnis
3687 4182 4068 4248 libidinibus
4111 4182 4319 4246 laxari

2369 4280 2598 4336 nostra
2654 4271 2951 4337 doctrina
2995 4270 3433 4353 conqueraris.
3501 4269 3731 4351 Neque
3775 4289 3930 4333 vero
3976 4268 4155 4332 aliud
4194 4267 4319 4334 sibi

2369 4356 2605 4422 volunt
2655 4377 2820 4440 quae
2873 4356 3142 4423 adducis
3197 4355 3591 4420 testimonia.
3660 4353 3855 4434 Quod
3913 4353 3968 4419 si
4022 4354 4190 4418 velis
4234 4353 4319 4418 ad

2369 4440 2758 4507 diruendam
2794 4444 3151 4525 gratuitam
3187 4441 3716 4506 iustificationem
3757 4439 3887 4504 illis
3929 4439 4128 4517 abuti,
4169 4439 4319 4504 vide

2367 4549 2563 4609 quam
2608 4528 2910 4611 imperite
2953 4527 3379 4594 ratiocineris.
3441 4526 3622 4590 Dicit
3663 4525 3821 4589 alibi
3855 4524 4127 4603 Paulus,
4164 4533 4316 4590 ante

2364 4612 2594 4678 mundi
2634 4615 3028 4679 creationem
3064 4635 3185 4678 nos
3221 4613 3291 4676 in
3321 4611 3588 4677 Christo
3632 4609 3868 4676 electos
3911 4631 4070 4688 esse,
4116 4617 4192 4675 ut
4227 4611 4316 4676 si-

2364 4721 2515 4765 mus
2582 4700 2790 4764 sancti
2851 4708 2917 4764 et
2964 4696 3569 4782 irreprehensibiles
3637 4698 3709 4760 in
3762 4695 3891 4761 Dei
3947 4706 4314 4780 conspectu,

2364 4806 2481 4868 per
2518 4786 2857 4851 caritatem
2893 4785 3165 4869 (Ephes.
3211 4788 3262 4859 1,
3300 4782 3391 4865 4).
3449 4781 3614 4863 Quis
3649 4781 3821 4862 inde,
3860 4781 3968 4847 vel
4001 4802 4138 4846 non
4174 4802 4317 4847 esse

2365 4872 2721 4954 gratuitam
2755 4871 3134 4936 electionem
3173 4867 3474 4952 colligere
3510 4869 3699 4948 ausit,
3738 4869 3843 4933 vel
3879 4888 4140 4933 causam
4176 4868 4316 4931 eius

2365 4977 2507 5022 esse
2580 4955 2963 5021 caritatem?
3047 4954 3224 5036 Quin
3296 4954 3546 5037 potius,
3607 4962 3682 5019 ut
3731 4955 4034 5039 ‘gratuita
4088 4952 4316 5018 electio

2502 5230 2560 5295 1)
2598 5229 2910 5296 Ubicunque
2947 5243 3095 5297 ergo,
3135 5226 3270 5280 1576
3303 5241 3443 5298 seqq.
