4984 5975
349 311 470 373 205
1504 250 1507 255 ’
1864 307 2817 376 PsYoflorANNchA.
3250 276 3261 289 ’
4213 315 4339 381 206

346 506 461 563 est.
556 496 743 562 Tune
785 502 971 560 muta
1015 503 1144 573 est,
1202 516 1375 581 quac·
1423 496 1714 561 confiteri
1770 517 1908 562 non
1948 503 2165 580 potest
2207 496 2291 562 ad

345 582 658 660 salutem,
716 581 890 665 quod
944 580 1292 646 crediderit
1345 578 1427 645 ad
1479 580 1814 646 iustitiam.
1908 580 2129 648 Surda
2173 592 2290 661 est,

346 689 509 752 quae
546 667 768 733 vivam
802 667 983 731 illam
1018 686 1249 733 vocem
1280 686 1413 731 non
1448 667 1648 731 audit.
1715 665 1971 733 Clauda
2009 676 2126 744 est,
2160 670 2290 732 imo

1113 760 1266 831 test,
1323 751 1436 817 ubi
1487 773 1617 817 non
1672 753 1871 819 habet
1923 754 2030 820 cui
2084 752 2289 819 dicat:

1069 846 1360 902 exteram
1414 858 1660 915 meam,
1720 848 1787 903 et
1840 840 1907 903 in
1953 839 2292 904 voluntate

346 775 417 820 se
458 753 788 819 sustinere
841 774 973 818 non

349 838 654 904 'senuisti
696 858 967 904 manum

294 932 302 941 “
349 933 467 990 tua
509 923 841 989 deduxisti
883 944 1005 987 me.
1095 923 1293 989 Nullo
1340 920 1616 1006 denique
1659 923 1838 988 vitae
1886 924 2096 991 officio
2140 925 2291 988 fun-

349 1012 543 1095 gitur.
611 1008 727 1075 Sic
750 1010 928 1073 enim
955 1008 1242 1091 loquitur
1262 1006 1582 1091 propheta
1617 1009 1800 1093 (Bar.
1834 1013 1890 1087 3,
1926 1013 2051 1093 14),
2090 1030 2294 1092 quum

349 1095 494 1161 vult
531 1093 873 1161 ostendere
910 1095 1159 1160 fontem
1193 1095 1367 1160 vitae
1403 1113 1545 1159 esse
1590 1094 1765 1178 apud
1799 1096 2044 1160 Deum:
2093 1094 2293 1159 Disce

347 1180 463 1246 ubi
504 1182 595 1246 sit
635 1180 1004 1263 prudentia,
1049 1181 1162 1245 ubi
1206 1179 1295 1244 sit
1343 1180 1572 1258 virtus,
1619 1181 1731 1247 ubi
1776 1181 1861 1245 sit
1905 1181 2291 1259 intellectae,

347 1267 463 1333 ubi
520 1268 607 1333 sit
661 1265 1054 1331 diuturnitas
1106 1265 1283 1330 vitae
1339 1272 1408 1328 et
1462 1266 1703 1344 victus,
1763 1267 1871 1331 ubi
1926 1267 2013 1330 sit
2067 1266 2295 1330 lumen

348 1352 687 1419 oculorum
729 1361 796 1416 et
835 1372 984 1436 pax.
1053 1344 1233 1431 Quid
1265 1349 1440 1414 ultra
1484 1349 1568 1414 ad
1609 1359 1888 1415 mortem
1918 1349 2289 1433 requiritis?

348 1439 440 1505 Et
482 1459 570 1503 ne
613 1437 722 1503 hic
766 1457 932 1520 aqua
975 1436 1160 1502 nobis
1207 1436 1491 1514 haereat,
1534 1436 1872 1503 nobiscum
1917 1438 2290 1521 cogitemus,

352 1523 612 1607 qualem
647 1525 853 1588 vitam
896 1523 1081 1588 nobis
1126 1521 1417 1586 attulerit
1450 1521 1788 1607 Christus:
1834 1530 1902 1587 et
1936 1527 2289 1599 succurret,

355 1631 397 1675 a
438 1630 564 1693 quo
607 1628 849 1693 genere
891 1608 1125 1672 mortis
1165 1629 1284 1673 nos
1327 1605 1693 1673 redemerit.
1763 1608 2135 1691 Utrumque
2171 1627 2292 1671 nos

355 1695 544 1761 docet
583 1694 916 1778 apostolus
961 1693 1234 1778 (Ephes.
1277 1699 1331 1770 5,
1380 1691 1512 1776 14);
1573 1691 1818 1776 Surge,
1875 1693 2120 1777 inquit,
2177 1693 2292 1775 qui

359 1781 615 1857 dormis,
654 1786 722 1844 et
755 1790 1035 1863 exsurge
1071 1801 1111 1843 a
1142 1778 1438 1856 mortuis,
1476 1784 1543 1842 et
1576 1778 1978 1844 illuminabit
2010 1788 2076 1844 to
2098 1776 2293 1844 Chri-

356 1874 513 1931 stus.
600 1864 735 1931 Ubi
776 1886 909 1929 non
952 1866 1237 1929 cinerem
1279 1863 1659 1947 alloquitur:
1715 1865 1826 1929 sed
1875 1887 1982 1929 eos
2025 1864 2139 1947 qui
2189 1865 2292 1927 in-

352 1952 559 2017 voluti
582 1950 867 2035 peccatis
900 1950 1142 2014 inferos
1165 1958 1230 2014 et
1264 1956 1543 2013 mortem
1577 1971 1800 2015 secum
1820 1951 2057 2015 ferunt.
2110 1948 2291 2035 Alibi

355 2037 626 2122 (Ephes.
672 2040 730 2115 2,
774 2041 839 2115 13
886 2035 1130 2101 Coloss.
1173 2039 1230 2113 2,
1275 2037 1410 2113 13):
1466 2035 1560 2098 Et
1603 2055 1750 2113 vos,
1805 2057 2009 2118 quum
2062 2034 2293 2100 essetis

352 2124 594 2188 mortui
636 2121 953 2205 peccatis,
1014 2121 1494 2187 convivificavit
1536 2142 1655 2186 vos
1706 2122 1779 2184 in
1824 2121 2088 2189 Christo
2108 2172 2123 2198 ,
2180 2120 2323 2184 do·-

352 2229 518 2274 nans
553 2208 738 2275 vobis
773 2207 990 2271 omnia
1027 2206 1278 2271 delicta.
1343 2207 1524 2289 Ergo
1558 2204 2105 2288 quemadmodum
2140 2226 2293 2287 apo-

354 2293 556 2360 stolus
590 2313 714 2358 nos
750 2292 918 2357 mori
953 2298 1215 2375 peccato
1250 2289 1431 2369 dicit,
1473 2291 1625 2356 dum
1660 2291 2107 2375 exstinguitur
2142 2312 2294 2356 con-

353 2380 750 2464 cupiscentia
790 2378 860 2442 in
904 2377 1090 2443 nobis
1145 2378 1361 2460 (Rom.
1404 2381 1460 2455 6,
1501 2379 1600 2456 2):
1660 2378 1754 2441 ita
1798 2385 1865 2441 et
1907 2375 2051 2441 Deo
2095 2376 2293 2440 mori-

353 2486 517 2544 mur,
578 2464 735 2530 dum
777 2464 1031 2529 viventi
1080 2462 1639 2546 concupiscentiae
1691 2471 1951 2527 nostrae
1994 2463 2060 2526 in
2107 2462 2293 2526 nobis

356 2550 622 2615 subiecti
667 2570 914 2616 sumus.
1002 2549 1146 2613 Imo
1188 2570 1347 2614 vero
1403 2549 1508 2635 (ut
1551 2570 1683 2612 uno
1728 2548 1926 2613 verbo
1969 2547 2290 2630 complec-

355 2644 569 2700 tamur
608 2635 779 2718 quod
821 2632 902 2699 de
945 2634 1145 2700 vidua
1189 2633 1525 2699 delitiante
1568 2633 1691 2718 ait)
1737 2634 2050 2712 viventes,
2093 2632 2292 2697 mori-

354 2743 499 2786 mur
541 2723 601 2804 (l
654 2722 821 2785 Tim.
865 2724 921 2798 5,
962 2720 1056 2803 6):
1115 2720 1240 2784 hoc
1283 2726 1411 2797 est,
1470 2718 1870 2783 immortales
1929 2740 2154 2784 sumus
2209 2717 2293 2783 ad

354 2816 646 2875 mortem.
736 2805 912 2886 Quia
962 2805 1118 2871 licet
1171 2807 1387 2870 anima
1440 2826 1707 2869 sensum
1749 2826 1941 2869 suum
1992 2806 2289 2881 retineat,

356 2900 572 2958 tamen
615 2891 791 2956 mala
834 2892 1356 2975 concupiscentia
1398 2891 1580 2974 quasi
1625 2899 1850 2974 stupor
1885 2890 2149 2972 quidam
2193 2896 2294 2954 est

352 2979 608 3044 mentis.
664 2978 809 3043 Iam
829 2998 989 3044 vero
1009 2977 1219 3061 qualis
1241 2977 1451 3060 qualis
1484 2984 1627 3041 erat
1658 2976 1774 3041 illa
1805 2976 2061 3041 animae
2094 2997 2290 3054 mors,

356 3063 656 3130 Christus
708 3069 932 3129 tamen
976 3084 1094 3146 pro
1140 3062 1328 3128 nobis
1373 3084 1451 3128 ea
1494 3061 1835 3129 defunctus
1892 3071 2008 3128 est.

357 3151 526 3215 enim
559 3149 924 3233 prophetiis
961 3154 1078 3229 [fol.
1105 3155 1214 3229 27]
1249 3149 1644 3232 promissum
1678 3155 1836 3227 erat,
1870 3147 1952 3213 de
1985 3148 2124 3212 cius
2157 3148 2292 3212 vic-

352 3238 517 3301 toria
552 3244 782 3301 contra
814 3242 1111 3313 mortem,
1147 3235 1287 3318 ipse
1323 3241 1531 3299 morte
1566 3255 1688 3299 sua
1721 3233 2064 3316 praestitit.
2128 3232 2293 3297 Pro-

353 3321 588 3404 phetae
641 3319 1190 3404 pronunciabant:
1242 3319 1712 3402 Praecipitabit
1750 3327 2026 3383 mortem
2068 3320 2141 3381 in
2185 3339 2292 3382 ae-

354 3415 614 3471 ternum
659 3406 815 3482 (Ies.
854 3409 955 3481 25,
995 3406 1081 3479 8).
1172 3406 1371 3481 Item,
1413 3405 1554 3469 Ero
1595 3426 1770 3470 mors
1810 3412 1953 3476 tua,
2002 3425 2039 3468 o
2081 3424 2289 3468 mors:

352 3513 609 3558 morsus
651 3498 840 3572 tuus,
886 3513 924 3556 o
970 3490 1225 3556 inferne
1280 3487 1425 3572 (Os.
1486 3494 1579 3567 13,
1634 3492 1760 3574 14).
1849 3489 2048 3554 Item:
2115 3489 2293 3554 Ante

355 3578 583 3644 faciem
643 3577 784 3642 cius
847 3576 969 3642 ibit
1027 3598 1204 3641 mors
1265 3574 1466 3660 (Hab.
1516 3579 1573 3654 2,
1623 3577 1708 3662 5).
1805 3574 2105 3658 Apostoli
2158 3574 2291 3638 iam

353 3664 523 3729 facta
566 3662 986 3728 denunciant.
1073 3661 1429 3726 Destruxit
1469 3660 1731 3745 quidem
1774 3667 2080 3725 mortem:
2143 3658 2291 3723 illu-

356 3750 636 3814 minavit
669 3756 886 3813 autem
911 3748 1118 3813 vitam
1152 3767 1271 3829 per
1306 3747 1724 3831 evangelium
1759 3746 1828 3830 (2
1853 3747 2019 3810 Tim.
2068 3751 2118 3826 1,
2162 3747 2288 3825 10).

354 3833 675 3900 Rursum:
718 3834 813 3897 Et
856 3834 1030 3897 enim
1076 3833 1135 3896 si
1177 3853 1296 3916 per
1337 3834 1532 3897 unius
1576 3832 1886 3898 delictum
1926 3854 2103 3897 mors
2144 3852 2293 3914 reg-

357 3920 538 3986 navit
580 3941 700 4003 per
743 3940 980 3996 unum,
1032 3919 1244 3982 multo
1289 3919 1501 4001 magis
1544 3918 1593 3982 ii
1638 3919 1748 4000 qui
1792 3916 2293 3982 exuberantiam

355 4006 597 4088 gratiae
637 4010 1042 4088 acceperunt,
1088 4025 1206 4087 per
1248 4003 1454 4084 tritam
1496 4004 1871 4087 regnabunt
1913 4005 1984 4067 in
2026 4002 2292 4069 Christo

358 4090 571 4173 (Rom.
613 4096 670 4170 5,
714 4094 840 4175 17).
912 4090 1098 4155 Haec
1141 4089 1421 4173 fulgura,
1467 4111 1603 4154 non
1637 4087 1854 4168 verba,
1900 4090 1954 4154 si
2001 4095 2291 4172 possunt,

356 4177 738 4242 sustineant.
807 4174 1034 4257 Quum
1078 4176 1253 4240 enim
1299 4195 1382 4238 ex
1417 4175 1632 4239 Adam
1679 4175 1899 4238 dicant
1937 4196 2077 4239 esse
2120 4196 2292 4239 mor-

355 4267 506 4342 tem,
547 4261 721 4346 quod
761 4262 1060 4339 fatemur,
1106 4282 1238 4326 non
1274 4280 1469 4342 quam
1507 4260 1635 4343 ipsi
1677 4262 1955 4344 fingunt,
1998 4258 2111 4325 sed
2149 4281 2294 4324 eam

356 4368 548 4431 quam
590 4349 663 4412 in
704 4349 989 4412 animam
1035 4346 1266 4412 cadere
1308 4367 1519 4428 nuper
1559 4343 1926 4424 docuimus,
1983 4366 2102 4409 nos
2146 4367 2291 4409 rur-

358 4455 502 4498 sum
542 4433 755 4498 vitam
813 4455 852 4497 a
896 4431 1196 4498 Christo:
1252 4431 1424 4514 quod
1481 4431 1752 4496 infitiari
1808 4452 1937 4496 non
1997 4439 2288 4513 possunt.

353 4518 435 4584 In
477 4519 961 4603 comparatione
1005 4517 1192 4583 Adae
1236 4523 1304 4581 et
1353 4516 1625 4595 Christi,
1670 4517 1873 4581 totius
1915 4523 2291 4582 controver-

356 4605 485 4670 siae
518 4602 716 4672 cardo
751 4604 1047 4670 vertitur.
1117 4601 1497 4668 Concedant
1529 4604 1816 4686 primum
1852 4602 2142 4685 apostolo
2178 4624 2291 4667 ne-

356 4710 530 4757 cesse
565 4697 684 4768 est,
721 4711 857 4754 non
890 4688 1077 4754 modo
1111 4690 1553 4754 instauratum
1585 4689 1657 4753 in
1694 4687 1961 4754 Christo
1996 4687 2063 4751 id
2099 4708 2292 4752 omne

357 4776 524 4857 quod
566 4777 641 4840 in
680 4774 896 4840 Adam
941 4775 1299 4857 collapsum
1343 4775 1585 4851 fuerat,
1647 4773 1761 4840 sed
1805 4782 2050 4856 quanto
2093 4774 2294 4838 fuerit

357 4861 618 4927 effusior
654 4861 904 4945 gratiae
939 4881 1136 4943 quam
1171 4861 1415 4945 peccati
1449 4861 1679 4939 virtus,
1726 4866 1912 4924 tanto
1948 4857 2289 4925 Christum

354 4946 553 5014 fixisse
691 4947 1035 5011 tentiorem
1088 4947 1157 5010 in
1212 4945 1643 5025 restituendo,
1699 4967 1893 5028 quam
1949 4944 2164 5008 Adam
2217 4944 2289 5008 in

354 4968 703 5115 perdengg.
789 5032 1023 5098 Palam
1064 5032 1241 5096 enim
1282 5031 1642 5115 praedicat,
1694 5054 1827 5097 non
1867 5052 2007 5096 esse
2048 5029 2291 5095 donum

354 5130 430 5182 ut
468 5126 840 5202 peccatum:
888 5117 1002 5182 sed
1045 5118 1152 5181 lon
1201 5136 1237 5178 e
1280 5117 1700 5183 exuberasse:
1749 5139 1881 5183 non
1923 5115 2186 5200 quidem
2220 5115 2289 5179 in

353 5204 575 5286 plures
617 5202 933 5282 homines,
979 5203 1090 5268 sed
1138 5222 1176 5264 a
1220 5200 1602 5282 undantius,
1657 5204 1728 5267 in
1772 5202 2008 5286 quibus
2047 5201 2291 5267 exube-

2099 3060 2317 3145 Quod,

2394 500 2583 564 ravit.
2647 495 3137 579 Respondeant,
3182 498 3238 562 si
3272 498 3519 580 volent,
3564 499 3975 579 exuberasse,
4022 522 4153 566 non
4190 502 4342 584 quia

2394 583 2933 649 abundantiorem
2977 584 3181 647 vitam
3227 583 3508 664 dederit,
3572 584 3688 650 sed
3731 586 3885 668 quia
3939 585 4154 652 multa
4189 608 4340 671 pec-

2395 676 2543 734 cata
2598 667 2942 733 deleverit:
3003 689 3204 751 quum
3260 671 3523 735 unicum
3581 669 3768 735 Adae
3822 678 4168 754 peccatum
4222 695 4341 738 nos

2394 755 2463 818 in
2499 755 2757 818 ruinam
2795 752 3205 819 detraxisset.
3269 754 3416 820 Hoc
3453 777 3572 840 ego
3608 755 3872 821 demum
3904 757 4335 841 postulabam.

2395 839 2670 918 Deinde,
2709 860 2911 921 quum
2948 838 3102 904 alibi
3139 839 3370 919 tradat,
3417 842 3716 907 aculeum
3751 844 3980 907 mortis
4016 864 4156 908 csse
4190 866 4341 928 pec-

2398 935 2618 990 catum
2674 924 2736 1010 (1
2794 925 2943 991 Cor.
3000 928 3098 1003 15,
3154 926 3284 1009 56),
3341 926 3497 1008 quid
3555 925 3750 992 habet
3806 949 3984 992 mors
4038 950 4163 1011 quo
4219 951 4339 995 nos

2398 1018 2667 1094 pungat,
2711 1010 2826 1075 ubi
2866 1010 3130 1075 aculeus
3162 1011 3394 1077 mortis
3429 1020 3706 1090 retusus,
3751 1013 3883 1077 imo
3919 1023 4339 1115 consumptus

2398 1095 2540 1161 est?
2631 1096 2836 1179 Atqui
2890 1095 3060 1160 nihil
3115 1096 3291 1161 aliud
3354 1099 3491 1181 agit
3547 1099 3774 1163 multis
3833 1098 4148 1183 capitibus
4205 1102 4341 1183 epi-

2398 1182 2604 1246 stolae
2648 1181 2731 1246 ad
2774 1182 3126 1259 Romanos,
3172 1202 3369 1264 quam
3410 1190 3486 1247 ut
3527 1184 3722 1266 plane
3767 1184 4068 1259 declaret,
4113 1205 4341 1268 pccca-
4399 1200 4406 1207 '

2397 1274 2541 1330 tum
2587 1288 2728 1331 esse
2769 1268 3035 1350 penitus
3078 1267 3422 1347 abolitum,
3477 1291 3562 1333 ne
3605 1269 3676 1332 in
3719 1268 3943 1334 fideles
3993 1271 4341 1353 imperium

2399 1373 2593 1416 suum
2637 1362 2954 1418 exerceat.
3045 1353 3187 1417 Iam
3236 1375 3390 1418 vero
3448 1354 3502 1420 si
3547 1355 3756 1419 virtus
3800 1357 4044 1436 peccati
4091 1356 4195 1421 lex
4241 1364 4342 1421 est

2400 1437 2644 1521 (ibid.):
2704 1460 2902 1520 quum
2962 1437 3267 1503 occidunt
3320 1459 3431 1517 eos
3487 1440 3598 1523 qui
3654 1441 3722 1504 in
3781 1439 4045 1507 Christo
4086 1442 4339 1521 vivunt,

2398 1523 2555 1605 quid
2598 1522 2776 1588 aliud
2821 1545 3017 1606 quam
3062 1524 3130 1587 in
3176 1524 3702 1590 maledictionem
3756 1524 3920 1609 legis
3974 1547 4082 1591 eos
4137 1536 4340 1593 retra-

2399 1609 2589 1687 hunt,
2634 1630 2798 1691 quae
2841 1630 2879 1674 e
2921 1606 3136 1673 medio
3181 1611 3440 1675 sublata
3484 1611 3626 1675 est?
3699 1609 4147 1692 Quamobrem
4189 1634 4342 1678 con-

2396 1692 2677 1759 fidenter
2718 1695 2920 1759 iactat
2961 1694 3318 1775 apostolus,
3376 1696 3622 1760 nullam
3669 1717 3811 1762 esse
3856 1696 4342 1763 damnationem
4417 1732 4420 1735 ·

2395 1780 2478 1844 iis
2513 1782 2624 1862 qui
2668 1790 2823 1845 sunt
2853 1782 2922 1844 in
2960 1779 3228 1845 Christo
3264 1781 3435 1860 Iesu,
3481 1782 3594 1865 qui
3636 1802 3768 1846 non
3803 1782 4165 1863 secundum
4200 1803 4340 1848 car-

2396 1887 2550 1929 nem
2589 1865 2948 1945 ambulant,
2985 1866 3099 1931 sed
3136 1866 3326 1931 iuxta
3360 1868 3661 1950 spiritum
3701 1869 3916 1952 (Rom.
3956 1873 4015 1948 8,
4053 1869 4136 1952 1).
4198 1867 4341 1935 Sci-

2394 1949 2550 2016 licet
2589 1952 2660 2015 in
2704 1972 2831 2030 eos,
2879 1973 3041 2034 quos
3086 1952 3413 2035 apostolus
3456 1953 3536 2018 ab
3580 1954 3760 2018 omni
3804 1953 4342 2032 condemnatione

2396 2034 2649 2116 liberat,
2695 2037 3148 2120 gravissimam
3193 2040 3586 2103 sententiam
3621 2040 4080 2122 prommciant:
4128 2040 4342 2106 Morte

2395 2122 2785 2186 moriemini.
2874 2123 3006 2187 Ubi
3050 2129 3270 2187 autem
3314 2125 3556 2206 gratia,
3614 2126 3671 2188 si
3714 2146 3890 2189 mors
3935 2125 4149 2190 adhuc
4192 2146 4340 2210 reg-

2396 2215 2516 2270 nat
2555 2208 2731 2270 inter
2774 2207 3013 2273 electos
3056 2206 3228 2272 Dei?
3316 2208 3464 2273 Iam
3507 2210 3615 2292 (ut
3655 2211 3746 2273 ait
3787 2210 4148 2295 apostolus)
4193 2233 4341 2294 pec-

2397 2301 2617 2356 catum
2659 2291 2919 2374 quidem
2962 2293 3263 2375 regnavit
3294 2295 3367 2357 in
3403 2303 3711 2359 mortem:
3755 2297 3971 2379 gratia
4002 2318 4159 2362 vero
4195 2319 4341 2382 reg-

2396 2386 2513 2441 nat
2545 2379 2616 2441 in
2650 2379 2856 2443 vitam
2891 2384 3226 2443 aeternam
3270 2378 3489 2462 (Rom.
3533 2384 3588 2458 5,
3632 2383 3764 2461 17):
3813 2402 3979 2462 quae
4019 2383 4074 2446 si
4116 2403 4342 2465 pecca-

2397 2471 2539 2527 tum
2584 2472 2878 2545 superat,
2925 2464 3180 2528 nullum
3222 2465 3417 2528 morti
3462 2465 3672 2530 locum
3722 2465 4049 2549 relinquit.
4137 2468 4337 2550 Ergo,

2395 2548 2943 2630 quemadmodum
2991 2570 3167 2614 mors
3222 2570 3341 2631 per
3392 2550 3610 2615 Adam
3661 2552 3960 2635 ingressa
4016 2573 4086 2617 re
4182 2553 4337 2634 avit,

2394 2634 2489 2698 ita
2532 2654 2706 2698 nunc
2747 2656 2866 2717 per
2903 2636 3128 2699 Iesum
3173 2634 3515 2700 Christum
3558 2644 3792 2720 regnat
3833 2633 3986 2702 vita.
4130 2639 4338 2703 cimus

2396 2725 2616 2783 autem
2672 2719 2840 2802 quod
2887 2719 3191 2785 Christus
3246 2722 3568 2786 excitatus
3615 2744 3656 2785 a
3699 2723 3976 2787 mortuis
4031 2724 4160 2787 iam
4205 2745 4339 2788 non

2396 2806 2705 2869 moritur:
2764 2827 2939 2871 mors
2993 2806 3087 2869 illi
3134 2806 3308 2870 ultra
3353 2828 3483 2871 non
3530 2806 3969 2872 dominabitur
4014 2808 4233 2891 (Rom.
4280 2813 4337 2888 6,

2397 2890 2486 2974 9).
2578 2889 2775 2971 Quod
2817 2892 2993 2956 enim
3034 2898 3337 2956 mortuus
3377 2892 3501 2956 fuit
3539 2899 3824 2975 peccam,
3872 2904 4173 2958 mortuus
4216 2894 4342 2958 fuit

2397 2975 2628 3041 semel:
2676 2976 2846 3061 quod
2890 2985 3109 3043 autem
3152 2977 3336 3057 vivit,
3381 2977 3549 3044 vivit
3591 2979 3751 3044 Deo.
3841 2979 4062 3062 Atque
4097 2979 4206 3045 hic
4240 2980 4339 3045 vi-

2397 3062 2552 3127 dere
2594 3070 2720 3142 est,
2776 3071 2852 3127 ut
2908 3084 3106 3128 suum
3150 3084 3438 3128 errorem
3505 3086 3621 3129 suo
3669 3065 3795 3146 ipsi
3852 3064 4068 3148 gladio
4122 3066 4340 3130 confo-

2398 3146 2599 3213 diant.
2689 3150 2871 3213 Dum
2912 3149 3089 3214 enim
3132 3169 3409 3231 poenam
3454 3151 3700 3232 peccati
3743 3157 4024 3215 mortem
4065 3172 4206 3216 esse
4243 3151 4341 3215 di-

2399 3241 2574 3311 cunt,
2621 3235 2821 3299 simul
2864 3236 3257 3317 profitentur
3296 3235 3650 3318 hominem,
3699 3236 3756 3300 si
3795 3235 4020 3318 lapsus
4063 3258 4195 3301 non
4239 3258 4340 3301 es-

2398 3327 2526 3396 set,
2582 3319 2880 3384 futurum
2933 3324 3050 3398 [fol.
3091 3324 3199 3399 28]
3253 3320 3458 3385 fuisse
3511 3320 3966 3386 immortalem.
4055 3322 4228 3386 Nam
4275 3329 4341 3387 et

2396 3403 2570 3486 quod
2603 3404 2833 3488 coepit,
2878 3402 3229 3487 aliquando
3266 3425 3401 3469 non
3433 3406 3586 3470 fuit:
3634 3414 3701 3470 et
3736 3407 3904 3489 quod
3939 3428 4183 3489 poenae
4218 3413 4336 3485 est,

2396 3511 2529 3554 non
2582 3497 2684 3555 est
2735 3497 3028 3554 naturae.
3119 3488 3368 3555 Contra
3425 3491 3753 3575 apostolus
3769 3543 3782 3566 ,
3836 3498 4174 3574 peccatum
4225 3490 4338 3555 ab·

2396 3575 2645 3640 sorberi
2688 3595 2728 3638 a
2781 3576 2994 3659 gratia
3044 3574 3288 3641 clamat
3347 3577 3563 3658 (Rom.
3605 3581 3660 3656 5,
3701 3576 3832 3658 21),
3890 3583 3967 3639 ut
4022 3575 4338 3640 adversus

2396 3660 2635 3725 electos
2675 3660 2806 3724 Dei
2857 3680 3052 3745 agere
3111 3660 3393 3744 amplius
3452 3683 3584 3726 non
3637 3661 3854 3745 possit.
3947 3659 4337 3727 Obtinemus

2395 3745 2619 3829 igitur,
2657 3746 2896 3812 electos
2933 3747 3062 3811 Dei
3096 3745 3266 3810 tales
3300 3768 3479 3813 nunc
3517 3768 3675 3824 esse,
3713 3746 3918 3829 qualis
3954 3745 4151 3809 fuerit
4185 3754 4337 3811 ante

2394 3839 2734 3914 peccatum
2778 3830 3011 3896 Adam.
3099 3832 3192 3895 Et
3248 3839 3323 3897 ut
3363 3832 3474 3897 ille
3519 3840 3772 3898 creatus
3814 3838 3914 3894 est
3954 3831 4336 3894 inextermi-

2395 3916 2663 3996 nabilis,
2717 3918 2812 3980 ita
2851 3927 2918 3981 et
2958 3940 3134 3983 nunc
3179 3938 3288 3982 eos
3331 3938 3504 3997 esse,
3560 3917 3680 4000 qui·
3727 3938 3845 3999 per
3888 3914 4230 3982 Christum
4266 3917 4338 3981 in

2395 4002 2733 4067 meliorem
2777 4012 3085 4069 naturam
3129 4004 3405 4069 recreati
3448 4011 3617 4069 sunt.
3708 4002 3934 4085 Neque
3991 4002 4205 4067 obstat
4259 4002 4337 4066 il·-

2395 4087 2513 4153 lud
2558 4089 2861 4172 apostoli:
2921 4090 3108 4155 Tunc
3151 4091 3267 4153 fiet
3307 4087 3612 4153 verbum:
3671 4088 3979 4169 absorpta
4017 4093 4120 4153 est
4158 4109 4335 4153 mors

2328 4180 2342 4194 ⁸
2394 4174 2465 4238 in
2509 4175 2786 4239 victoria
2830 4175 2894 4259 (1
2937 4174 3086 4240 Cor.
3130 4179 3225 4253 15,
3268 4173 3397 4258 54).
3487 4172 3767 4253 Quando
3801 4173 4001 4252 Fieri,
4046 4195 4163 4256 pro
4198 4173 4334 4237 Im-

2394 4260 2562 4344 pleri
2599 4259 2867 4339 dictum,
2906 4280 3097 4325 nemo
3131 4260 3401 4324 infitiari
3435 4266 3665 4341 potest.
3733 4258 4123 4342 Implebitur
4157 4259 4332 4323 enim

2395 4347 2466 4410 in
2510 4365 2796 4429 corpore,
2841 4345 3013 4429 quod
3055 4367 3231 4411 nunc
3273 4344 3651 4409 inchoatum
3688 4353 3787 4410 est
3819 4344 3892 4408 in
3927 4346 4160 4409 anima.
4199 4342 4329 4407 Vel

2394 4432 2633 4514 potius,
2686 4433 2757 4496 in
2802 4433 3022 4497 anima
3064 4430 3262 4497 simul
3307 4438 3373 4494 et
3414 4451 3679 4513 corpore
3721 4430 4115 4515 implebitur,
4161 4427 4332 4512 quod

2393 4518 2466 4581 in
2519 4519 2740 4582 anima
2792 4518 3114 4583 duntaxat
3166 4516 3546 4581 inchoatum
3601 4524 3718 4581 est.
3806 4517 3979 4580 Nam
4035 4523 4103 4579 et
4155 4535 4331 4580 mors

2394 4602 2557 4667 haec
2599 4604 2974 4684 communis,
3021 4623 3150 4687 qua
3188 4602 3372 4667 velut
3414 4604 3744 4667 communi
3786 4608 4062 4666 naturae
4106 4621 4327 4667 neces·

2394 4688 2584 4753 sitate
2629 4707 2855 4754 omnes
2900 4688 3341 4772 defungimur,
3398 4688 3610 4771 magis
3655 4695 3756 4753 est
3797 4687 4017 4753 electis
4058 4695 4326 4752 natura?

2393 4773 2474 4838 lis
2518 4772 2784 4856 quidam
2827 4775 3144 4840 transitus
3188 4770 3272 4835 ad
3312 4794 3646 4837 summum
3681 4772 3961 4858 gradum
3993 4773 4326 4836 immorta-

2399 4859 2630 4937 litatis,
2677 4880 2872 4941 quam
2915 4867 3030 4925 aut
3071 4858 3348 4936 malum,
3396 4865 3511 4923 aut
3552 4878 3788 4942 poena:
3847 4867 4071 4942 atque,
4116 4863 4192 4921 ut
4233 4856 4328 4921 ait

2398 4946 2829 5029 Augustinus,
2854 4947 2906 5031 ¹)
2949 4944 3117 5008 nihil
3162 4942 3339 5008 aliud
3383 4963 3576 5027 quam
3620 4945 3836 5010 carnis
3887 4962 4169 5021 occasus,
4213 4941 4322 5025 qni

2536 5218 2595 5285 1)
2630 5216 2713 5271 De
2751 5217 3049 5273 discrimine
3083 5219 3225 5272 vitae
3259 5221 3525 5274 humanae
3561 5225 3618 5273 et
3649 5219 3789 5273 brut.
3822 5233 3867 5271 c.
3902 5215 3987 5271 43.
