4984 5975
379 287 460 352 25
1932 281 2224 350 LIBER
2264 282 2318 349 I.

549 473 636 538 In
674 472 810 555 fida
850 472 1041 539 tutela
1081 469 1324 560 haben]
1379 471 1611 539 Cicero
1650 471 1839 538 offic.
1876 473 1930 537 I.
1988 479 2322 554 comparat
2343 434 2360 449 ο

378 558 937 625 administratores
987 558 1082 623 rei
1129 552 1381 623 ublicae
1424 558 1782 624 tutoribus..
1855 557 1964 624 Ad
2005 556 2177 641 quod
2221 558 2317 623 vi-

377 643 571 711 detur
625 645 988 728 respexisse
1113 644 1403 709 ornelius
1458 645 1724 710 Tacitus
1791 643 1935 709 libr.
1992 643 2046 707 1.
2116 663 2319 725 quum

377 729 462 796 de
492 730 757 797 Tiberio
799 729 1088 814 loquitur
1120 729 1470 812 imperium
1502 739 1870 796 recusante:
1913 728 2101 794 Inter
2134 748 2318 811 quae,

374 816 605 901 inquit,
651 823 886 882 senatu
924 814 1008 879 ad
1050 816 1312 881 infimas
1341 815 1815 882 obtestationes
1837 814 2318 898 procumbente,

378 900 545 967 dixit
596 902 762 967 forte
806 901 1109 967 Tiberius
1139 920 1235 972 ‚se
1286 909 1365 966 ut
1415 921 1547 966 non
1601 901 1722 989 toti
1765 900 2162 984 reipublicae
2203 919 2321 982 pa·-

375 1008 535 1068 rem,
578 988 676 1053 ita
717 1004 1138 1071 quaecunque
1180 1006 1333 1069 pars
1376 987 1498 1053 sibi
1539 985 1984 1063 mandaretur,
2029 985 2169 1051 eius
2212 994 2320 1048 tu-

377 1072 579 1138 telam
625 1081 1096 1156 suscepturum.
1189 1077 1336 1151 [pag.
1379 1077 1484 1152 13]
1530 1070 1858 1154 Quoniam
1901 1072 2104 1155 igitur
2148 1077 2321 1135 tuto-

374 1159 557 1225 ribus
597 1179 730 1225 non
773 1179 912 1239 sua⁴
934 1158 1115 1223 fraus
1159 1157 1387 1237 solum,
1434 1157 1549 1222 sed
1593 1160 1789 1224 etiam
1825 1178 1946 1223 sua
1979 1156 2319 1242 negligen-

325 1258 340 1269 ·
375 1245 467 1309 tia
508 1243 875 1328 periculosa
917 1250 1035 1322 est,
1081 1243 1239 1309 dicit
1281 1243 1534 1310 Seneca
1575 1244 1906 1309 Neronem
1949 1244 2089 1308 eius
2120 1261 2320 1326 gene-

372 1330 803 1481 {isturgi-{21:128
859 1329 986 1395 diis
1044 1328 1403 1413 approbare
1455 1348 1671 1413 posse,
1745 1349 1908 1412 quae
1962 1328 2320 1413 exiguntur

555 1517 703 1583 Non
758 1518 982 1600 perdis
1047 1515 1327 1603 operam]
1393 1517 1790 1601 Plerumque
1844 1482 2318 1603 ingratitudine

376 1602 562 1690 vulgi
616 1602 698 1668 de
753 1610 928 1669 recto
980 1603 1281 1668 instituto
1335 1600 1747 1680 deducuntur
1797 1604 1911 1687 qui
1962 1601 2317 1685 rempubli-

377 1709 521 1755 cam
563 1688 898 1840 pragicliare
941 1697 1136 1837 antga
1176 1698 1528 1840 geesgrfft‘
1596 1688 1791 1788 Unde
1832 1688 1997 1754 illud
2039 1688 2318 1787 Homeri

378 1794 1152 1926 ffiinchss{32a{ss,⁰z'
1188 1795 1313 1856 quo
1457 1794 1713 1842 rasmus
1747 1787 1924 1840 mter
1956 1793 2318 1857 paroemias

583 1976 674 2040 Μή
706 1995 788 2036 τις
807 1976 905 2062 ,ἔτι
938 1975 1206 2097 noemam?
1241 1972 1445 2044 α’γανός
1478 1982 1571 2031 καὶ
1606 1978 1758 2045 ἤπιος
1794 1977 1934 2031 ἔστω

574 2051 928 2183 ξυνεπέἳ
1016 2047 1869 2187 5:35222’12'5235222222‘2‘2‘1
1904 2046 2083 2111 ἕως»

379 2218 492 2287 Sic
535 2219 881 2286 transtulit
920 2219 1273 2285 Erasmus:

514 2339 822 2462 ἓὲἰὼῃὲῗῇέ
823 2338 1753 2478 ⁶13333⁵33⁸oe332222⁸3⁰t¹wt
1775 2341 2055 2478 fflffi’

517 2475 625 2531 Sed
661 2450 874 2544 semp'et
905 2475 1056 2531 ferus
1092 2486 1229 2545 esto,
1266 2483 1322 2532 et
1357 2492 1570 2547 semper
1601 2480 1783 2547 imqua
1815 2452 2054 2547 patratd.

377 2581 523 2648 Hoc
574 2578 751 2645 idem
824 2585 1109 2644 testatur
1160 2579 1471 2645 Valerius
1528 2581 1636 2646 lib.
1692 2579 1886 2645 VIII.
1998 2582 2159 2664 Ipsa
2200 2604 2319 2648 na-

377 2675 528 2732 tura
577 2665 769 2731 nobis
831 2663 1236 2730 alacritatem
1303 2664 1845 2732 subministrante
1859 2717 1874 2744 ‚
1940 2686 2146 2749 quum
2200 2669 2319 2735 ho-

373 2772 599 2818 norem
644 2748 1011 2815 industriae
1054 2752 1268 2834 appeti
1287 2803 1304 2831 ,
1352 2760 1419 2816 et
1462 2751 1713 2817 exsolvi
1759 2760 1949 2836 grate
1990 2752 2314 2819 videmus.

367 2839 553 2922 Ergo
599 2835 908 2902 admonet
947 2835 1278 2901 Neronem
1325 2835 1579 2903 Seneca
1622 2836 1703 2903 de
1756 2839 2163 2922 gratitudine
2201 2860 2318 2921 po-

367 2924 542 3009 puli,
601 2923 915 3006 primum,
976 2942 1061 2987 ne
1107 2920 1412 2988 videatur
1467 2922 1781 2989 beneficia
1831 2923 1966 2990 iam
2017 2924 2319 3010 impensa

365 3008 766 3094 perdidisse,
823 3017 941 3073 aut
981 3008 1150 3075 male
1193 3008 1570 3075 collocasse:
1623 3010 1860 3075 deinde
1903 3021 1980 3073 ut
2023 3011 2096 3076 in
2139 3013 2318 3076 futu-

365 3117 521 3160 rum
559 3094 798 3160 melius
841 3094 1205 3166 animatum
1245 3094 1496 3160 reddat.

543 3197 867 3280 Maliynos
921 3195 1370 3285 aestimatores]
1447 3209 1560 3264 aut
1612 3199 1869 3264 ieiunos
1923 3205 1997 3263 et
2063 3219 2313 3282 parcos.

367 3282 484 3351 Sic
548 3282 751 3351 colles
807 3281 1127 3366 malignos
1194 3283 1370 3348 dixit
1423 3283 1759 3369 Vergilius
1813 3285 2002 3367 quasi
2060 3284 2317 3351 steriles

366 3378 440 3437 et
473 3366 914 3435 infoecundos.
1005 3366 1457 3450 Quintilianus
1509 3369 1786 3435 lib.·11.:
1843 3369 1928 3434 In
1969 3369 2317 3435 laudandis

366 3454 843 3540 discipulorum
898 3453 1256 3519 actionibus
1300 3475 1421 3521 nec
1461 3455 1792 3540 malignus
1811 3505 1826 3533 ,
1882 3477 2002 3522 nec
2045 3456 2314 3522 effusus.

368 3542 624 3609 Contra
662 3540 970 3604 Donatus
1012 3540 1082 3604 in
1116 3540 1408 3606 Terentii
1442 3540 1804 3625 Adelphos:
1853 3540 2171 3626 Benigne,
2216 3543 2317 3607 in-

370 3628 533 3713 quit,
577 3626 783 3709 large,
829 3633 897 3689 et
939 3624 1214 3690 abunde.
1304 3622 1418 3691 Sic
1459 3627 1708 3711 accepit
1749 3626 2098 3693 Horatius:

854 3794 938 3850 De
977 3781 1124 3876 renio
1195 3727 1493 3851 mahen
1577 3745 1726 3879 ‘blida

859 3862 936 3919 O·
1027 3865 1192 3920 aliare
1232 3881 1262 3919 e
1297 3881 1502 3920 merum
1536 3865 1701 3920 diota.

365 3953 574 4020 Item:

851 4052 1822 4191 mmmmm..

363 4226 514 4292 Vel·
552 4226 907 4311 malignos,
963 4223 1034 4290 id
1087 4235 1190 4291 est
1241 4224 1617 4291 malevolos.
1696 4222 2148 4306 Quintilianus
2203 4225 2312 4292 lib.

362 4311 530 4380 XL:
589 4311 674 4377 In
719 4309 1117 4378 carminibus
1137 4309 1417 4376 'utinam
1470 4311 1896 4393 pepercisset,
1952 4331 2122 4393 quae
2179 4331 2316 4375 non

364 4399 711 4464 desierunt
775 4417 1042 4479 carpere
1103 4395 1397 4486 maligni.
1505 4394 1756 4462 Contra
1819 4396 1991 4461 idem
2063 4393 2315 4463 Seneca

359 4484 480 4550 lib.
525 4483 608 4548 V.
671 4481 751 4548 de
806 4483 1168 4550 beneficiis:
1241 4481 1306 4547 N
1308 4503 1393 4547 on
1448 4481 1726 4547 aliorum
1780 4501 1988 4546 annos
2048 4502 2313 4566 compu-

361 4578 532 4648 tare,
578 4568 695 4635 sed
739 4589 894 4635 suos
938 4569 1220 4653 benigne
1264 4567 1629 4633 aestimare.
2131 4571 2142 4580 '

545 4670 841 4754 Μεθύων
873 4671 984 4737 tibi
1014 4668 1255 4757 qratia]
1294 4672 1497 4753 Atqui
1532 4669 1797 4736 videtur
1828 4670 2050 4752 potius
2086 4669 2314 4735 haberi

358 4757 604 4844 gratia,
649 4777 847 4840 quam
881 4757 1128 4834 referri,
1166 4777 1373 4840 quum
1407 4755 1794 4822 beneficium
1830 4754 2143 4832 beneficio
2178 4776 2313 4820 non

355 4851 704 4994 gensetur.
793 4843 1050 4908 Verum
1104 4842 1212 4909 hic
1256 4841 1706 4925 accipiendum
1749 4848 1851 4907 est
1893 4839 2313 4925 quemadmo-

409 4949 532 4994 um
574 4929 646 4993 in
701 4930 994 4995 oratione
1015 4929 1157 5012 ‘pro
1198 4926 1470 4995 Plancio
1510 4926 1676 4993 illud
1720 4925 2081 4993 Ciceronis:
2139 4926 2313 4993 Gra·

357 5014 538 5080 tiam
580 5023 649 5079 et
691 5015 804 5098 qui
851 5015 1077 5095 refert,
1134 5013 1358 5080 habet:
1407 5022 1475 5078 et
1516 5013 1631 5098 qui
1673 5012 1889 5092 habet,
1934 5012 2007 5075 in
2051 5033 2126 5079 eo
2170 5012 2314 5095 ipso

355 5097 546 5185 quod
603 5098 831 5180 habet,
895 5101 1113 5166 refert.
1211 5100 1307 5166 Et
1345 5098 1620 5181 Epistol.
1679 5098 1789 5164 lib.
1846 5098 1960 5163 V.:
2015 5096 2195 5164 Illud
2241 5098 2314 5162 in

357 5185 660 5254 amicitia
709 5193 1050 5267 mutuum,
1104 5205 1311 5270 quum
1363 5204 1487 5268 par
1528 5184 1837 5250 voluntas
1890 5184 2207 5266 accipitur
2248 5190 2316 5249 et

2406 281 2710 350 CAPUT
2750 283 2807 349 1.
4281 287 4364 351 26

2423 470 2735 537 redditur.
2826 471 3090 556 Alioqui
3146 473 3391 538 referre
3433 472 3733 556 gratiam,
3781 479 3884 539 est
3923 474 4222 542 beneficii
4263 475 4366 542 vi-

2423 577 2568 623 cem
2610 557 2983 640 rependere.

2600 642 2797 709 Nemo
2852 664 3021 725 unus
3075 643 3252 710 homo
3348 643 3477 709 Est
3531 642 3899 728 ἄρχαῑσμός,
3952 646 4106 730 quia
4152 667 4364 728 nemo,

2424 729 2758 795 hominem
2805 728 3313 812 comprehendit.
3404 730 3749 795 Terentius
3792 730 3865 794 in
3910 731 4265 798 Eunucho:

2664 813 2803 869 Num
2839 816 2958 884 quis
2993 815 3080 870 hie
3113 830 3198 869 me
3237 815 3517 883 sequitur?
3584 814 3757 871 Nemo
3790 816 3954 881 homo
3992 823 4090 872 est.

2427 900 2657 968 Cicero
2714 921 2835 983 pro
2889 898 3108 986 Sylla:
3171 900 3317 966 Nisi
3380 901 3546 966 forte
3602 902 3857 986 regium
3911 902 4031 968 tibi
4083 902 4365 984 videtur,

2424 988 2520 1053 ita
2561 987 2804 1066 vivere,
2849 994 2927 1052 ut
2967 1007 3098 1051 non
3138 986 3332 1051 modo
3375 987 3625 1052 homini
3660 987 3927 1067 nemini,
3972 987 4088 1054 sed
4129 1010 4216 1053 ne
4250 1011 4365 1054 cu-

2427 1073 2687 1155 piditati
2739 1070 2999 1155 quidem
3062 1073 3328 1138 servias.
3441 1071 3635 1138 Cato:
3692 1071 4121 1140 Caduceatori
4175 1095 4367 1142 nemo

2424 1159 2620 1223 homo
2687 1165 2891 1224 nocet.
3001 1157 3189 1223 Idem
3250 1179 3371 1243 pro
3425 1157 3942 1224 Rhodiensibus:
4034 1157 4110 1226 Si
4177 1181 4366 1227 nemo

2425 1251 2598 1309 esset
2638 1243 2834 1309 homo
2876 1263 3070 1326 quem
3113 1265 3495 1310 vereremur
3508 1296 3525 1323 ,
3566 1244 3883 1327 quidquid
3925 1244 4157 1311 liberet
4194 1246 4367 1311 faee-

2385 1356 2390 1365 ·
2424 1350 2665 1395 remus.
2732 1329 2827 1394 Et
2864 1337 2965 1396 est
2991 1331 3409 1414 exaggeratio
3445 1351 3527 1394 ex
3566 1330 4065 1413 comparatione,
4110 1332 4265 1413 quia
4294 1333 4367 1397 in

2423 1417 2626 1481 unius
2657 1416 2939 1499 gratiam
2963 1436 3033 1480 se
3053 1436 3314 1499 ponere,
3361 1435 3493 1480 non
3527 1414 3688 1501 adeo
3720 1414 3982 1482 difficile
4015 1423 4130 1494 est,
4167 1438 4364 1500 quam

2423 1509 2523 1566 tot
2567 1505 2714 1580 [pag.
2758 1505 2863 1580 14]
2908 1500 3249 1566 hominum
3292 1499 3671 1566 voluntates
3714 1501 3838 1567 sibi
3872 1501 4232 1568 conciliare.

2599 1585 2724 1652 Sed
2789 1588 3007 1669 inqens
3070 1585 3183 1650 tibi
3241 1583 3426 1673 onus]
3508 1584 3718 1668 Quasi
3784 1586 4051 1653 diceret:
4120 1586 4366 1653 Gravis

2422 1672 2542 1738 tibi
2590 1670 2969 1737 adversaria
3002 1671 3358 1737 constituta
3390 1679 3519 1738 est:
3554 1671 3706 1737 vide
3741 1680 3818 1737 ut
3852 1673 4189 1761 hominum
4228 1674 4367 1756 opi·
4401 1752 4407 1759 ,

2421 1757 2605 1824 nioni
2650 1757 3032 1837 satisfacias,
3077 1777 3273 1840 quam
3317 1756 3398 1822 de
3442 1764 3507 1822 te
3547 1764 4000 1841 conceperunt.

2600 1843 2798 1909 Nemo
2840 1844 3058 1908 divum
3099 1845 3486 1927 Augustum,
3529 1863 3636 1909 nec
3685 1844 3925 1910 Tiberii
3954 1846 4177 1927 prima
4221 1850 4364 1910 tem-

2412 1926 2607 2017 pora]
2661 1927 2797 2010 Qui
2852 1928 3017 1994 bene
3069 1928 3149 1995 de
3202 1927 3478 1994 subditis
3530 1929 3749 1994 meriti
3807 1942 3964 1994 sunt
4017 1930 4364 2029 principes,

2425 2035 2633 2097 quum
2685 2015 3091 2095 moriuntur,
3159 2022 3226 2080 et
3279 2014 3675 2080 desiderium
3745 2015 3853 2079 sui
3917 2016 4364 2098 praesentibus

2423 2100 2824 2183 relinquunt,
2871 2108 2940 2164 et
2980 2101 3260 2183 posteris
3282 2106 3641 2191 *aeternam
3684 2102 4083 2167 memoriam.
4162 2101 4366 2167 Prae-

2424 2186 2651 2252 sertim
2706 2184 2873 2249 illud
2913 2185 3049 2250 fere
3089 2207 3217 2250 usu
3260 2186 3472 2264 venit,
3517 2194 3595 2249 ut
3634 2188 3707 2251 in
3745 2187 4205 2269 praesentibus
4244 2187 4371 2251 mi-

2426 2272 2615 2337 seriis
2656 2271 2973 2357 pristinae
3016 2270 3346 2337 felicitatis
3389 2278 3692 2337 occurrat
3730 2273 4061 2337 memoria.
4137 2270 4368 2354 Quum

2423 2378 2583 2422 vero
2626 2377 2762 2420 non
2813 2358 3165 2421 reflectunt
3206 2357 3427 2423 oculos
3479 2356 3561 2421 ad
3618 2357 3972 2440 praeterita
3986 2409 4000 2435 ,
4054 2358 4369 2422 nimirum

2423 2442 2845 2526 acquiescunt
2884 2442 2956 2506 in
2999 2443 3469 2525 praesentibus.
3561 2440 3755 2523 Quod
3798 2442 4016 2525 ipsum
4060 2442 4142 2506 ad
4181 2464 4367 2527 mag·

2421 2549 2578 2593 nam
2630 2527 2912 2594 Neronis
2965 2524 3232 2592 laudem
3283 2528 3587 2612 pertinet.
3688 2527 3942 2593 Divum
3985 2529 4049 2592 A
4224 2534 4368 2593 tum

2422 2613 2583 2679 dicit
2636 2612 3000 2679 secundum
3052 2614 3238 2679 verbi
3293 2615 3757 2696 proprietatem
3770 2665 3787 2693 ,
3844 2634 4043 2697 quam
4178 2613 4365 2679 rvius

2423 2700 2764 2764 annotavit
2815 2700 2886 2763 in
2924 2699 3009 2763 V.
3055 2700 3520 2765 commentario
3573 2698 3911 2765 Aeneidos.
3996 2700 4103 2764 De
4157 2700 4366 2781 impe-

2422 2792 2716 2850 ratorum
2752 2785 3234 2851 consecratione
3279 2785 3431 2850 alibi
3476 2784 3748 2852 dicetur.
3837 2785 4180 2850 Postremo
4224 2806 4365 2849 non

2423 2872 2777 2937 oscitanter
2813 2870 3388 2954 praetereundum,
3435 2868 3612 2954 quod
3651 2872 4036 2955 Augustum
4080 2869 4254 2948 dicit,
4300 2877 4369 2935 et

2424 2957 2669 3023 Tiberii
2712 2957 2926 3040 prima
2968 2964 3276 3041 tempora.
3341 2956 3515 3022 Nam
3559 2953 3944 3043 Augustum
3986 2964 4135 3040 post
4168 2955 4364 3040 adep-

2422 3051 2560 3108 tam
2633 3042 3078 3109 monarchiam
3164 3042 3333 3107 nihil
3408 3042 3760 3109 crudeliter
3821 3044 4034 3127 egisse
4100 3043 4363 3127 legitur,

2422 3150 2659 3196 verum
2706 3129 2800 3193 sic
2842 3129 3063 3193 omnia
3105 3128 3186 3193 ad
3223 3128 3608 3195 civilitatem
3642 3128 4098 3211 composuisse,
4142 3135 4221 3192 ut
4262 3127 4364 3193 ul-

2419 3217 2587 3280 tima
2629 3235 2780 3280 cum
2822 3214 3051 3297 primis
3094 3221 3487 3281 contexeret.
3576 3212 3727 3295 Quo
3769 3214 4006 3279 merito
4048 3234 4365 3298 assequu-

2421 3309 2535 3366 tus
2590 3307 2693 3366 est
2747 3306 2827 3362 ut
2878 3315 3012 3363 non
3066 3299 3394 3364 defuerint
3433 3308 3584 3383 post
3626 3309 3929 3379 mortem,
3987 3300 4101 3384 qui
4137 3321 4364 3365 saecu-

2419 3387 2563 3451 lum
2607 3391 2963 3469 augustum
3020 3384 3482 3467 appellandum
3524 3394 3890 3463 censerent,
3947 3383 4363 3468 quemadmo-

2421 3473 2581 3537 dum
2627 3470 2964 3537 saeculum
3007 3491 3281 3535 aureum
3297 3522 3314 3550 ,
3370 3478 3445 3535 ut
3484 3471 3689 3536 refert
3730 3470 4172 3553 Tranquillus.
4251 3469 4363 3532 Ti-

2419 3558 2644 3623 berius
2699 3556 3040 3621 hominum
3094 3557 3471 3640 opinionem
3512 3556 3593 3621 de
3646 3578 3718 3620 se
3760 3563 4139 3638 conceptam
4179 3552 4360 3619 fefel-

2420 3645 2517 3723 lit,
2562 3663 2769 3726 quum
2802 3661 3011 3723 paene
3055 3662 3303 3714 novum
3339 3641 3553 3708 induit
3590 3641 3944 3706 hominem:
3992 3661 4112 3705 nec
4147 3639 4359 3704 solum

2418 3729 2643 3880 {ru-pit
2677 3729 3047 3878 {iz’alrnnem
3093 3726 3571 3879 οωᾶῴἐωῒῖῖῗὲ
3606 3726 3721 3792 sed
3755 3726 3931 3790 omni
3970 3745 4210 3808 genere
4244 3745 4360 3824 ne7

2446 3834 2625 3879 anae
2768 3836 2793 3877 1
2863 3835 2965 3878 ms
3228 3835 3301 3877 v1
3343 3866 3359 3893 ,
3574 3834 3724 3877 rum
3784 3829 4053 3893 prorsus
4105 3829 4360 3875 romam

2420 3899 2680 3983 imperii
2721 3898 3019 3964 dedecus.
3174 3898 3281 3963 ide
3324 3898 3800 3980 Tranquillum.

2599 3984 2757 4064 Nec,
2822 3985 2984 4066 quod
3040 3990 3099 4049 te
3151 3985 3397 4050 imitari
3448 3980 3621 4069 velit]
3691 3980 3878 4064 Quos
3925 3980 4233 4047 volumus
4276 3980 4361 4047 ad

2419 4072 2736 4137 virtutem
2794 4077 3105 4153 tanquam
3161 4069 3440 4134 subditis
3484 4067 3842 4134 calcaribus
3897 4067 4198 4147 incitare,
4254 4088 4360 4132 so-

2419 4156 2635 4222 lemus
2689 4157 2772 4221 iis
2828 4176 3190 4239 proponere
3243 4174 3518 4240 magnos
3556 4155 3736 4219 viros
3777 4151 3861 4218 ad
3913 4153 4358 4218 imitationem.

2419 4242 2614 4309 Unde
2656 4242 2928 4308 historia
2968 4242 3145 4312 vitae
3185 4243 3505 4326 magistra
3547 4238 3880 4317 Ciceroni,
3934 4240 4004 4304 in
4046 4258 4177 4321 qua
4213 4251 4360 4303 tan-

2461 4345 2617 4393 uam
2662 4330 2731 4393 in
2776 4325 3041 4410 speculo
3084 4327 3264 4392 vitae
3319 4338 3586 4391 nostrae
3639 4324 3960 4389 rationem
4005 4326 4357 4389 intuemur.

2485 4414 2599 4479 uid
2653 4414 3015 4498 fugiamus,
3085 4412 3242 4495 quid
3298 4431 3679 4495 sequamur,
3748 4410 4079 4476 cernimus
4134 4408 4356 4475 oculis.

2419 4497 2555 4566 Sed
2597 4498 2929 4564 extraneis
2973 4496 3292 4581 exemplis
3325 4497 3593 4561 minime
3630 4495 3949 4580 indigent,
3987 4495 4223 4579 quibus
4259 4502 4361 4559 est

2419 4606 2459 4650 a
2522 4593 2765 4651 natura
2819 4584 3118 4668 ingenita
3170 4582 3474 4667 probitas.
3585 4579 3778 4663 Quod
3830 4580 3941 4646 hic
3983 4580 4196 4645 voluit
4236 4578 4360 4646 Se-

2417 4689 2597 4736 neca.
2669 4669 2899 4736 Cieero
2942 4667 3325 4735 Dolabellae
3366 4667 3575 4750 Epist.
3612 4666 3769 4733 IX.:
3817 4664 3997 4748 Quid
4041 4673 4146 4730 est
4185 4664 4358 4749 quod

2418 4778 2540 4842 ego
2597 4765 2663 4822 te
2718 4755 2942 4820 horter
2984 4761 3064 4818 ut
3113 4753 3416 4837 dignitati
3460 4761 3528 4817 et
3578 4752 3823 4837 gloriae
3880 4753 4158 4817 servias:
4204 4771 4356 4835 pro-

2415 4862 2655 4925 ponam
2720 4841 2840 4907 tibi
2905 4840 3114 4906 claros
3166 4837 3388 4904 viros?
3455 4837 3628 4921 quod
3698 4839 3911 4904 faeere
3975 4837 4186 4902 solent
4241 4837 4355 4920 qui

2417 4927 2780 4992 hortantur.
2868 4925 3214 4991 Neminem
3260 4924 3468 4990 habeo
3508 4924 3867 5003 clariorem,
3908 4943 4103 5006 quam
4150 4930 4216 4986 te
4256 4922 4357 5005 ip-

2415 5034 2582 5079 sum.
2672 5013 2767 5077 Te
2806 5012 3062 5076 imitere
3105 5017 3378 5093 oportet,
3424 5019 3642 5075 tecum
3685 5010 3825 5093 ipse
3867 5013 4092 5074 certes.
4168 5005 4356 5071 Idem

2419 5098 2526 5164 lib.
2574 5097 2664 5163 H.
2711 5096 3013 5164 Curioni:
3069 5096 3316 5161 Tecum
3359 5096 3649 5180 loquere,
3693 5103 3761 5159 te
3809 5091 4045 5158 adhibe
4085 5094 4157 5157 in
4202 5113 4353 5157 eon-

2417 5182 2668 5264 silium,
2726 5191 2791 5248 te
2844 5179 3019 5262 audi,
3077 5179 3196 5247 tibi
3249 5182 3639 5265 obtempera.
3726 5180 3819 5245 Et
3873 5177 3982 5245 lib.
4027 5176 4225 5243 xm.
4271 5175 4355 5240 ad
