4984 5975
366 283 482 346 193
1810 309 1817 316 ·
1877 278 2826 348 PSYCHOPANNYCHIA.
4232 294 4353 357 194

360 467 478 533 bus
522 467 750 533 diebus
795 474 860 533 et
896 468 1104 534 tribus
1149 466 1447 534 noctibus
1502 465 1670 551 (Ion.
1712 470 1846 546 2‚·2
1863 490 1880 547 ;
1918 467 2155 533 Matth.
2202 471 2299 547 12,

358 555 490 636 40).
584 553 789 636 Atqui
827 552 1024 619 Ionas
1069 552 1149 617 de
1184 560 1415 618 ventre
1457 553 1654 635 piscis
1696 553 2002 618 clamavit
2044 550 2125 617 ad
2161 551 2303 617 Do-

356 641 631 718 minum,
667 646 734 704 et
765 638 1115 704 exauditus
1148 647 1263 703 est.
1310 637 1566 703 Venter
1594 638 1707 703 ille
1741 660 1918 704 mors
1953 648 2068 705 est.
2136 639 2302 703 Ani-

357 747 535 791 mam
569 725 774 809 igitur
795 724 1045 790 salvam
1075 724 1149 789 in
1182 730 1391 789 morte
1422 723 1677 788 habuit:
1716 723 2079 789 secundm
2107 745 2303 807 quam

358 811 670 877 clamaret
714 809 796 874 ad
839 808 1220 874 Dominum.
1309 809 1497 875 Isaac
1541 830 1820 892 quoque,
1867 810 1983 893 qui
2024 812 2304 895 figuram

363 895 615 962 Christi
660 889 893 980 gessit,
953 903 1019 960 et
1061 917 1101 960 a
1143 904 1351 961 morte
1394 896 1562 978 patri
1611 893 1903 961 redditus
1959 901 2059 960 est
2074 948 2088 974 ,
2143 915 2301 978 quo-

364 979 535 1060 dam,
579 989 655 1046 ut
696 981 789 1046 ait
831 981 1178 1063 apostolus,
1225 979 1716 1046 resurrectionis
1909 1032 1924 1059 ,
1972 980 2154 1046 nobis
2189 1002 2302 1045 ve-

358 1069 618 1132 ritatem
656 1068 729 1132 in
770 1068 987 1150 figura
1018 1066 1231 1149 aperit
1274 1065 1471 1149 (Gen.
1514 1069 1614 1144 22,
1658 1071 1767 1145 103
1804 1066 2006 1132 Hebr.
2039 1071 2133 1145 11,
2167 1065 2301 1149 19);

359 1174 559 1236 quum
605 1154 780 1217 enim
824 1152 1169 1234 impositus
1213 1160 1384 1218 esset
1425 1152 1617 1217 altari
1656 1160 1884 1234 parata
1926 1152 2192 1218 victima
2236 1158 2302 1217 01

360 1238 665 1322 alligatus
699 1245 888 1315 esset,
924 1245 1152 1321 postea
1182 1238 1367 1303 iussu
1403 1237 1673 1302 Domini
1709 1237 1961 1303 solutus
1989 1246 2104 1303 est.
2164 1235 2299 1303 Sed

361 1325 544 1403 aries,
588 1323 699 1405 qui
740 1324 913 1388 inter
947 1344 1177 1406 vepres
1213 1322 1528 1401 haeserat,
1575 1323 1646 1386 in
1684 1323 1891 1389 vicem
1927 1323 2112 1388 Isaac
2145 1345 2298 1407 sup-

361 1409 610 1492 positus
651 1417 765 1474 est.
855 1406 1033 1490 Quid
1072 1417 1174 1473 est
1213 1417 1430 1472 autem
1472 1406 1645 1490 quod
1688 1408 1876 1473 Isaac
1920 1428 2053 1473 non
2100 1410 2299 1473 mori-

362 1504 488 1573 tur,
533 1495 662 1559 nisi
705 1495 857 1576 quia
900 1493 1068 1576 quod
1110 1495 1447 1577 proprium
1506 1501 1606 1558 est
1662 1492 1974 1572 hominis,
2032 1495 2297 1559 immor-

361 1581 490 1645 tale
549 1579 857 1646 Christus
910 1580 1266 1662 praestitit,
1322 1579 1445 1644 hoc
1498 1587 1628 1656 est,
1688 1578 2013 1644 animam?
2104 1581 2298 1645 Aries

360 1687 531 1743 vero,
578 1664 819 1730 animal
860 1664 1253 1743 irrationale,
1296 1666 1407 1747 qui
1448 1665 1518 1728 in
1562 1665 1702 1729 eius
1743 1664 1959 1729 locum
2001 1664 2083 1730 ad
2123 1687 2296 1730 mor-

363 1760 495 1815 tem
541 1751 977 1827 substituitur,
1026 1771 1257 1832 corpus
1301 1759 1415 1815 est.
1492 1748 1685 1831 Quod
1728 1757 1949 1814 autem
1993 1749 2101 1814 alli
2189 1761 2297 1815 tur

361 1836 570 1913 Isaac,
616 1836 903 1901 animam
946 1842 1419 1919 repraesentat,
1474 1856 1638 1917 quae
1680 1836 1751 1900 in
1794 1843 2002 1900 morte
2046 1836 2099 1901 C
2152 1836 2297 1902 risti

362 1923 639 2005 speciem
660 1921 994 1987 morientis
1029 1919 1230 1986 dedit:
1270 1928 1335 1986 et
1368 1919 1481 1985 dat
1515 1921 1713 1986 etiam
1736 1921 2023 2004 quotidie
2055 1922 2124 1985 in
2149 1921 2295 1987 vul-

360 2009 499 2091 gari
540 2017 751 2071 morte
797 2007 1166 2082 hominum:
1215 2007 1324 2071 ubi
1361 2007 1597 2084 omnia,
1645 2005 1935 2071 humana
1969 2007 2291 2089 opinione,

361 2092 719 2159 creduntur
761 2092 1112 2158 exstincta:
1159 2113 1358 2174 quum
1401 2100 1622 2155 tamen
1655 2113 1739 2156 ex
1767 2092 2049 2157 vinculis
2085 2092 2295 2157 soluta

363 2180 447 2244 sit
487 2177 739 2244 Christi
780 2178 1028 2256 anima,
1073 2185 1140 2243 et
1179 2187 1436 2242 nostrae
1478 2196 1733 2260 quoque
1777 2177 2132 2256 solvantur,
2178 2198 2295 2241 an-

363 2272 624 2347 tequam
669 2271 954 2345 pereant.
1043 2263 1364 2329 Perfricet
1406 2262 1688 2326 frontem
1745 2283 1920 2328 nunc
1976 2263 2297 2345 quispiam

365 2370 443 2413 ex
472 2348 670 2426 vobis,
710 2356 776 2414 et
808 2350 1002 2414 iactet
1036 2357 1313 2413 mortem
1348 2347 1600 2412 Christi
1630 2348 1957 2413 somnium
1983 2349 2029 2428 ¹)
2068 2348 2294 2413 fuisse:

364 2434 467 2499 vel
523 2435 789 2500 omnino
844 2435 915 2498 in
971 2442 1187 2499 castra
1226 2433 1621 2516 Apollinaris
1678 2433 2082 2516 transfugiat.
2172 2432 2297 2497 1110

365 2519 623 2602 quidem
645 2518 956 2604 vigilavit,
982 2519 1136 2583 dum
1160 2519 1565 2584 incumberet
1585 2519 1653 2582 in
1677 2518 1958 2583 salutem
1978 2525 2293 2584 vestram:

368 2627 478 2670 vos
534 2612 756 2670 autem
810 2603 1107 2670 dormitis
1160 2624 1462 2670 somnum
1507 2612 1829 2681 vestrum,
1884 2610 1952 2668 et
2009 2603 2297 2669 tenebris

366 2691 687 2756 caecitatis
732 2690 946 2756 obruti
990 2689 1251 2774 vigilias
1294 2711 1428 2755 non
1473 2688 1821 2754 exauditis.

526 2861 884 2926 Praeterea
920 2883 1047 2926 non
1085 2861 1207 2926 hoc
1245 2868 1498 2926 tantum
1535 2880 1656 2925 nos
1692 2860 2079 2941 consolatur,
2126 2857 2299 2943 quod

368 2946 689 3025 Christus,
746 2953 940 3030 caput
981 2954 1278 3013 nostrum
1295 2998 1311 3025 ,
1367 2946 1436 3011 in
1490 2944 1705 3011 medio
1747 2946 2015 3012 umbrae
2067 2946 2298 3012 mortis

364 3055 492 3098 non
534 3034 754 3116 periit:
802 3031 916 3098 sed
952 3030 1035 3096 ad
1068 3033 1238 3098 hanc
1273 3034 1691 3098 securitatem
1734 3031 1981 3099 accedit
2019 3032 2159 3097 cius
2194 3053 2297 3096 re—

365 3120 690 3198 surrectio,
738 3140 865 3202 qua
903 3119 1133 3184 mortis
1168 3117 1527 3182 Dominum
1563 3138 1633 3182 se
1667 3117 2024 3195 constituit,
2068 3138 2143 3182 00
2177 3138 2296 3183 000

365 3226 587 3356 ἰξῖηἳ.
597 3201 2295 3356 ωοῦῗῗιέἔἯῗὲὶιὲἓέᾝῖᾳέἓαῗὲἔωὲοέἲ.ἱρῖἳῑιξζ

365 3384 651 3441 nostram
684 3373 1126 3440 absconditam
1163 3396 1302 3440 esse
1337 3396 1485 3440 cum
1522 3373 1786 3440 Christo
1830 3375 1900 3438 in
1934 3373 2080 3438 Deo
2124 3372 2293 3458 (Col.

369 3464 421 3539 3,
460 3461 547 3543 3).
633 3461 726 3525 Et
768 3459 952 3524 alibi:
995 3460 1168 3525 Vivo
1213 3480 1359 3544 ege,
1414 3461 1545 3524 iam
1588 3482 1721 3525 non
1764 3481 1915 3545 ego,
1973 3458 2086 3524 sed
2132 3459 2298 3523 vivit

366 3548 429 3611 in
470 3568 575 3611 me
620 3545 927 3612 Christus
972 3545 1148 3627 (Gal.
1190 3550 1247 3624 2,
1288 3545 1416 3630 20).
1486 3544 1661 3627 Quid
1698 3552 2014 3628 superest,
2058 3544 2186 3609 nisi
2223 3552 2296 3608 ut

367 3641 582 3715 aperto
637 3653 747 3696 ore
802 3631 1142 3696 Christum
1196 3631 1270 3695 in
1328 3632 1563 3697 animis
1623 3629 2095 3696 dormientibus
2147 3628 2295 3694 dor-

366 3719 525 3782 mire
592 3726 658 3782 et
709 3714 1003 3782 desidere
1056 3716 1380 3782 clament?
1469 3715 1545 3781 Si
1603 3718 1776 3781 enim
1831 3715 2144 3781 Christus
2196 3721 2298 3780 est

366 3804 471 3886 qui
512 3804 583 3868 in
623 3802 755 3867 illis
801 3802 984 3880 vixit,
1028 3799 1201 3866 idem
1245 3809 1343 3867 est
1391 3802 1505 3884 qui
1546 3802 1613 3866 in
1660 3801 1789 3867 illis
1831 3802 2128 3866 moritur.
2219 3799 2295 3866 Si

370 3889 499 3952 vita
522 3888 773 3954 Christi
808 3895 1033 3951 nostra
1068 3895 1185 3966 est,
1231 3889 1344 3970 qui
1365 3889 1570 3952 vitam
1606 3894 1895 3953 nostram
1929 3888 2120 3952 finire
2153 3885 2301 3952 vult

370 3984 588 4052 morte,
634 3972 938 4039 detrahat
980 3970 1318 4038 Christum
1364 3994 1399 4037 0
1444 3972 1677 4037 dextra
1765 3974 1943 4051 atris,
1991 3980 2057 4037 et
2088 3973 2159 4036 in
2195 3993 2296 4037 se-

366 4058 643 4125 cundam
684 4068 958 4123 mortem
1007 4057 1324 4122 deturbet.
1396 4056 1469 4123 Si
1507 4059 1671 4123 mori
1707 4060 1729 4121 i
1784 4080 1819 4123 e
1852 4065 2083 4141 potest,
2121 4064 2299 4123 certa

364 4166 535 4210 mors
571 4166 689 4210 nos
726 4144 1049 4226 sequitur:
1096 4145 1150 4209 si
1189 4143 1443 4208 nullum
1476 4143 1676 4210 habet
1709 4144 1883 4209 vitae
1916 4144 2138 4222 finem,
2182 4162 2296 4206 ne-

363 4251 485 4313 que
521 4230 774 4295 animae
810 4234 1088 4308 nostrae,
1134 4251 1299 4312 quae
1334 4229 1431 4293 illi
1467 4229 1699 4294 insitae
1736 4238 1908 4308 sunt,
1950 4229 2126 4293 finiri
2162 4228 2300 4292 ulla

362 4326 567 4381 morte
604 4323 891 4398 possunt.
958 4315 1051 4378 Et
1082 4313 1236 4398 quid
1272 4314 1487 4379 adhuc
1517 4313 1930 4380 laboramus?
1996 4316 2107 4379 An
2141 4335 2298 4379 vero

363 4409 518 4466 sunt
558 4401 833 4466 obscura
874 4401 1012 4465 eius
1053 4398 1280 4466 verba:
1329 4398 1506 4481 Quia
1547 4421 1666 4483 ego
1710 4401 1879 4479 vive,
1928 4406 1995 4463 et
2036 4421 2154 4465 vos
2198 4399 2297 4463 vi-

366 4487 528 4553 vetis
572 4486 825 4570 (Ioann.
872 4491 966 4565 14,
1011 4490 1136 4571 19).
1228 4483 1304 4551 Si
1349 4486 1654 4564 vivimus,
1701 4486 1857 4570 quia
1898 4485 2092 4550 vivit:
2140 4504 2296 4570 ergo

364 4572 416 4637 si
458 4572 792 4647 morimur,
839 4572 979 4655 ipse
1022 4571 1154 4636 iam
1198 4591 1330 4637 non
1374 4572 1568 4637 vivet.
1658 4574 1767 4636 An
1811 4571 2156 4637 obscurum
2199 4577 2301 4636 est

363 4656 529 4740 quod
569 4657 896 4741 promisit,
953 4678 1104 4722 eum
1161 4657 1229 4721 in
1280 4679 1350 4723 se
1392 4677 1805 4735 mansurum,
1862 4663 1930 4721 et
1974 4676 2043 4721 se
2084 4657 2156 4720 in
2202 4678 2296 4735 eo,

363 4744 474 4825 qui
504 4765 624 4827 per
644 4741 838 4807 fidem
876 4742 997 4809 sibi
1019 4743 1279 4808 iunctus
1310 4742 1510 4808 fuerit
1532 4742 1782 4827 (Ioann.
1811 4747 1868 4822 6,
1896 4741 2049 4826 56)?
2096 4741 2298 4807 Avel-

499 4980 558 5047 1)
600 4979 695 5036 Sic
717 4980 919 5035 154202
942 4978 1092 5048 1545,
1126 4995 1266 5049 quas
1299 4983 1540 5050 sequatur
1567 4979 1761 5036 Gallus
1798 4984 1896 5048 (un
1919 4984 2131 5051 conge).
2170 4979 2299 5036 Gal-

462 5050 473 5061 '
568 5051 700 5105 bene
733 5049 1034 5105 emendavit
1068 5065 1325 5117 somnum,
1359 5065 1516 5118 quem
1537 5052 1752 5119 sequuti
1770 5056 1900 5106 eunt
1916 5051 2128 5120 reliqui.
2185 5050 2299 5105 Ba-

362 5117 473 5241 2⁷2
493 5118 696 5242 0382οο
730 5119 844 5175 loco
878 5118 1113 5185 effeceris
1162 5117 1455 5171 ver-emnem·
1502 5134 1613 5173 mm
1658 5120 1726 5175 ab
1762 5120 1882 5188 ipso
1923 5117 2151 5174 Calvino
2181 5118 2298 5185 fac·

575 5272 795 5327 Gale-‘M
822 5287 1005 5340 opera.
1090 5269 1198 5325 Vol.
1248 5269 1304 5324 V.

2407 469 2623 535 lamus
2667 490 2822 552 ergo
2865 491 2904 534 a
2938 468 3203 535 Christo
3237 468 3532 535 membra
3575 491 3712 551 sua,
3758 473 3815 539 si
3853 474 4154 543 volumus
4189 479 4353 563 ipsis

2407 556 2613 620 vitam
2657 554 2958 620 adimere.
3048 554 3291 620 Nostra
3332 554 3494 620 haec
3536 558 3853 624 confessio
3893 569 4023 640 est,
4080 568 4196 642 [fol.
4243 571 4346 645 16]

2406 661 2602 724 quam
2639 640 2777 707 suis
2812 640 3012 706 armis
3047 641 3206 706 satis
3238 640 3703 708 instruximus:
3739 644 3822 708 In
3847 644 4065 711 Adam
4087 648 4349 730 quidem

2407 746 2632 791 omnes
2687 748 2805 791 nos
2859 746 3001 791 esse
3043 735 3357 791 mortuos:
3418 727 3532 792 sed
3587 729 3657 793 in
3701 727 3968 795 Christo
4011 733 4233 799 vivere
4280 738 4340 819 (1

2408 810 2554 876 Cor.
2603 816 2698 890 15,
2738 810 2867 896 22).
2959 810 3143 877 Haec
3187 810 3523 895 splendide
3567 820 3634 877 et
3677 816 4018 899 magnifice
4063 838 4103 882 a
4136 819 4347 885 Paulo
4425 804 4436 820 ⁹

2405 903 2800 962 tractantur:
2846 917 3109 978 nempe,
3168 895 3343 980 quod
3385 898 3441 962 si
3487 897 3734 965 Christi
3786 902 4055 983 spiritus
4099 902 4351 969 habitat

2402 982 2476 1045 in
2519 982 2737 1063 nobis,
2792 1002 3027 1063 corpus
3072 981 3332 1064 quidem
3376 993 3706 1048 mortuum
3749 995 3849 1051 est
3892 995 4155 1070 propter
4195 1011 4347 1072 pec-

2406 1075 2649 1147 catum,
2705 1075 2774 1132 at
2812 1066 3078 1150 spiritus
3120 1068 3259 1132 vita
3301 1075 3402 1133 est
3442 1077 3711 1152 propter
3753 1070 4070 1136 iustitiam
4123 1075 4342 1160 (Rom.

2403 1155 2462 1230 8,
2508 1154 2635 1236 10).
2726 1152 2980 1235 Corpus
3023 1152 3271 1219 scilicet
3311 1164 3503 1219 vocat
3543 1176 3829 1221 massam
3870 1160 4135 1238 peccati,
4182 1152 4345 1243 quae

2405 1256 2489 1301 ex
2523 1239 2736 1303 carnis
2768 1238 3115 1303 nativitate
3147 1239 3215 1303 in
3251 1239 3515 1304 homine
3537 1241 3805 1306 residet:
3841 1243 4145 1326 spiritum
4172 1266 4342 1327 vero,

2403 1331 2658 1405 partem
2721 1323 3002 1392 hominis
3058 1323 3484 1405 spiritualiter
3541 1336 4011 1409 regeneratam.
4101 1329 4342 1411 Quare,

2402 1429 2602 1490 quum
2645 1409 2841 1493 paulo
2886 1417 3040 1473 ante
3082 1410 3303 1495 (Rom.
3344 1414 3400 1489 7,
3442 1410 3572 1494 24),
3620 1412 3699 1477 ob
3741 1414 3994 1494 peccati
4035 1415 4344 1499 reliquias

2400 1494 2471 1557 in
2507 1516 2577 1559 se
2615 1494 2978 1572 haerentes,
3015 1495 3343 1559 miseriam
3380 1515 3564 1560 suam
3601 1496 3983 1581 deploraret,
4019 1521 4152 1565 non
4187 1502 4346 1567 sim-

2397 1580 2660 1661 pliciter
2703 1579 2973 1662 optabat
3015 1579 3176 1658 tolli,
3226 1587 3293 1646 et
3333 1580 3499 1645 nihil
3542 1602 3701 1660 esse,
3749 1596 3824 1648 ut
3866 1604 3949 1648 ex
3992 1585 4109 1650 illa
4151 1588 4344 1652 mise-

2399 1666 2499 1728 ria
2543 1665 2874 1731 evaderet:
2922 1663 3036 1729 sed
3078 1665 3337 1730 liberari
3383 1689 3422 1730 a
3464 1686 3734 1750 corpore
3777 1670 4022 1747 mortiS,
4069 1670 4192 1737 hoc
4225 1679 4344 1752 est,

2398 1772 2681 1815 massam
2727 1751 2973 1834 peccati
3015 1751 3088 1814 111
3132 1772 3201 1815 00
3244 1751 3540 1816 interire:
3589 1761 3666 1817 ut
3699 1754 3965 1837 spiritus
4001 1764 4339 1840 purgatus,

2400 1844 2467 1900 et
2511 1837 2693 1918 quasi
2740 1835 3132 1914 defaecatus,
3187 1857 3411 1920 pacem
3467 1858 3616 1904 cum
3659 1838 3805 1904 Deo
3858 1839 4160 1906 haberet:
4217 1841 4340 1909 hoc

2396 1920 2540 2004 ipso
2585 1921 2952 2000 declarans,
3009 1922 3343 1987 meliorem
3397 1924 3502 1988 sui
3555 1932 3811 2007 partem
3864 1926 4150 2009 corporis
4193 1928 4340 1992 vin·

2399 2007 2565 2072 culis
2608 2008 2938 2090 captivam
2979 2009 3207 2086 teneri,
3253 2028 3327 2072 ac
3370 2029 3488 2091 per
3529 2019 3804 2075 mortem
3849 2010 4196 2077 liberatum
4240 2013 4340 2077 iri.

2569 2176 2845 2242 Utinam
2888 2185 3066 2243 recta
3107 2177 3236 2242 fide
3277 2180 3611 2262 percipere
3653 2199 3989 2261 possemus
4033 2182 4221 2264 quale
4258 2184 4343 2248 sit

2399 2283 2679 2347 regnum
2715 2263 2860 2341 Dei,
2907 2261 3079 2346 quod
3114 2272 3216 2327 est
3249 2263 3425 2327 intra
3463 2262 3704 2343 fideles,
3749 2267 3941 2329 etiam
3980 2266 4134 2330 dum
4172 2268 4342 2335 hanc

2399 2348 2609 2412 vitam
2665 2348 2914 2413 vivunt.
3003 2348 3175 2412 Nam
3233 2347 3428 2414 simul
3484 2348 3670 2414 facile
3726 2358 3898 2415 esset
3951 2351 4340 2436 intelligere,

2399 2433 2770 2498 inchoatam
2815 2434 3017 2498 vitam
3063 2441 3413 2498 aeternam.
3483 2434 3796 2498 Promisit
3836 2435 3958 2501 hoc
4002 2436 4189 2500 nobis
4276 2440 4343 2502 ui

2400 2518 2626 2582 fallere
2679 2539 2810 2582 non
2853 2527 3081 2601 potest.
3173 2518 3308 2599 Qui
3347 2519 3578 2596 verba,
3635 2520 3876 2601 inquit,
3936 2543 4083 2585 mea
4136 2459 4337 2602 audit,

2400 2603 2602 2668 habet
2640 2604 2844 2668 vitam
2903 2609 3268 2682 aeternam,
3328 2611 3396 2668 et
3436 2606 3507 2668 in
3551 2604 4149 2671 condemnationem
4207 2630 4342 2674 non

2402 2690 2607 2754 venit:
2656 2688 2770 2754 sed
2812 2689 3180 2755 transivita
3222 2696 3433 2754 morte
3476 2690 3544 2753 in
3590 2690 3793 2756 vitam
3839 2691 4095 2765 (Ioann.
4125 2698 4180 2770 5,
4208 2694 4336 2774 24).

2404 2772 2478 2839 Si
2526 2775 2843 2839 transitus
2885 2775 3097 2840 factus
3140 2783 3239 2840 est
3280 2774 3351 2838 in
3397 2775 3600 2839 vitam
3640 2784 3992 2854 aeternam,
4036 2799 4152 2842 cur
4195 2799 4342 2843 eam

2401 2867 2611 2925 morte
2653 2859 3188 2943 interrumpunt?
3277 2860 3480 2925 Alibi:
3540 2860 3752 2939 Haec,
3798 2863 4038 2944 inquit,
4087 2870 4185 2927 est
4227 2884 4342 2928 vo-

2401 2945 2620 3012 luntas
2676 2946 2912 3031 patris,
2970 2953 3047 3011 ut
3100 2945 3314 3011 omnis
3369 2945 3481 3029 qui
3534 2944 3739 3012 credit
3791 2948 3863 3012 in
3906 2947 4147 3025 filium,
4207 2970 4342 3014 non

2398 3040 2639 3115 pereat,
2676 3030 2792 3097 sed
2826 3031 3066 3097 habeat
3094 3032 3299 3097 vitam
3333 3041 3694 3097 aeternam:
3743 3042 3811 3097 ct
3854 3053 3974 3116 ego
4017 3034 4340 3100 suscitabo

2400 3139 2550 3183 eum
2593 3117 2665 3201 in
2709 3117 3060 3194 novissimo
3105 3115 3209 3182 die
3255 3117 3512 3198 (Ioann.
3553 3122 3610 3196 6,
3652 3119 3784 3201 40).
3840 3118 4160 3184 Rursum:
4211 3118 4344 3201 Qui

2400 3202 2538 3267 edit
2581 3224 2845 3268 carnem
2889 3224 3132 3280 meam,
3180 3210 3246 3267 et
3289 3201 3454 3269 bibit
3495 3224 3714 3268 meum
3759 3205 4175 3288 sanguinem,
4225 3205 4343 3270 ha-

2396 3287 2509 3353 bet
2550 3288 2756 3353 vitam
2800 3294 3160 3367 aeternam,
3219 3294 3287 3352 et
3341 3309 3461 3371 ego
3511 3289 3835 3355 suscitabo
3894 3310 4044 3353 eum
4097 3291 4171 3353 in
4227 3312 4343 3355 no-

2397 3373 2665 3439 vissimo
2709 3372 2814 3438 die
2867 3373 3123 3456 (Ioann.
3173 3382 3230 3453 6,
3275 3372 3405 3458 54).
3506 3374 3658 3438 Non
3701 3375 3871 3440 sicut
3914 3373 4339 3440 comederunt

2398 3465 2616 3541 patres
2671 3459 2871 3523 vestri
2930 3480 3200 3539 manna,
3265 3466 3334 3525 et
3387 3460 3624 3523 mortui
3680 3470 3850 3524 sunt.
3952 3457 4086 3540 Qui
4139 3456 4347 3524 ederit

2396 3565 2638 3626 panem
2682 3544 2878 3622 hunc,
2926 3545 3105 3609 vivet
3146 3545 3217 3609 in
3260 3553 3614 3610 aeternum.
3688 3543 3908 3608 Nolite
3954 3543 4083 3608 huc
4126 3552 4344 3607 vestra

2397 3637 2764 3694 commenta
2805 3631 3135 3714 ingerere,
3194 3628 3274 3695 de
3334 3629 3437 3693 die
3495 3630 3865 3695 novissimo.
3952 3628 4103 3692 Duo
4161 3626 4345 3694 nobis

2483 3714 2758 3794 llicetur,
2805 3716 3012 3781 vitam
3057 3724 3412 3793 aeternam,
3455 3725 3523 3779 et
3565 3714 3746 3778 issam
3782 3713 4342 3778 resurrectionem.

2466 3822 2553 3865 uo
2597 3822 2801 3883 quum
2845 3798 3155 3879 audiatis,
3213 3800 3490 3867 alterum
3548 3807 3806 3863 tantum
3859 3797 4344 3880 amplectimini.

2399 3885 2617 3969 Magis
2661 3887 2860 3950 etiam
2904 3907 3020 3952 vos
3066 3886 3394 3951 convincit
3438 3885 3645 3949 altera
3686 3882 3936 3948 Christi
3978 3902 4127 3948 vox.
4194 3883 4340 3968 Ego

2401 3993 2566 4049 sum,
2610 3971 2843 4055 inquit,
2890 3973 3281 4037 resurrectio
3327 3978 3395 4036 et
3437 3972 3587 4036 vita.
3679 3967 3814 4050 Qui
3856 3967 4063 4034 credit
4103 3968 4174 4032 in
4215 3990 4340 4050 me,

2400 4057 2654 4122 etiamsi
2709 4065 3009 4122 mortuus
3063 4057 3290 4137 fuerit,
3335 4057 3530 4121 vivet.
3619 4054 3714 4118 Et
3767 4054 3979 4118 omnis
4023 4055 4135 4136 qui
4173 4055 4341 4120 vivit

2398 4150 2466 4207 et
2510 4142 2716 4208 credit
2756 4144 2825 4206 in
2871 4164 3004 4220 me,
3049 4162 3183 4207 non
3227 4143 3539 4207 morietur
3579 4139 3653 4203 in
3696 4146 4037 4204 aeternum
4079 4138 4333 4221 (Ioann.

2408 4233 2503 4307 ll,
2543 4230 2671 4308 25).
2759 4228 2897 4295 Nec
2950 4227 3231 4294 evadent
3283 4229 3337 4292 si
3392 4224 3705 4301 dixerint,
3763 4246 3896 4288 non
3965 4224 4130 4288 mori
4184 4246 4338 4288 eum

2400 4315 2471 4378 in
2504 4322 2863 4392 aeternum,
2906 4315 3017 4396 qui
3048 4314 3429 4379 suscitatur:
3473 4311 3778 4393 quoniam
3811 4330 3942 4375 non
3976 4307 4044 4373 id
4073 4316 4336 4373 tantum

2401 4398 2612 4465 voluit
2667 4399 3018 4477 Dominus,
3081 4397 3197 4465 sed
3251 4417 3589 4479 nunquam
3642 4393 3935 4462 accidere
3990 4414 4205 4476 posse,
4263 4402 4339 4458 ut

2400 4485 2783 4550 moriantur.
2875 4483 3089 4566 Quem
3143 4504 3410 4549 sensum
3462 4480 3695 4546 melius
3751 4480 4062 4562 exprimit
4104 4500 4338 4564 graeca

2397 4571 2679 4655 phrasis,
2725 4569 2837 4634 ubi
2880 4570 3143 4655 legitur,
3192 4571 3278 4641 εἰς
3313 4565 3424 4630 τὸν
3472 4568 3693 4629 αἰῶνας
3759 4563 3934 4650 quod
3971 4564 4229 4629 Latinis
4266 4566 4336 4629 in

2400 4655 2730 4722 saeculum
2776 4657 3115 4739 significat.
3207 4653 3356 4734 Qua
3411 4651 3717 4735 loquendi
3755 4651 3965 4715 forma
4009 4650 4335 4733 significa-

2400 4762 2547 4806 mus
2590 4761 2924 4824 nunquam
2974 4742 3139 4814 fore,
3195 4737 3263 4803 id
3306 4735 3476 4820 quod
3531 4738 3600 4801 in
3654 4736 3982 4801 saeculum
4038 4736 4334 4800 futurum

2400 4847 2734 4910 negamus.
2823 4823 2936 4892 Sic
2987 4825 3172 4891 alibi:
3231 4821 3362 4904 Qui
3418 4843 3780 4888 sermonem
3837 4842 4054 4887 meum
4113 4841 4333 4886 serva-

2398 4913 2586 4990 verit,
2621 4918 2903 4976 mortem
2934 4932 3067 4975 non
3088 4908 3333 4975 videbit
3363 4909 3436 4972 in
3467 4916 3806 4973 aeternum
3837 4907 4089 4981 (Ioann.
4115 4908 4173 4984 8,
4202 4905 4331 5002 51).

2360 4992 2369 5003 ’
2399 5000 2547 5064 Hoc
2589 4997 2909 5063 invictum
2952 5001 3084 5061 stat
3124 5002 3582 5079 argumentum
3617 5000 3843 5060 contra
3879 5013 3987 5056 eos
4003 5041 4018 5067 ,
4066 5009 4197 5054 non
4233 5011 4332 5053 vi-

2401 5104 2630 5149 surum
2673 5088 2951 5146 mortem
2995 5102 3177 5159 eum,
3236 5080 3347 5163 qui
3391 5099 3755 5145 sermonem
3798 5075 4068 5141 Domini
4111 5094 4333 5139 serva·

2400 5170 2591 5248 verit.
2680 5165 2873 5248 Quod
2927 5187 3136 5230 unum
3192 5166 3347 5230 satis
3389 5186 3529 5231 esse
3573 5165 3774 5247 possit
3816 5159 4208 5313 Cgfisfiams
4251 5157 4336 5221 ad
