4984 5975
1968 391 2703 460 PnonneomnNA.
4218 364 4351 457 ἸΝ

337 587 586 647 tanta-m
640 581 909 661 saevire,
964 581 1071 646 sed
1112 579 1192 646 ab
1248 580 1386 646 alis
1426 582 1613 650 etiam
1658 582 1903 647 animos
1955 583 2026 647 in
2080 582 2521 663 smpitemum
2572 582 2834 648 exitium
2877 579 3065 646 trahi.
3159 578 3501 645 Concilium
3555 598 3694 661 erqo
3738 578 3861 643 sibi
3911 578 4116 644 videri
4158 600 4350 661 quam

325 694 626 776 primam
682 712 812 757 esse
866 692 1318 757 convocandum
1336 743 1351 772 ,
1408 694 1662 775 eiusque
1715 694 2089 775 faciundum
2128 694 2389 758 initimn
2429 686 2540 760 hbe
2584 715 2748 759 anno
2762 746 2776 773 ,
2819 714 2926 759 nec
2966 694 3039 758 in
3086 692 3464 757 Germaniae
3506 690 3893 756 conventibus
3937 691 4014 756 de
4053 692 4350 775 reliyione

336 803 737 871 tractandum
777 803 1042 885 aliquid,
1086 804 1196 868 sed
1227 805 1581 887 anyendum
1620 824 1750 869 esse
1786 806 2024 886 foedae,
2067 811 2138 869 ut
2177 804 2272 869 vel
2315 804 2431 869 hae
2470 808 2711 871 ratione
2742 809 3157 887 protestantes
3201 803 3286 868 ad
3318 801 3727 887 concordiam·
3745 804 3951 884 maqis
3983 803 4352 867 invitemur.-

323 936 558 998 paeem
600 934 832 997 quoque
868 915 1236 1005 faciendam·
1266 934 1406 979 cum
1454 896 1721 980 Galliae
1746 936 1903 999 reqe,
1947 922 2004 981 et
2044 917 2297 981 interim
2339 916 2736 998 undecunque
2779 916 3117 999 colliyenda
3160 913 3445 979 subsidia
3491 918 3706 977 coma
3750 913 3877 977 vim
3918 914 4233 991 mreicam,
4276 916 4349 979 ut

336 1047 508 1092 anno
574 1026 846 1108 sequenti
918 1027 1062 1091 totis
1124 1026 1369 1091 viribus
1422 1026 1494 1091 in
1565 1027 1748 1092 illum
1798 1027 1916 1108 fiat
1966 1029 2231 1110 impetus
2274 1078 2288 1092 .
2335 1079 2349 1092 .
2398 1077 2411 1092 .
2458 1076 2472 1091 .
2586 1028 2723 1094 Hoc
2782 1028 3085 1093 Fame-sii
3155 1025 3516 1102 consilium,
3574 1023 3683 1087 ubi
3748 1024 4064 1090 mensibus
4114 1012 4352 1108 ‘aliquot

324 1143 480 1222 post
534 1141 905 1217 manasset,
965 1136 1236 1204 Ioannes
1293 1135 1594 1203 Calvinus
1648 1158 1944 1204 excusum
1997 1141 2166 1222 typis
2219 1140 2713 1205 commentariolo
2766 1140 3011 1204 vestivit
3024 1190 3039 1218 ,
3097 1158 3173 1202 ne
3226 1138 3372 1218 quis
3421 1134 3588 1199 illud
3641 1154 3816 1202 secus
3873 1157 4064 1218 quam
4122 1139 4351 1218 oportet

333 1250 657 1330 acceperet.
3418 1250 3431 1267 .

648 1360 832 1426 Haec
885 1358 1253 1426 Sleidanus.
1355 1354 1560 1427 Cuius
1614 1361 1776 1426 satis
1831 1360 2159 1443 prolixam
2204 1360 2727 1444 ἀνακεφαλαίωσιν
2784 1361 2841 1426 si
2884 1383 3035 1427 cum
3091 1363 3402 1445 opusculo
3446 1364 3719 1451 Eusebii
3761 1361 4095 1446 Pamphili
4137 1359 4349 1425 nostri

331 1470 726 1549 contuleris,
772 1492 906 1536 non
947 1472 1194 1554 poteris
1236 1492 1372 1536 non
1415 1491 1767 1556 agnoscere
1812 1493 1964 1537 eum
2008 1472 2130 1538 hoc
2173 1474 2387 1555 ipsum
2428 1480 2582 1538 ante
2626 1473 2846 1538 oculos
2888 1472 3195 1538 habuisse
3235 1494 3437 1557 quum
3471 1467 3626 1541 'eam
3673 1473 4139 1541 conscriberet:
4186 1468 4345 1537 adeo

329 1570 740 1666 pedetentim
767 1583 906 1647 eius
948 1588 1247 1647 tenorem
1268 1583 1606 1649 referendo
1639 1584 2074 1667 prosequitur,
2121 1582 2201 1649 de
2238 1585 2579 1649 sententiis
2620 1584 2786 1648 nihil
2824 1584 3152 1662 omittens,
3199 1585 3272 1649 in
3315 1586 3535 1653 verbis
3579 1607 3830 1670 quoque
3874 1583 4165 1673 pressius
4204 1603 4348 1648 oar-

329 1692 575 1759 dinalis
608 1693 892 1777 vestigia
929 1693 1176 1779 legens.
1244 1684 1438 1776 Quod
1480 1695 1537 1761 si
1580 1696 1726 1778 quis
1771 1695 2077 1762 obiecerit
2116 1697 2306 1761 illum
2347 1696 2427 1761 de
2468 1695 2947 1780 pseudonymia
2988 1694 3250 1762 Calvini
3294 1699 3540 1763 autoris
3584 1698 3754 1763 nihil
3796 1715 4178 1772 memorare,
4224 1693 4349 1757 hoc

327 1804 607 1871 dubium
664 1804 852 1870 facile
896 1804 1200 1871 solvetur.
1288 1805 1642 1873 Sleidanus
1694 1807 1938 1890 optime
1990 1808 2158 1874 scire
2211 1808 2424 1891 potuit
2479 1818 2548 1872 et
2602 1806 2825 1873 debuit
2879 1805 3235 1873 Calvinum
3288 1809 3485 1875 talem
3545 1810 3834 1893 aliquam
3889 1806 4350 1873 refutationem

326 1916 694 1999 scripsisse,
738 1922 807 1980 et
849 1915 1038 1981 nulla
1077 1938 1275 1983 causa
1316 1927 1460 1983 erat
1500 1925 1765 2001 propter
1798 1939 1996 2002 quam
2040 1917 2354 1984 decennio
2390 1920 2647 2003 integro
2692 1919 2930 2002 elapso,
2975 1939 3179 2002 quum
3222 1939 3408 1985 suam
3443 1920 3785 1985 historiam
3829 1918 4161 1995 scriberet,
4204 1923 4347 1981 tam

328 2026 592 2094 clarum
636 2047 876 2092 nomen
920 2027 1179 2094 silentio
1223 2030 1543 2112 sepeliret.
1632 2028 1887 2095 Verum
1929 2030 2069 2112 ipse
2114 2028 2462 2108 Calvinus,
2511 2051 2586 2095 eo
2629 2038 2923 2113 tempore
2965 2051 3094 2114 quo
3149 2051 3342 2096 suum
3385 2031 3812 2114 Pamphilum
3857 2029 4063 2096 edidit
4100 2030 4346 2114 magis-

326 2146 551 2204 tratus
597 2141 1151 2227 argentoratensis
1196 2140 1451 2224 hospes,
1498 2142 1775 2206 fortasse
1816 2161 2047 2208 cavere
2090 2142 2390 2207 voluerat
2430 2164 2516 2207 ne
2558 2142 2668 2209 vel
2709 2142 2852 2220 sibi,
2898 2142 3003 2209 vel
3047 2143 3298 2208 civitati
3344 2165 3463 2209 sua
3506 2143 3586 2209 de
3629 2144 3828 2209 rebus
3869 2143 3940 2207 in
3985 2141 4348 2207 Germania

325 2251 633 2316 tractatis
675 2251 835 2315 satis
887 2249 1092 2315 libera
1134 2251 1489 2335 disputatio
1540 2251 1759 2317 fraudi
1801 2259 1991 2318 esset.
2080 2252 2278 2318 Certe
2320 2273 2516 2318 nemo
2559 2273 2851 2335 unquam
2897 2253 3099 2318 alium
3142 2254 3897 2320 commentariolum
3941 2252 4134 2331 vidit,
4191 2250 4344 2317 Cal-

325 2361 478 2427 vini
522 2362 788 2426 nomine
831 2362 1238 2446 insignitum,
1285 2382 1481 2446 quem
1519 2364 1736 2446 potius
1780 2382 1978 2446 quam
2023 2363 2201 2428 hunc
2241 2370 2545 2428 nostrum
2591 2362 2945 2429 Sleidanus
2986 2366 3285 2429 innuisse
3327 2365 3659 2447 putandus
3703 2366 3803 2430 sit.
3895 2362 4218 2429 Consulas
4263 2362 4344 2428 de

325 2471 630 2539 Consilio
684 2472 800 2537 illo
841 2473 1144 2539 Famesii
1202 2472 1650 2553 Seckendorfii
1703 2472 2046 2539 historiam
2102 2474 2602 2540 Lutheranismi
2645 2476 2790 2540 Lib.
2840 2475 2967 2540 ΠΙ.
3017 2473 3188 2541 Sect.
3238 2479 3336 2540 21.
3393 2496 3540 2560 pag.
3599 2479 3723 2540 272
3783 2495 3955 2558 seqq.
4012 2474 4110 2539 ed.
4156 2475 4340 2557 Lips.

333 2588 524 2648 1694.
568 2583 674 2648 fol.
1178 2583 1184 2587 ’
2443 2588 2447 2595 ’

646 2696 898 2761 'sextus
932 2695 1166 2773 libelli,
1213 2695 1476 2778 qualem
1521 2695 1826 2760 Rihelius
1871 2696 2216 2780 expressit,
2259 2696 2637 2780 saepissime
2681 2696 3031 2764 mendosus
3066 2696 3256 2764 nobis
3298 2698 3483 2765 visus
3517 2706 3635 2778 est,
3680 2703 3747 2763 et
3778 2697 4343 2781 negligentissime

327 2827 377 2871 a
419 2813 784 2872 correctore
825 2814 1161 2873 tractatus.
1251 2807 1536 2873 Leviora
1591 2808 1801 2872 multa
1853 2808 2049 2871 tacite
2108 2805 2633 2887 emendavimus,
2693 2809 2886 2894 plura
2939 2809 3323 2890 reliquimus
3366 2810 3642 2888 intacta,
3700 2831 3908 2891 quum
3951 2808 4343 2873 coniecturis

327 2917 818 3003 indulgendum
860 2916 1049 2983 nobis
1091 2891 1339 2998 fuisset,
1385 2916 1496 2982 ubi
1539 2939 1754 2984 sermo
1800 2918 2064 2999 latinus,
2112 2928 2373 3002 praeter
2416 2918 2680 2987 Calvini
2721 2942 2971 2987 morem
2987 2972 3001 2999 ,
3048 2920 3409 3000 obscurior,
3454 2922 3587 2985 imo
3628 2920 3856 2987 naevis
3901 2919 4344 3004 grammaticis

323 3030 630 3096 foedatus
665 3029 1038 3113 apparebat.
1088 3029 1410 3112 Exemplo
1446 3030 1565 3095 tibi
1602 3032 1737 3096 sint
1769 3032 1945 3095 inter
1976 3031 2191 3095 multa
2225 3031 2356 3096 alia
2390 3053 2559 3115 quae
2593 3032 2772 3118 leges
2814 3033 2931 3099 col.
2979 3038 3104 3097 479
3147 3033 3453 3098 editionis
3490 3040 3752 3098 nostrae
3795 3053 3848 3096 c.
3885 3031 4088 3097 med:
4137 3081 4150 3095 .
4200 3082 4214 3096 .
4261 3081 4277 3097 .
4323 3081 4340 3097 .

324 3142 536 3207 utin
573 3140 933 3225 singulis
968 3141 1417 3225 provinciis
1453 3191 1468 3206 .
1516 3192 1530 3205 .
1579 3192 1593 3206 .
1641 3192 1654 3206 .
1700 3140 2070 3208 habenda
2112 3162 2285 3208 esse
2328 3143 2679 3225 concilia
2721 3151 2911 3212 caett.
2982 3145 3077 3209 Et
3118 3144 3315 3228 paulo
3350 3151 3525 3228 post:
3567 3142 3784 3225 Quid
3826 3145 3998 3226 ipso
4038 3140 4338 3208 facias?

323 3252 648 3319 Fortasse
690 3253 888 3318 etiam
929 3250 1119 3332 illud,
1177 3271 1410 3318 versus
1451 3254 1653 3318 finem
1692 3252 1985 3318 eiusdem
2019 3252 2330 3337 paginae:
2387 3255 2703 3321 abiecta
2740 3257 3009 3322 omnis
3053 3254 3340 3340 (omni?)
3385 3255 3854 3320 honestatis
3898 3276 4087 3321 cura
4133 3305 4146 3318 .
4196 3305 4209 3319 .
4259 3305 4272 3319 .

325 3364 436 3428 mu
486 3362 677 3442 nolis,
729 3383 1124 3448 quaesumus
1141 3413 1159 3443 ,
1214 3343 1529 3429 benevole
1582 3365 1816 3442 lector,
1872 3364 2031 3429 talia
2083 3363 2192 3431 vel
2235 3372 2502 3431 nostrae
2557 3368 2938 3433 oscitantiae
2981 3366 3089 3434 vel
3113 3368 3334 3432 'etiam
3377 3366 3756 3450 typothetae
3798 3367 4006 3431 nostri
4050 3367 4340 3431 incuriae

325 3473 682 3558 imputare.

2025 3872 2435 3958 CAPUT
2496 3875 2655 3958 XI.

1373 4069 1785 4167 ACTES
1841 4069 2026 4165 DE
2080 4051 2835 4166 RATISBONN
2844 4071 2954 4164 E.
3036 4059 3324 4160 1541.

643 4269 982 4335 Nonnulla
1022 4271 1208 4337 nobis
1251 4270 1359 4336 hic
1401 4271 1881 4354 praemittenda
1923 4269 2234 4338 videntur
2272 4271 2381 4339 vel
2423 4273 2646 4338 minus
2690 4270 2980 4356 cognita,
3037 4270 3146 4336 vel
3186 4272 3404 4334 minus
3448 4275 3745 4333 accurate
3783 4265 4023 4333 tradita
4066 4266 4146 4332 de
4189 4266 4341 4333 Cal·

321 4381 490 4448 vino
534 4383 962 4466 Argentorati
1004 4381 1274 4448 docente
1317 4389 1383 4447 et
1424 4383 1494 4447 in
1539 4383 1817 4449 comitiis
1861 4383 2118 4467 imperii
2161 4390 2465 4448 versante
2511 4384 2592 4448 de
2636 4382 2831 4448 rebus
2873 4382 3324 4448 ecclesiasticis
3368 4380 3821 4446 tractantibus.

641 4492 921 4558 Geneva
953 4493 1181 4576 pulsus
1215 4492 1548 4559 Basileam
1594 4495 1791 4573 venit,
1841 4493 2011 4558 unde
2054 4492 2569 4576 approbantibus
2613 4493 3015 4561 scholarchis
3061 4514 3101 4557 a
3136 4493 3456 4576 Capitone
3502 4499 3571 4556 et
3604 4491 3860 4555 Bucero
3904 4498 4172 4556 vocatus
4207 4491 4337 4554 Ar-

323 4608 750 4688 gentoratum
797 4604 959 4669 adiit
1002 4626 1176 4670 anno
1227 4609 1390 4669 1538
1447 4626 1673 4671 mense
1728 4605 2112 4688 septembri,
2180 4625 2335 4669 mox
2389 4604 2868 4686 perhonorifice
2924 4606 3084 4671 civis
3145 4611 3444 4686 receptus
3501 4608 3601 4667 est
3657 4601 3760 4666 die
3806 4606 3905 4666 29.
3951 4601 4105 4666 Iulii
4157 4605 4338 4664 1539.

321 4714 582 4797 Magna
635 4735 787 4780 cum
835 4715 1029 4781 laude
1072 4717 1454 4800 professoris
1510 4716 1875 4799 theologiae
1928 4725 1996 4780 ct
2049 4716 2522 4781 concionatoris
2577 4715 2798 4799 gallici
2851 4736 3127 4781 munere
3180 4735 3299 4796 per
3353 4721 3487 4782 tres
3540 4714 3744 4778 ferme
3799 4734 4004 4777 annos
4047 4713 4337 4795 integros

319 4826 594 4892 functus
637 4832 755 4891 est.
843 4828 974 4891 Ter
1014 4837 1130 4892 aut
1172 4836 1403 4910 quater
1444 4849 1563 4911 per
1604 4826 2075 4892 hebdomadem
2120 4827 2414 4910 singulos
2457 4827 2822 4909 scripturae
2858 4848 3081 4892 sacrae
3126 4826 3326 4890 libros
3371 4824 3766 4908 explanavit.
3856 4823 4336 4905 Disputationi-

319 4935 454 5003 bus
508 4938 577 5001 in
622 4937 988 5023 Gymnasio
1047 4938 1385 5004 celebratis
1428 4946 1548 5003 aut
1598 4940 1897 5003 interfuit
1948 4938 2251 5004 omnibus
2295 4946 2410 5002 aut
2452 4938 2765 5019 praefuit,
2810 4958 3009 5020 quum
3055 4937 3192 5018 ipse
3238 4957 3357 5000 sua
3399 4935 3697 5001 themata
3740 4934 4131 5000 defenderet.
4219 4933 4333 4997 In-

317 5049 508 5134 genii
548 5049 876 5126 acumine,
939 5047 1305 5115 eruditione
1345 5051 1614 5128 eximia,
1671 5070 1930 5114 morum
1980 5050 2360 5133 integritate
2403 5050 2614 5131 magis
2669 5048 3011 5130 magisque
3055 5047 3481 5112 inclarescere
3527 5047 3766 5128 coepit,
3828 5044 3987 5110 adeo
4031 5058 4121 5120 ut,
4165 5051 4333 5107 teste

315 5159 578 5225 Ioanne
636 5155 960 5238 Sturmio,
1029 5160 1389 5243 permultos
1450 5161 1838 5243 eosdemque
1898 5161 2331 5227 nobilissimos
2394 5158 2998 5239 literatissimosque
3058 5158 3233 5223 viros
3288 5180 3363 5224 ac
3420 5158 3744 5224 studiosos
3800 5155 4242 5219 adolescentes
4297 5175 4332 5216 e

315 5269 553 5336 Gallia
596 5272 982 5352 praesertim
1026 5270 1345 5350 alliceret,
1401 5283 1468 5337 et
1521 5271 1775 5336 nullum
1820 5272 1954 5336 iam
1997 5273 2264 5356 gravius
2308 5271 2641 5354 negotium
2695 5268 3196 5334 ecclesiasticum
3228 5261 3351 5336 'vel
3410 5269 3582 5333 domi
3636 5267 3741 5332 vel
3796 5266 3952 5329 foris
4006 5266 4146 5328 sine
4191 5264 4330 5326 cius
