4984 5975
319 260 477 361 ’49

394 484 671 551 Curtius
713 485 822 551 lib.
860 486 1012 551 IV.:
1059 486 1192 552 Hic
1227 486 1439 552 territi
1477 488 1627 570 equi
1673 488 2027 553 subsistere
2063 509 2196 552 non
2230 509 2345 571 po-

391 578 642 649 terant,
699 572 810 654 qui
862 572 1090 637 crebra
1123 571 1500 638 'iactatione'
1547 573 1881 639 cervicum
1935 593 2070 639 non
2112 573 2343 658 iugum

389 655 586 722 modo
650 666 1103 736 excusserant,
1170 657 1288 722 sed
1351 679 1620 724 currum
1685 659 1884 723 etiam
1949 664 2340 725 everterant.

391 742 648 809 Eadem
683 741 1111 808 translatione
1155 764 1311 809 usus
1355 751 1456 808 est
1487 743 1749 827 Plinius
1790 745 1862 809 in
1897 744 2356 829 Panegyricm

390 828 577 912 Ergo
611 828 1015 893 sustulerant
1049 829 1320 908 animos,
1368 837 1434 893 et
1468 830 1694 913 iugum
1732 838 2172 909 excusserant,
2221 852 2341 895 nec

387 914 525 1064 {am
567 914 649 980 de
693 934 815 978 sua
855 913 1176 992 libertate,
1222 914 1339 980 sed
1380 915 1461 980 de
1504 923 1728 980 nostra
1770 916 2087 982 servitute
2132 926 2338 981 certa-

438 1008 570 1065 ant.

567 1084 719 1149 Ideo
757 1086 1089 1167 principes
1145 1084 1462 1173 reyesque]
1553 1087 1894 1164 Amicitia,
1960 1087 2173 1169 inquit
2227 1085 2340 1150 Oi-

389 1191 543 1237 cero
556 1222 571 1249 ,
628 1193 712 1235 ex
766 1170 970 1236 variis
1027 1171 1393 1237 rationibus
1450 1171 1883 1237 contrahitur:
1946 1170 2060 1236 sed
2113 1193 2338 1237 omnes

387 1256 689 1322 omnium
731 1257 1242 1322 necessitudines
1285 1258 1491 1324 vincit
1531 1270 1682 1322 una·
1709 1259 1983 1323 societas
2025 1257 2338 1340 reipubli-

386 1363 505 1409 cae
560 1341 1132 1407 administrandae.
1233 1342 1563 1408 Lentulus
1621 1342 1703 1407 ad
1758 1342 2139 1408 Ciceronem
2199 1345 2335 1425 epi-

388 1428 537 1493 stol.
584 1427 777 1493 HL:
848 1428 1067 1510 Atque
1121 1426 1282 1498 haec
1340 1429 1560 1493 omnia
1613 1429 1668 1493 is
1722 1430 1869 1508 feci,
1942 1430 2056 1511 qui
2111 1438 2176 1494 et
2232 1450 2334 1494 so·

391 1513 560 1579 dalis
616 1524 683 1578 et
736 1512 1281 1579 familiarissimus
1326 1512 1707 1580 Dolabellae
1762 1535 1972 1595 eram,
2029 1515 2334 1580 coniunc-

295 1620 306 1627 “
387 1599 688 1665 tissimus
724 1600 1039 1683 sanguine
1076 1600 1399 1687 Antoniis,
1444 1600 1846 1684 provinciam
1893 1621 2147 1683 quoque
2190 1600 2333 1664 illo-

386 1707 540 1750 rum
575 1685 890 1750 beneficio
925 1684 1264 1763 habebam,
1289 1687 1403 1750 sed
1425 1683 1689 1769 πατρίδα
1723 1685 1864 1766 ἐμὴν
1897 1688 2126 1765 μᾶλλον
2156 1688 2330 1768 φιλῶ.

390 1768 726 1836 Omnibus
781 1772 943 1835 meis
997 1770 1241 1836 bellum
1299 1772 1553 1854 primus
1604 1772 1830 1836 indixi.
1920 1772 2220 1854 Namque
2263 1772 2334 1835 in

387 1855 706 2007 ffidibus
759 1856 1049 1922 caritatis
1104 1858 1315 1939 prima
1365 1858 1616 1939 patriae
1661 1857 1744 1924 ab
1787 1857 2032 1941 optimo
2074 1877 2352 1940 quoque*

498 1946 806 2020 erun‘tur,
854 1951 950 2020 et,
996 1953 1075 2006 ut
1117 1942 1374 2008 subiicit
1417 1941 1697 2021 Seneca,
1752 1942 2013 2026 publica
2054 1943 2332 2025 privatis

385 2028 647 2112 potiora
703 2035 856 2092 sunt
914 2029 1104 2093 sanis·
1133 2027 1522 2093 hominibus.
1613 2029 1854 2093 Merito
1911 2029 2116 2113 igitur
2159 2027 2334 2093 ultra

386 2114 686 2199 privatas
721 2113 1228 2180 necessitudines
1265 2122 1574 2179 amantur
1609 2106 2171 2179 administratores
2205 2114 2332 2178 rei-

383 2199 705 2283 publicae,
750 2206 818 2264 et
864 2200 1050 2282 quasi
1092 2209 1312 2282 patres
1355 2201 1623 2282 patriae.
1713 2198 1931 2282 Supra
1974 2200 2330 2264 declaravi-

384 2306 539 2350 mus
582 2305 725 2350 esse
769 2286 953 2367 quasi
996 2285 1287 2368 publicos
1330 2292 1598 2351 tutores.

565 2371 942 2452 Quocunque.
975 2377 1120 2436 sunt
1179 2369 1449 2458 nomine]
1536 2371 1780 2454 Utpote
1838 2391 2026 2454 reges
2040 2422 2056 2449 ,
2124 2370 2330 2452 impe-

379 2465 656 2535 ratores,
703 2456 1044 2541 dynastae,
1093 2455 1487 2536 tetrarchae,
1535 2456 1964 2533 marchiones,
2010 2463 2328 2538 satrapae,

380 2543 590 2608 veluti
635 2550 864 2607 nostro
906 2543 1160 2607 saeculo
1203 2543 1647 2625 imperatores,
1692 2563 1911 2626 reges,
1956 2542 2170 2619 duces,
2217 2541 2330 2607 ba-

379 2648 599 2706 rones,
645 2630 930 2705 comites,
969 2629 1402 2704 vicecomites,
1448 2629 1671 2695 liberis
1715 2628 1968 2711 populis
2012 2626 2329 2704 consules,

377 2722 740 2798 praetores,
785 2712 1151 2790 dictatores,
1198 2735 1516 2791 censores,
1563 2727 1628 2779 et
1669 2712 2057 2779 huiusmodi.

560 2799 647 2864 In
687 2820 866 2880 quem
918 2821 985 2864 se
1036 2799 1382 2882 respublica
1423 2798 1737 2886 convertit]
1826 2799 2126 2864 Eandem
2182 2820 2330 2863 sen-

378 2885 665 2951 tentiam
709 2885 855 2950 aliis
898 2884 1116 2951 verbis
1159 2885 1401 2950 extulit
1443 2885 1672 2951 Cicero
1716 2885 1800 2951 ad
1836 2887 2128 2968 Appium
2170 2883 2331 2950 Pul-

378 2969 647 3037 chrum:
710 2968 959 3037 Omnes
1003 2973 1177 3037 vires
1229 2971 1512 3038 civitatis
1568 2994 1636 3037 se
1693 2970 1795 3036 ad·
1818 2972 2119 3055 Pompeii
2175 2970 2330 3036 duc-

377 3065 529 3122 tum
571 3057 1079 3140 applicaverunt.
1168 3057 1326 3122 ldeo
1370 3059 1543 3123 enim
1585 3080 1704 3124 nos
1749 3060 1817 3122 in
1861 3057 2146 3140 aliquem
2183 3062 2333 3136 [pag.

381 3149 528 3222 38].
556 3144 1019 3221 convertimus,
1073 3154 1151 3208 ut
1192 3144 1265 3208 in
1307 3165 1455 3208 eum
1516 3154 1829 3226 tanquam
1883 3145 1955 3207 in
2010 3145 2331 3226 parietem

377 3229 861 3295 incumbamus.
948 3228 1283 3313 Vergilius
1328 3229 1490 3293 libro
1535 3228 1941 3295 duodecimo:

1004 3340 1142 3408 Spes
1176 3347 1236 3394 tu
1269 3356 1409 3394 nunc
1445 3356 1552 3394 una
1586 3347 1854 3406 senectae,

590 3407 675 3461 Tu
709 3410 922 3477 requies
958 3410 1202 3477 miserae,
1240 3408 1403 3463 decus
1439 3410 1821 3477 imperiumque
1859 3407 2040 3461 Latini

575 3476 671 3529 .Te
708 3493 894 3546 peneS,
929 3479 983 3534 in
1019 3484 1073 3532 te
1112 3477 1282 3532 omnis
1319 3477 1508 3531 domus
1544 3478 1799 3531 inclinata
1833 3476 2110 3530 recumbit.

568 3570 734 3636 Olim
788 3573 879 3636 ita
933 3595 999 3636 se
1065 3573 1274 3637 induit
1333 3571 1708 3654 reipublicae
1769 3568 2034 3656 Caesar]
2134 3569 2329 3636 Nunc

377 3657 715 3742 quandam
761 3659 991 3740 capitis
1035 3658 1117 3723 ad
1162 3678 1395 3739 corpus
1440 3657 1934 3724 commissuram
1975 3656 2162 3731 facit,
2204 3655 2328 3722 hoc

378 3753 484 3810 est
531 3744 844 3826 principis
888 3742 971 3808 ad
1013 3743 1511 3825 rempublicam,
1569 3750 1645 3808 ut
1698 3743 1785 3808 sit
1834 3752 2065 3808 mutua
2105 3762 2328 3806 rerum

377 3831 679 3896 omnium
722 3828 1123 3914 sympathia,
1183 3827 1398 3894 diduci
1453 3828 1631 3893 enim
1689 3828 1972 3893 alterum
2026 3848 2157 3891 non
2212 3848 2328 3910 po-

379 3926 516 3980 test
555 3914 700 3980 sine
744 3915 1126 3980 alterutrius
1168 3915 1475 3997 pernicie.
1545 3912 1788 3979 Caesar
1822 3915 1962 3979 sine
1995 3912 2330 3995 republica

380 4022 520 4066 non
561 4011 662 4065 est
705 3999 977 4079 Caesar,
1035 4000 1405 4083 respublica
1461 4021 1594 4065 non
1637 4007 1737 4065 est
1780 3998 2141 4081 respublica
2186 3999 2328 4064 sine

378 4085 686 4153 Caesare.
776 4085 992 4170 Capiti
1036 4087 1406 4152 necessaria
1449 4094 1606 4150 sunt
1648 4084 2090 4150 membrorum
2133 4084 2328 4149 mini-

377 4173 603 4250 steria,
649 4193 886 4255 corpus
929 4173 1070 4250 sine
1113 4172 1322 4255 capite
1362 4182 1464 4237 est
1503 4170 1739 4236 inutile
1793 4182 2007 4235 terrae
2048 4169 2325 4253 pondus.

571 4257 652 4324 Ut
702 4256 950 4345 dedum]
1039 4259 1226 4341 Lego
1286 4257 1503 4323 diduci
1567 4266 1794 4323 contra
1855 4255 2051 4321 fidem
2107 4275 2328 4320 exem-

373 4343 698 4427 plarium,
756 4353 829 4409 ut
881 4355 1008 4410 stet
1065 4343 1321 4428 integer
1375 4363 1608 4407 sensus
1664 4364 1781 4424 pro
1834 4340 2155 4424 separari,
2213 4362 2328 4406 seu

377 4429 624 4494 divelli.

1141 4718 1442 4785 CAPUT
1487 4720 1569 4783 V.

557 4856 837 4940 Lonyius
857 4856 1100 4922 videtur
1119 4858 1445 4922 recessisse
1467 4877 1510 4921 a
1519 4855 1841 4936 proposito
1861 4854 2060 4919 oratio
2079 4874 2247 4920 mea:
2267 4859 2333 4918 at

374 4963 477 5008 me
518 4941 796 5008 hercules
824 4945 874 5026 ¹)
918 4963 1048 5008 rem
1091 4943 1300 5024 ipsam
1335 4943 1586 5025 premit.
1677 4942 1850 5007 Nam
1889 4941 1977 5019 si,
2023 4941 2185 5021 quod
2221 4941 2333 5005 ad-

441 5109 786 5116 --—-——————

522 5214 581 5280 1)
621 5217 819 5269 Amat..-
852 5215 1176 5270 mehercule.

590 5299 1014 5369 Goloini‘opera.
1093 5300 1209 5356 Vol.
1248 5300 1309 5354 V.

1866 300 2157 403 mnan
2193 300 2249 366 1.
2338 299 2641 367 CAPUT
2677 252 2799 374 1‘v.
2844 300 2929 369 v,

4317 311 4403 373 50

2449 487 2569 553 huc
2610 489 2925 572 colliyitur
2938 539 2953 567 ,
3006 491 3261 556 annuus
3316 491 3692 572 reipublicae
3749 498 3819 558 tu
3866 515 3931 559 es
3944 545 3959 573 ,
4017 496 4132 560 illa
4173 516 4402 577 corpus

2450 579 2653 647 tuum,
2707 575 2909 648 vides,
2963 580 3033 640 ut
3064 580 3250 656 puto,
3307 597 3499 658 quam
3548 581 3903 644 necessaria
3945 581 4262 647 clevnentia
4294 584 4395 647 sit.

2455 660 2600 724 Tibi
2644 661 2809 725 enim
2838 661 3090 743 parcis,
3133 682 3324 743 quum
3366 663 3603 728 videris
3643 664 3831 731 alteri
3863 687 4137 747 parcere.
4229 666 4396 733 Par-

2452 747 2713 811 cendum
2746 747 2957 828 itaque
2989 753 3079 811 est
3112 748 3298 811 etiam
3337 747 3768 829 improbandis
3809 751 4066 830 civibus,
4110 773 4235 817 non
4276 754 4397 818 ali-

2446 835 2538 895 ter
2582 852 2772 913 quam
2814 832 3106 907 membris
3162 832 3625 916 lanquentibus:
3679 840 3734 900 et
3788 838 3849 900 si
3901 839 4147 919 quando
4201 839 4393 903 misso

2443 918 2750 999 sanquine
2784 938 2941 998 opus
2975 923 3079 997 est,
3122 919 3557 985 sustinendum
3596 926 3685 985 est
3724 942 3802 985 ne
3844 922 4013 987 ultra
4056 944 4245 1003 quam
4287 944 4391 988 ne-

2444 1021 2607 1067 cesse
2640 1004 2742 1077 sit,
2778 1004 3030 1069 incidat.
3120 1004 3240 1068 Est
3281 1025 3440 1088 erqo,
3474 1011 3544 1070 ut
3585 1006 3876 1079 dicebam,
3919 1008 4236 1073 clementia
4267 1028 4390 1073 om-

2443 1088 2632 1152 nibus
2680 1089 2932 1170 quidem
2972 1089 3323 1154 hominibus
3365 1092 3700 1156 secundum
3745 1099 4041 1158 naturam
4057 1144 4073 1173 ,
4117 1095 4391 1159 maxime

2442 1177 2646 1237 tamen
2699 1175 2919 1239 decora
2968 1175 3472 1256 imperatoribus,
3529 1183 3755 1258 quanto
3797 1180 3954 1259 plus
3997 1178 4174 1245 habet
4216 1181 4387 1261 apud

2440 1258 2586 1323 illos
2626 1260 2788 1340 quod
2820 1266 3047 1336 servet,
3104 1264 3450 1342 quantoque
3492 1262 3564 1327 in
3605 1264 3843 1327 maiore
3886 1266 4152 1329 materia
4187 1286 4385 1346 appa-

2440 1349 2546 1425 ret.
2642 1345 3018 1425 Quantulum
3062 1348 3227 1410 enim
3260 1351 3425 1412 nocet
3458 1348 3717 1428 privata
3751 1349 4138 1414 crudelitas?
4190 1350 4385 1415 Prin-

2437 1430 2649 1509 cipum
2705 1432 2997 1509 saevitia,
3051 1431 3273 1496 bellum
3324 1437 3428 1497 est.
3525 1433 3729 1514 Quum
3784 1440 3992 1498 autem
4052 1437 4385 1501 virtutibus

2432 1516 2605 1579 ,inter
2637 1536 2703 1580 se
2735 1517 2820 1580 sit
2851 1518 3197 1595 concordia,
3234 1538 3342 1582 nec
3375 1518 3512 1584 ulla
3546 1519 3748 1583 altera
3782 1521 4000 1585 melior
4034 1527 4145 1585 aut
4176 1522 4387 1587 hones·

2435 1602 2559 1665 tior
2616 1602 2737 1679 sit,
2795 1604 3104 1685 quaedam
3159 1608 3363 1668 tamen
3418 1603 3795 1686 quibusdam
3836 1607 4128 1686 personis
4182 1608 4387 1689 aptior

2437 1691 2541 1751 est.
2638 1686 2827 1753 Decet
2875 1689 3368 1771 maynanimitas
3421 1690 3745 1770 quemlibet
3798 1692 4120 1756 mortalem
4134 1737 4150 1766 ‚
4199 1694 4386 1757 etiam

2436 1771 2618 1836 illum
2682 1773 2861 1854 infra
2923 1794 3105 1855 quem
3158 1773 3322 1839 nihil
3383 1780 3489 1839 est.
3585 1776 3754 1856 Quid
3798 1777 3961 1840 enim
4022 1778 4235 1842 maius
4274 1783 4387 1843 aut

2434 1857 2664 1938 fortius
2677 1909 2690 1935 ,
2752 1879 2941 1939 quam
2991 1861 3229 1926 malam
3281 1860 3602 1941 fortunam
3654 1862 4025 1927 retundere?
4082 1863 4257 1929 Haec
4289 1871 4383 1930 ta·

2435 1960 2576 2006 men
2615 1946 3105 2027 maynanimitas
3138 1949 3211 2010 in
3243 1945 3401 2010 bona
3431 1944 3688 2028 fortuna
3725 1948 4008 2013 latiorem
4042 1949 4241 2014 locum
4277 1950 4387 2014 hae

2436 2028 2546 2102 bet,
2591 2030 2934 2112 meliusque
2976 2032 3048 2095 in
3083 2031 3390 2097 tribunali
3433 2052 3625 2114 quam
3660 2033 3728 2097 in
3757 2030 3955 2115 plano
3995 2037 4383 2116 conspicitur.

2440 2112 2780 2179 Clementia
2809 2117 2881 2180 in
2907 2137 3312 2197 quancunque
3346 2116 3593 2182 donarem
3633 2120 4000 2200 pervenerit,
4048 2140 4186 2185 eam
4234 2125 4383 2201 [pag.

2439 2201 2547 2275 39]
2598 2201 2838 2281 felicem
2887 2201 3410 2283 tranquillamque
3453 2202 3820 2283 praestabit.
3914 2203 4036 2269 Sed
4082 2207 4153 2269 in
4189 2208 4382 2290 reyia,

2435 2305 2555 2365 quo
2580 2286 2810 2359 rarior,
2846 2307 2911 2351 eo
2944 2286 3315 2352 mirabilior.
3382 2288 3549 2369 Quid
3581 2289 3747 2352 enim
3782 2294 3867 2352 est
3900 2292 4382 2371 memorabilius,

2435 2391 2624 2451 quam
2652 2392 2806 2450 eum,
2851 2373 3031 2449 cuius
3063 2373 3201 2436 irae
3246 2372 3408 2436 nibil
3450 2373 3662 2451 obstat,
3706 2375 3888 2438 cuius
3925 2377 4211 2457 qraviori
4244 2399 4380 2443 sen-

2434 2457 2658 2521 tentiae
2709 2458 2838 2540 ipsi
2884 2459 2994 2538 qui
3036 2462 3304 2539 pereunt
3344 2460 3782 2539 assentiuntur,
3833 2480 4011 2540 quem
4064 2482 4259 2529 nemo·
4291 2465 4383 2527 in-

2434 2546 2862 2625 terroqaturus
2902 2547 3007 2622 est,
3043 2546 3167 2608 imo
3192 2544 3251 2608 si
3293 2544 3705 2609 vehementius
3749 2546 4096 2625 excanduit,
4133 2568 4239 2614 nec
4280 2550 4380 2614 de-

2421 2633 2801 2708 precaturus
2851 2633 2940 2694 est
3000 2630 3251 2711 quidem
3267 2678 3282 2707 ,
3341 2630 3551 2709 ipsum
3606 2628 3729 2694 sibi
3792 2650 4050 2695 manum
4104 2633 4380 2713 iniicere,

2434 2718 2491 2777 et
2521 2717 2819 2794 potestate
2853 2735 2972 2778 sua
3007 2717 3077 2779 in
3119 2715 3344 2780 melius
3373 2716 3811 2797 placidiusque
3842 2717 3983 2780 uti?
4020 2717 4128 2784 lioc
4170 2720 4381 2799 ipsum

2436 2800 2825 2882 coqitantemz
2903 2800 3191 2865 Occidere
3257 2806 3466 2866 contra
3522 2802 3711 2885 leyem
3764 2822 3937 2866 nemo
3991 2824 4113 2867 non
4156 2809 4379 2885 potest,

2433 2905 2682 2949 servare
2721 2905 2898 2951 nemo
2928 2890 3184 2968 praeter
3218 2906 3328 2951 me.
3418 2885 3726 2969 Maynam
3746 2887 4067 2968 fortunam
4113 2910 4382 2973 maynus

2434 2970 2686 3037 animus
2742 2972 2935 3050 decet,
2993 2973 3101 3054 qui
3153 2972 3287 3037 nisi
3343 2993 3410 3037 se
3452 2973 3537 3037 ad
3579 2972 3759 3038 illam
3802 2973 4045 3054 extulit,
4102 2980 4159 3040 et
4200 2974 4383 3041 altior

2433 3059 2614 3136 stetit,
2648 3057 2829 3122 illam
2863 3078 3099 3139 quoque
3132 3059 3313 3140 infra
3335 3064 3568 3123 terram
3601 3059 3861 3124 deducit.
3908 3060 4138 3144 Maqni
4172 3067 4381 3128 autem

2433 3144 2636 3207 animi
2679 3149 2771 3208 est
2797 3146 3150 3226 proprium,
3182 3144 3509 3225 placidum
3552 3163 3682 3210 esse
3723 3146 4278 3229 tranquillumque,
4325 3154 4383 3212 et

2434 3228 2714 3293 iniurias
2760 3235 2943 3310 atque
2977 3230 3339 3310 offensiones
3374 3251 3616 3310 semper
3657 3231 3981 3313 despicere.
4071 3232 4382 3299 Muliebre

2433 3319 2521 3378 est
2558 3314 2774 3396 furere
2812 3316 2889 3378 in*
2918 3316 3054 3380 ira.-
3083 3316 3373 3397 ferarum
3414 3336 3573 3395 vero,
3618 3336 3727 3379 nec
3765 3337 4207 3399 qenerosarum
4245 3320 4378 3400 qui-

2433 3400 2602 3478 dem,
2656 3401 3096 3481 praemordere
3161 3405 3218 3466 et
3282 3421 3504 3483 uryere
3567 3401 3895 3481 proiectos.
3999 3402 4379 3484 Elephantes

2432 3484 2750 3567 leonesque
2784 3490 3107 3550 transeunt
3142 3506 3322 3568 quem
3356 3486 3751 3568 impulerunt.
3821 3485 4124 3569 Iynobilis
4158 3488 4382 3552 bestiae

2418 3570 2777 3652 pertinacia
2817 3576 2920 3636 est.
3012 3571 3157 3635 Non
3189 3571 3353 3636 decet
3383 3592 3584 3654 reqem
3615 3591 3805 3635 saeva
3834 3591 3943 3636 nec
3975 3573 4381 3637 inexorabilis

2431 3657 2552 3720 ira.
2620 3656 2764 3719 Non
2796 3657 3061 3721 multum
3095 3658 3260 3722 enim
3295 3677 3496 3736 supra
3539 3677 3680 3721 eum
3721 3658 3960 3730 eminet,
3996 3658 4097 3722 cui
4139 3678 4206 3721 se
4248 3658 4380 3722 ira-

2431 3742 2649 3806 scendo
2706 3747 3023 3824 eoeaequat.
3109 3742 3201 3807 At
3252 3743 3313 3806 si
3362 3742 3468 3806 dat
3511 3744 3722 3820 vitam,
3764 3742 3824 3804 si
3866 3741 3978 3806 dat
4016 3742 4380 3824 diynitatem

2419 3827 2926 3908 periclitantibus
2940 3879 2955 3908 ,
3025 3834 3078 3892 et
3143 3829 3385 3893 meritis
3440 3829 3747 3905 amittere,
3790 3827 3947 3906 facit
3998 3827 4160 3907 quod
4214 3828 4378 3893 nulli

2430 3913 2562 3977 nisi
2614 3932 2828 3977 rerum
2868 3914 3135 3994 potienti
3179 3914 3330 3978 licet.
3432 3913 3579 3977 Vita
3621 3913 3787 3976 enim
3834 3912 4020 3975 etiam
4063 3915 4376 3993 superiori

2430 3999 2717 4080 eripitur,
2734 4019 3075 4080 xnunquam
3108 4000 3241 4064 nisi
3282 3998 3573 4080 inferiori
3613 3998 3818 4063 datur.
3910 3995 4190 4076 Servare,
4228 4020 4380 4080 pro-

2418 4084 2649 4165 prium
2702 4089 2789 4150 est
2840 4084 3184 4149 excellentis
3238 4084 3553 4165 fortunae,
3607 4102 3765 4164 quae
3818 4103 4138 4165 nunquam
4171 4086 4376 4168 mayis

2431 4171 2671 4253 suspici
2693 4170 2875 4249 debet,
2898 4190 3088 4252 quam
3122 4190 3315 4251 quum
3348 4169 3449 4235 illi
3482 4168 3773 4250 continyit
3804 4169 3969 4234 idem
3993 4190 4179 4251 posse
4211 4170 4375 4252 quod

2429 4256 2578 4334 diis,
2615 4276 2878 4337 quorum
2910 4254 3190 4337 beneficio
3223 4257 3294 4319 in
3328 4255 3521 4320 lucem
3555 4254 3804 4318 edimur
3835 4259 3964 4319 tam
4005 4253 4146 4320 boni
4184 4275 4374 4335 quam

2431 4342 2607 4407 mali.
2677 4341 2956 4406 Deorum
2999 4342 3210 4423 itaque
3251 4340 3375 4405 sibi
3418 4340 3701 4403 animum
3743 4359 4028 4405 asserens
4056 4341 4371 4421 princeps,

2432 4428 2595 4492 alios
2643 4448 2718 4492 ex
2770 4426 3009 4491 civibus
3049 4428 3187 4492 suis
3218 4427 3371 4507 quia
3413 4424 3603 4490 utiles
3653 4424 3912 4505 bonique
3966 4431 4135 4504 sunt,
4180 4425 4374 4490 libens

2433 4513 2659 4592 videat,
2693 4514 2857 4578 alios
2886 4514 2958 4575 in
2988 4531 3315 4577 numerum
3354 4510 3683 4591 relinquat,
3719 4510 4023 4592 quosdam
4053 4531 4183 4577 esse
4218 4531 4374 4595 qau-

2434 4600 2593 4677 deat,
2631 4600 2932 4679 quosdam
2960 4599 3264 4680 patiatur.

2605 4683 2970 4750 Videbatur
3004 4683 3358 4766 exspatiari
3397 4681 3470 4745 in
3507 4679 3975 4765 digressionem
4008 4680 4214 4745 oratio
4250 4680 4371 4746 Se-

2433 4790 2649 4848 necae,
2698 4779 2764 4835 et
2797 4778 3011 4834 totum
3047 4775 3241 4850 caput
3279 4765 3672 4850 praecedens
3705 4786 3847 4832 esse
3881 4785 4223 4849 parergon,
4268 4767 4372 4830 ni-

2435 4857 2530 4921 hil
2574 4855 2659 4920 ad
2700 4876 2841 4919 rem
2880 4876 2999 4936 pro
3045 4853 3295 4917 ositam·
3323 4853 3584 4930 faciens,
3627 4852 3756 4916 nisi
3790 4850 3960 4934 quod
4004 4852 4373 4935 principum

2434 4942 2769 5008 caritatem
2847 4941 2967 5005 sub
3018 4939 3122 5004 ‘tis
3187 4938 3574 5004 insinuabat.
3693 4937 3886 5004 Nunc
3949 4936 4235 5002 ostendit
4298 4958 4369 5001 se

2434 5028 2565 5093 alio
2608 5034 2952 5109 spectasse,
2998 5031 3067 5088 et
3106 5023 3465 5089 collimasse
3510 5023 3592 5088 ad
3635 5023 3916 5088 alterum
3959 5041 4251 5103 scopum,
4295 5032 4372 5085 ut

2434 5112 2682 5179 scilicet
2738 5111 3043 5194 probaret
3094 5109 3503 5175 clementiam
3570 5108 3826 5174 nullum
3880 5108 4089 5190 magis
4142 5104 4369 5171 docere

2433 5219 2631 5281 quam
2670 5217 2894 5281 regem
2936 5202 3052 5260 aut
3100 5195 3476 5279 principem.
3564 5191 3640 5259 Si
3682 5194 3859 5258 enim
3897 5190 4155 5275 populi,
4210 5190 4371 5255 dum
