4984 5975
584 325 714 386 115

585 510 792 591 filios,
836 529 1031 593 quem
1082 513 1327 571 natura
1369 505 1570 571 etiam
1614 504 1918 571 omnibus
1973 504 2414 570 animantibus
2458 505 2558 568 in-

591 594 794 675 didit,
850 603 1048 678 atque
1095 599 1175 657 ut
1215 592 1455 658 Graeci
1498 590 1845 676 proverbio
1890 587 2140 657 dicunt*
2160 588 2406 675 στοργὴν
2450 614 2561 673 φυ-

591 679 766 759 σικὴν
800 678 953 765 πρὸς
995 676 1068 742 wi
1103 675 1299 743 τέκνα.
2042 693 2047 700 “

729 779 741 787 ·
782 764 1009 832 Utrum
1044 768 1253 830 autem
1278 759 1678 849 praeceptor]
1716 762 1962 827 Notum
2001 773 2097 826 cst
2123 761 2316 826 Fabii
2341 758 2558 842 Quin-

590 849 812 916 tiliani
859 849 1227 928 consilium,
1274 870 1359 913 ne
1391 849 1464 913 in
1499 868 1740 931 pueros
1784 848 2103 931 ingenuos
2141 847 2413 913 nimium
2453 866 2556 909 as-

588 957 747 1021 pere
805 937 1159 1003 saeviatur.
1262 932 1456 1015 Quod
1509 944 1729 999 tamen
1758 935 1807 1018 ¹)
1876 932 2147 998 minime
2205 930 2557 997 exauditur

591 1045 635 1088 a
678 1022 967 1108 plagosis
1011 1022 1154 1087 istis
1210 1019 1640 1086 carnificibus.
1730 1019 1881 1084 Non
1934 1019 2112 1084 enim
2157 1017 2363 1084 audeo
2403 1037 2555 1099 pac-

591 1107 763 1193 dago
811 1128 886 1174 os
929 1105 1294 1200 appellare,
1344 1127 1547 1188 quum
1592 1104 1660 1168 id
1702 1126 1942 1170 nomen
1986 1104 2224 1189 probro
2270 1111 2552 1169 vert-ant.

766 1129 848 1258 ξι·
874 1212 1119 1277 parum
1141 1192 1335 1276 aquis
1368 1192 1439 1256 in
1460 1190 1713 1274 leyendo,
1731 1190 1942 1256 oculus
2011 1188 2205 1272 Quod
2231 1196 2375 1268 [pag.
2406 1192 2550 1265 107]

592 1287 816 1346 tamen
860 1301 901 1344 a

594 1365 639 1431 d
989 1299 1146 1345 uero
1192 1278 1369 1361 exigi
1412 1297 1547 1340 non
1592 1275 1799 1341 debet.
1955 1299 2062 1342 am
2098 1275 2554 1358 Quintilianus

640 1386 676 1431 e
734 1385 923 1431 emen

1013 1368 1080 1428 ta
1135 1363 1414 1428 lectione
1457 1361 1895 1446 praecipiens,
1937 1360 2023 1428 ad
2063 1361 2244 1427 hunc
2286 1357 2556 1424 modum

594 1449 851 1530 scribit:
896 1450 1099 1516 Certa
1143 1449 1231 1515 sit
1276 1469 1430 1533 ergo
1475 1449 1547 1511 in
1588 1448 1820 1531 primis
1865 1448 2073 1525 lectio,
2121 1445 2355 1512 deinde
2399 1466 2553 1510 con-

591 1537 838 1614 iuncta,
884 1545 953 1600 et
997 1533 1110 1599 diu
1155 1536 1416 1613 lentior,
1463 1532 1668 1599 donec
1710 1534 2171 1599 exercitatione
2213 1532 2557 1615 contingat

595 1620 949 1688 emendata
1004 1621 1330 1687 velocitas.
1427 1618 1603 1684 Nam
1662 1620 2067 1703 prospicere,
2101 1619 2175 1682 in
2229 1616 2554 1694 dextrum,

595 1706 787 1791 quod.
814 1727 1041 1773 omnes
1089 1705 1532 1790 praecipiunt,
1580 1712 1647 1769 et
1687 1704 2062 1788 providere,
2109 1725 2240 1769 non
2284 1703 2557 1767 rationis

593 1791 821 1873 mode,
874 1792 989 1858 scd
1033 1814 1192 1859 usus
1230 1813 1318 1875 qu
1403 1812 1487 1856 ue
1533 1797 1660 1856 est:
1717 1792 2031 1877 quoniam
2071 1790 2413 1873 sequentia
2456 1789 2556 1851 in-

596 1880 839 1958 tuenti,
935 1879 1116 1943 riora
1170 1876 1360 1943 dicen
1408 1898 1447 1942 a
1501 1883 1687 1942 sunt:
1753 1887 1822 1940 et
1863 1877 2037 1961 quod
2097 1874 2558 1940 difficillimum

594 1972 729 2044 est,
787 1962 1138 2031 dividenda
1191 1963 1472 2028 intentio
1517 1962 1750 2040 animi,
1795 1973 1872 2026 ut
1913 1960 2092 2026 aliud
2136 1981 2319 2039 voce,
2377 1956 2557 2024 aliud

595 2050 802 2116 oculis
848 2056 1099 2134 agatur.
1190 2046 1379 2114 Idem
1433 2047 1599 2113 libro
1641 2047 1765 2113 X.:
1821 2048 1950 2113 Est
2001 2048 2208 2131 igitur
2262 2066 2421 2110 usus
2465 2045 2556 2108 ir-

594 2136 1007 2202 rationabilis
1046 2157 1241 2219 quem
1285 2134 1524 2200 Graeci
1568 2131 1787 2214 ἆλογον
1819 2131 2017 2218 τριβῆν
2032 2134 2091 2216 ²)
2136 2142 2391 2208 vocant,
2429 2151 2558 2214 quo

595 2242 835 2287 manus
877 2222 950 2286 in
994 2219 1336 2287 scribendo
1381 2218 1685 2299 decurrit,
1731 2239 1861 2302 quo
1904 2217 2106 2286 oculis
2150 2227 2317 2283 totos
2361 2215 2559 2283 simul

594 2309 667 2373 in
711 2307 996 2374 lectione
1039 2328 1271 2372 versus
1319 2306 1657 2389 flexusque
1686 2322 1927 2370 ‘eorum
1970 2313 2039 2370 et
2094 2304 2409 2369 transitus
2453 2303 2557 2390 in-

597 2401 891 2473 tuentur,
939 2401 1006 2458 et
1042 2399 1194 2457 ante
1228 2392 1570 2475 sequentia
1602 2389 1851 2469 vident,
1887 2411 2085 2473 quam
2120 2390 2339 2472 priora
2374 2387 2558 2452 dixe-

598 2485 776 2545 runt.
859 2478 1045 2545 Galli
1087 2477 1317 2563 lingua
1358 2476 1715 2544 vernacula
1757 2496 1984 2542 rusam
2029 2474 2272 2541 dicunt.

778 2563 1136 2630 Tribunum
1180 2564 1711 2645 centurionemque
1753 2562 1839 2628 da
1881 2558 2167 2648 saevum]
2224 2560 2358 2626 Hic
2400 2558 2559 2624 ordo

594 2659 701 2717 est
745 2649 1136 2734 disciplinae
1178 2649 1518 2727 militaris,
1566 2656 1641 2713 ut
1683 2646 2100 2712 centuriones
2144 2644 2560 2711 tribunorum

594 2729 874 2820 imperio
910 2743 1205 2819 pareant,
1250 2733 1498 2798 tribuni
1541 2733 1928 2817 legatorum,
1972 2731 2174 2815 legati
2217 2730 2557 2796 consulum

597 2821 908 2904 potestati
963 2820 1229 2886 obnoxii
1306 2820 1459 2884 sint.
1550 2817 1985 2884 Centuriones
2052 2817 2228 2881 enim
2293 2823 2560 2882 centum

599 2904 925 2971 militibus
969 2912 1338 2991 praeerant,
1384 2904 1636 2971 tribuni
1679 2903 1982 2981 millenis,
2028 2901 2112 2968 ob
2156 2901 2223 2966 id
2265 2923 2306 2966 a
2348 2901 2561 2967 Graess

600 2992 697 3057 cis
739 2998 1044 3076 χιλίαρχοι
1089 2990 1263 3068 dicti,
1308 3012 1435 3073 quo
1480 2990 1746 3055 nomine
1790 2990 2005 3057 utitur
2045 2990 2244 3053 etiam
2288 2985 2562 3054 Curtius

601 3078 771 3144 libro
814 3077 899 3141 V.
1003 3075 1078 3143 Si
1146 3096 1302 3160 ergo
1365 3085 1476 3141 aut
1550 3074 1968 3140 centuriones
2031 3075 2167 3140 suis
2224 3074 2560 3152 centuriis,

603 3169 722 3228 aut
777 3160 1025 3227 tribuni
1087 3163 1222 3227 suis
1277 3160 1667 3227 chiliadibus
1710 3160 1807 3225 ita
1859 3159 2207 3244 imperiose
2250 3159 2560 3242 praesint,

603 3255 679 3313 ut
722 3248 1002 3313 minima
1046 3249 1245 3313 etiam
1303 3246 1542 3314 delicta
1584 3246 1993 3314 severissime
2036 3245 2396 3329 excipiant,
2451 3243 2563 3310 de-

605 3341 891 3400 sertores
948 3334 1219 3400 faciunt.
1326 3331 1587 3414 Quibus
1652 3341 1876 3398 tamen
1942 3332 2340 3417 ignoscitur,
2407 3332 2564 3414 quia

603 3419 799 3505 culpa
840 3420 1056 3486 omnis
1100 3421 1171 3484 in
1215 3440 1325 3485 eos
1365 3420 1718 3498 confertur,
1807 3439 2043 3484 uorum
2088 3418 2362 3484 saevitia
2406 3438 2563 3483 cau-

604 3527 748 3572 sam
793 3504 975 3572 dedit
1015 3526 1133 3571 cur
1177 3505 1569 3571 desererent.
1640 3503 1754 3571 Sic
1821 3505 2043 3588 egitur
2084 3500 2262 3588 apud
2294 3502 2564 3570 Livium

605 3590 688 3657 de
742 3591 962 3677 Appio
1017 3591 1136 3656 illo
1179 3592 1320 3657 viro
1373 3611 1604 3674 aspero
1658 3597 1726 3656 et
1776 3588 2175 3656 intractabili
2193 3641 2207 3666 ,
2266 3588 2435 3654 libro
2468 3588 2562 3654 Π.

603 3677 794 3745 Haec
836 3678 956 3758 ira,
999 3678 1244 3761 inquit,
1291 3675 1783 3761 indignatioque
1824 3674 1908 3740 ad
1948 3673 2323 3741 vexandum
2369 3694 2566 3741 saevo

605 3765 886 3849 imperio
940 3765 1305 3830 exercitum
1360 3761 1770 3828 stimulabat:
1828 3784 1949 3828 nec
2001 3762 2141 3827 ulla
2194 3762 2258 3827 vi
2314 3758 2568 3826 domari

605 3858 887 3934 poterat,
932 3857 1323 3933 tantumque
1359 3856 1691 3915 certamen
1731 3848 1970 3913 animis
2013 3847 2378 3925 imbiberat,
2419 3866 2569 3931 seg-

608 3936 803 4013 niter,
842 3936 1068 4014 otiose,
1106 3935 1539 4019 negligenter,
1577 3935 2053 4001 contumaciter
2087 3932 2310 3997 omnia
2343 3954 2566 4017 agere:

608 4041 734 4086 nec
788 4019 1032 4104 pudor,
1090 4041 1211 4085 nec
1267 4029 1482 4086 metus
1538 4018 1893 4098 coercebat.
1998 4017 2077 4084 Si
2134 4018 2326 4085 citius
2369 4017 2573 4084 vellet

607 4106 721 4190 agi
762 4126 1019 4190 agmen,
1066 4105 1321 4171 tardius
1379 4106 1603 4172 scdulo
1660 4103 1978 4171 incedere.
2068 4104 2144 4170 Si
2188 4104 2573 4169 adhortator

609 4192 829 4276 operis
873 4190 1159 4270 adesset,
1216 4214 1444 4257 omnes
1488 4213 1609 4257 sua
1663 4200 1896 4276 sponte
1946 4200 2195 4255 motam
2237 4190 2572 4255 remittere

606 4275 1005 4342 industriam
1021 4329 1036 4355 ,
1081 4279 1411 4361 praesenti
1456 4278 1685 4343 vultus
1728 4277 2103 4355 demittere,
2146 4277 2341 4341 tacite
2380 4296 2572 4358 prae-
2607 4300 2610 4309 ⁴

608 4370 982 4429 tereuntem
1025 4364 1369 4430 exsecrari.

783 4447 1204 4536 Desertores}
1223 4447 1543 4514 Desertor
1585 4458 1687 4514 est
1728 4448 1840 4532 qui
1875 4468 1995 4532 per
2030 4447 2360 4531 prolixum
2406 4456 2573 4512 tem-

610 4556 735 4619 pus
779 4545 1127 4619 evagatus,
1174 4533 1259 4598 ad
1303 4536 1537 4600 castra*
1563 4533 1926 4600 reducitur:
1983 4541 2060 4598 ut
2100 4532 2304 4598 tradit
2343 4533 2575 4599 Mode-

611 4621 832 4688 stinus
894 4621 1115 4687 iurisc.
1182 4620 1255 4684 in
1307 4619 1349 4685 1.
1412 4618 1812 4687 desertorem
1866 4621 1934 4685 ff.
2004 4617 2085 4684 de
2145 4639 2219 4684 re
2283 4619 2570 4684 militari.

611 4707 743 4772 Est
797 4714 1019 4771 tamen
1075 4713 1144 4771 et
1197 4706 1326 4770 alia
1383 4705 1774 4791 significatio
1839 4705 2038 4771 huius
2092 4705 2292 4771 'verbi
2395 4703 2577 4770 Sunt

613 4793 791 4858 enim
835 4794 946 4875 qui
982 4792 1288 4859 militiam
1325 4792 1652 4873 deserunt,
1699 4792 1811 4858 alii
1848 4792 2067 4858 locum
2103 4797 2171 4856 et
2202 4792 2572 4856 stationem.

753 5031 812 5100 1)
853 5031 948 5086 Sic
982 5034 1247 5102 princeps
1283 5049 1387 5101 per
1433 5031 1812 5102 eompmdium
1849 5021 1980 5098 (fii).
2067 5031 2324 5086 Caeterae
2365 5044 2576 5084 omnes.-

612 5108 811 5235 tum‘2)
851 5169 1217 5223 Restituimue
1249 5168 1350 5224 hoc
1373 5170 1695 5225 vocabulum
1728 5183 1797 5222 ea:
1831 5167 2156 5236 conjectura.
2204 5167 2582 5222 Libri‘nostri

613 5254 801 5294 omnen
830 5239 1059 5294 habent:
1090 5233 1327 5308 πριβὴνρ

2235 261 2371 381 Du
2409 311 2960 380 CLEMENTIA

4471 317 4585 378 115

2662 500 2992 570 Salustius
3044 504 3116 569 in
3168 503 3525 589 Iugurtha:
3597 502 4030 569 Centuriones
4084 502 4404 587 ducesque
4457 511 4588 570 tur-

2659 608 2924 655 marum
2974 589 3213 674 partim
3273 589 3373 654 uti
3414 592 3934 674 transfugerent,
3989 607 4434 672 corrumpere,
4483 592 4588 656 alii

2662 675 2852 759 signo
2897 674 3048 740 dato
3091 676 3305 740 locum
3349 676 3447 740 uti
3483 674 3877 740 desererent.
3967 673 4100 757 Qui
4143 675 4443 741 militiam
4484 677 4592 742 de-

2662 770 2916 839 serunt,
2977 761 3287 826 dicuntur
3329 760 3715 844 simpliciter
3768 759 4092 839 deserere,
4145 762 4290 825 sine
4331 761 4589 829 adiecto.

2662 844 3109 927 Quintilianus
3148 846 3489 912 librom:
3529 845 3664 926 Qui
3691 844 4038 929 aliquando
4071 847 4328 911 fortiter
4345 847 4590 928 fecerat,

2662 942 2729 996 ct
2756 933 2881 997 alio
2926 931 3094 997 bello
3140 932 3417 1016 petierat
3459 939 3535 996 ut
3577 930 3815 996 militia
3841 940 4105 997 vacaret
4125 952 4207 997 ex
4244 933 4406 1017 lege,
4431 934 4594 1018 quod

2660 1019 3258 1102 quinquagenarius
3301 1024 3491 1095 esset,
3538 1017 3927 1083 adversante
3969 1018 4103 1083 filio
4145 1018 4244 1083 ire
4286 1019 4359 1083 in
4400 1021 4594 1087 aciem

2658 1113 2935 1180 coactus,
2974 1102 3280 1168 deseruit.
3344 1103 3429 1168 In
3465 1102 3642 1169 hunc
3677 1123 3942 1168 sensum
3979 1103 4246 1169 Turnus
4279 1105 4598 1173 Aeneidos

2658 1188 2820 1254 XII.
2867 1198 3062 1255 vocat
3093 1190 3390 1255 Aeneam
3430 1187 3828 1254 desertorem
3861 1189 4080 1268 Asiae,
4128 1192 4314 1273 quasi
4357 1193 4598 1274 patriae

2660 1275 3058 1357 proditorem
3075 1326 3091 1354 ,
3136 1273 3308 1359 quod
3356 1274 3631 1340 Servius
3670 1295 3803 1339 non
3859 1274 4025 1341 benc
4069 1296 4188 1358 pro
4232 1276 4460 1342 exsule
4497 1277 4599 1342 in-

2661 1368 3063 1443 terpretatus
3105 1369 3220 1426 est.

2836 1445 3169 1528 Numquid
3226 1463 3491 1527 aequum
3546 1445 3661 1532 est]
3721 1443 3909 1525 Quae
3961 1458 4460 1530 praecesserunt
4499 1468 4598 1513 ar-

2660 1538 3005 1614 gumenta,
3052 1554 3092 1596 a
3143 1531 3464 1598 similibus
3510 1530 3933 1598 ducebantur.
4023 1532 4219 1599 Nunc
4262 1533 4525 1600 ducitur
4564 1558 4604 1602 a

2660 1616 2912 1681 maiori.
3012 1615 3088 1682 Si
3144 1618 3323 1683 enim
3377 1618 3601 1682 omnia
3651 1617 3921 1700 impune
3975 1617 4181 1685 licent
4235 1618 4493 1686 domino
4533 1621 4601 1685 in

2662 1702 2908 1767 animal
2951 1701 3216 1768 brutum
3262 1710 3330 1768 ct
3372 1713 3652 1781 mutum,
3697 1723 3820 1769 nec
3858 1711 4081 1768 tamen
4123 1727 4328 1789 grave
4372 1727 4447 1773 ac
4490 1704 4603 1772 du-

2659 1809 2807 1853 rum
2862 1788 3209 1872 imperium
3257 1797 3545 1867 exercet,
3609 1809 3650 1854 a
3708 1789 3940 1854 maiori
3985 1791 4282 1873 sequitur
4327 1791 4605 1857 hominis

2658 1874 2729 1938 in
2764 1873 3098 1939 hominem
3139 1873 3547 1940 moderatum
3582 1896 3724 1941 esse
3759 1874 3994 1941 debere
4040 1883 4184 1955 [pag.
4215 1884 4364 1959 108]
4406 1880 4606 1963 impe—

2661 1962 2852 2025 rium.
2957 1961 3119 2025 Post
3168 1959 3505 2027 descendit
3560 1958 3644 2025 ad
3696 1963 3970 2044 species,
4030 1964 4338 2047 exempla
4377 1986 4606 2049 propo-

2660 2068 2826 2113 nens
2871 2047 2938 2110 in
2988 2047 3200 2129 equis,
3258 2048 3330 2111 in
3373 2046 3608 2112 catulis
3652 2048 3991 2126 venaticis,
4056 2049 4126 2112 in
4172 2050 4378 2115 asinis
4419 2053 4608 2116 etiam

2661 2140 2731 2197 et
2771 2132 3005 2197 bobus:
3052 2152 3218 2214 quae
3253 2134 3307 2197 si
3342 2152 3571 2216 aspere
3605 2139 3972 2198 tractentur
4007 2144 4074 2198 et
4110 2136 4491 2217 praefracte,
4532 2135 4610 2202 ad

2661 2218 2937 2284 verbera
2957 2221 3009 2300 ¹)
3054 2215 3483 2283 indurescunt
3523 2218 3743 2301 potius
3785 2240 3983 2301 quam
4025 2222 4405 2287 flectuntur.

2660 2390 2684 2454 1
2834 2304 3036 2385 Atqui
3070 2302 3319 2391 equum]
3367 2304 3706 2387 Vergilius
3742 2304 4114 2389 Georgicon
4136 2305 4263 2372 III.
4316 2306 4398 2373 de
4436 2309 4615 2391 equis

2689 2410 2965 2474 oquens:

3280 2491 3522 2573 Namque
3559 2501 3685 2546 ante
3722 2493 4044 2548 domandum

2837 2561 3091 2630 Ingentes
3126 2560 3322 2614 tollent
3355 2575 3561 2614 ammos
3598 2564 3883 2630 prensique
3919 2564 4192 2632 negabunt

2835 2628 3080 2684 Verbera
3113 2628 3263 2682 lenta
3299 2630 3432 2697 pati,
3472 2637 3530 2683 et
3563 2629 3710 2683 duris
3743 2645 3939 2698 parere
3975 2631 4192 2700 lupatis.

2665 2714 2922 2781 Statius
2944 2714 2997 2779 I.
3022 2711 3451 2780 Achilleidos:

3076 2815 3331 2870 Effrenae
3367 2817 3625 2871 tumidum
3658 2818 3810 2872 velut
3843 2820 3962 2889 igne
3997 2821 4247 2876 iuventae

2838 2885 2894 2939 Si
2930 2885 3047 2966 quis
3084 2901 3278 2966 equum
3314 2886 3497 2967 primis
3534 2885 3847 2941 submittere
3885 2896 4058 2943 tentet
4088 2889 4338 2958 habenis,

2837 2953 3744 3105 Eltt¹2201¹ttf¹3÷152²33331²5302²
3765 2957 3984 3095 ἒεῖξὲἳῗ
4021 2959 4255 3083 ἰὶξῖὲῗο

2839 3092 2948 3146 Ora
2981 3092 3140 3161 lupis,
3174 3092 3478 3175 donumque
3512 3101 3677 3161 negat
3710 3110 3775 3149 ca
3815 3097 3958 3149 tivus
3991 3098 4125 3150 mire

2837 3161 3086 3231 Imperia,
3122 3167 3285 3230 atque
3322 3161 3462 3216 alios
3494 3163 3719 3217 miratur
3792 3164 3962 3218 'scere
3997 3181 4202 3219 cursus.

2838 3246 3164 3323 Domandi
3188 3248 3442 3330 peritus
3473 3247 3801 3336 myister]
3847 3249 3928 3315 Id
3973 3257 4075 3316 est
4113 3252 4619 3317 mansuetarius.

2668 3335 3070 3402 Observavit
3121 3333 3593 3417 proprietatem
3636 3335 3849 3414 verbi,
3909 3357 4112 3420 quum
4168 3335 4249 3402 de
4297 3337 4488 3421 equis
4530 3337 4622 3401 lo-

2668 3429 2997 3505 queretur,
3039 3440 3199 3503 quos
3243 3419 3497 3485 domari
3539 3422 3802 3503 proprie
3843 3420 4141 3501 dicimus,
4188 3431 4425 3488 autore
4439 3487 4453 3495 ,
4471 3422 4624 3490 Ser-

2668 3507 2791 3573 vio.
2861 3506 3093 3573 Cicero
3129 3504 3320 3572 Offic.
3357 3506 3440 3570 I.:
3484 3505 3581 3571 Ut
3620 3527 3820 3589 equos
3861 3516 4132 3592 propter
4164 3509 4438 3575 crebras
4472 3528 4622 3573 con-

2670 3594 2996 3658 tentiones
3038 3591 3433 3675 praeliorum
3478 3593 3813 3658 ferocitate
3854 3594 4265 3660 exsultantes
4281 3646 4297 3673 ,
4349 3595 4627 3660 domito-

2671 3680 2855 3746 ribus
2898 3676 3160 3743 tradere
3203 3677 3440 3755 solent,
3499 3683 3578 3742 ut
3619 3680 3699 3743 iis
3740 3679 3996 3745 facilius
4038 3680 4139 3744 uti
4179 3681 4461 3763 possint,
4507 3688 4624 3746 etc.

2849 3762 3183 3829 Contundet
3236 3761 3510 3850 animos]
3565 3763 3935 3831 Hebetabit.
4026 3764 4318 3848 Sumpta
4332 3819 4348 3846 ,
4409 3775 4489 3832 ut
4541 3766 4633 3831 ait

2671 3853 3011 3928 Donatus,
3067 3869 3108 3913 a
3161 3848 3361 3914 fabris
3414 3850 3789 3927 translatio,
3853 3852 3962 3935 qui
4018 3872 4213 3934 saepe
4272 3850 4632 3936 repetendo

2676 3936 2968 4002 tundunt
3012 3934 3258 4019 aliquid
3305 3935 3540 4000 malleo
3583 3943 3652 4000 et
3693 3935 4024 4003 hebetant.
4091 3937 4361 4004 Plinius
4395 3939 4471 4004 in
4504 3938 4633 4004 Pa-

2675 4024 3020 4107 negyrico:
3080 4022 3286 4086 Amas
3330 4023 3762 4086 constantiam
3817 4023 4093 4099 civium,
4150 4031 4505 4108 rectosque
4561 4042 4635 4087 ac

2674 4108 2934 4175 vividos
2977 4108 3257 4172 animos:
3301 4128 3454 4185 non,
3501 4114 3577 4172 ut
3617 4107 3747 4184 alii,
3794 4108 4142 4175 contundis
4179 4130 4256 4175 ac
4294 4109 4633 4195 deprimis,

2676 4194 2790 4260 sed
2840 4195 3022 4259 foves
3080 4204 3146 4259 et
3199 4193 3461 4258 attollis.
3550 4195 3832 4259 Latinus
3875 4195 4160 4260 Pacatus
4202 4197 4272 4260 in
4322 4197 4636 4280 Panegy-

2676 4282 2839 4346 rico:
2884 4279 3029 4355 Illa,
3071 4279 3203 4357 illa,
3240 4289 3270 4341 t
3317 4279 3512 4343 ranni
3545 4280 3817 4347 consilia
3849 4280 4153 4346 caecavit.
4218 4281 4357 4347 Illa
4392 4291 4465 4348 et
4498 4279 4638 4346 ani-

2677 4389 2860 4432 mum
2902 4368 3042 4432 eius
3086 4366 3241 4430 obtu
3291 4367 3358 4444 it,
3402 4375 3469 4429 et
3491 4365 3808 4449 gladium.
3866 4364 4324 4447 Quintilianus
4351 4367 4526 4434 libro
4549 4365 4634 4430 X.

2677 4454 2849 4518 Nam
2888 4454 2944 4517 si
2988 4452 3176 4517 nobis
3220 4451 3362 4517 sola
3401 4452 3677 4517 materia
3717 4454 3921 4518 fuerit
3955 4474 4038 4518 ex
4071 4451 4321 4532 litibus,
4371 4470 4640 4519 neceoee

2679 4547 2781 4606 est
2838 4538 3174 4603 deteratur
3226 4537 3471 4621 fulgor,
3531 4547 3598 4602 et
3654 4538 3957 4604 durescat
4000 4538 4355 4618 articulus,
4401 4540 4642 4622 etipse

2679 4625 2924 4710 ingenii
2983 4643 3210 4690 mucro
3265 4624 3450 4708 quasi
3507 4624 3888 4706 quotidiana
3941 4645 4161 4709 pugna
4212 4625 4639 4690 retundatur.

2679 4712 2894 4777 Aliter
2936 4710 3187 4792 accepit
3243 4708 3522 4774 Ovidius
3576 4709 3975 4775 contundere
4034 4710 4323 4790 animos,
4387 4733 4513 4794 pro
4568 4728 4644 4774 eo

2681 4798 2852 4882 quod
2895 4805 2997 4862 est
3029 4795 3429 4861 ferocitatem
3472 4794 3745 4860 nimiam
3788 4796 4279 4861 mansuefacere
4325 4805 4398 4862 ct
4441 4793 4644 4861 emol-

2682 4885 2818 4962 lire,
2863 4882 3121 4948 libro-I.
3169 4880 3250 4945 de
3293 4882 3487 4945 Arte:

2897 4983 3219 5053 Phillyrides
3255 4982 3455 5037 Chiron
3491 4983 3730 5038 citharae
3766 4985 4032 5053 praefecit
4066 4983 4355 5051 Achillem,

2992 5056 3171 5121 Atque
3207 5053 3413 5106 animos
3448 5051 3597 5106 molli
3631 5053 3877 5111 contudit
3907 5060 4026 5108 arte
4060 5054 4222 5108 feros.

2821 5226 2884 5290 1)
2923 5220 3072 5280 Eae.
3111 5223 3244 5277 1611
3270 5238 3370 5279 aa:
3405 5223 3585 5280 verba.
