4984 5975
604 238 725 302 151

605 440 917 506 percussa
960 422 1113 487 sint.
1200 421 1408 504 quue
1452 421 1632 504 quia,
1678 425 1757 486 ut
1799 419 1894 484 ait
1934 417 2188 484 Paulus
2229 416 2561 484 Iuriscon-

611 508 828 574 sultus
871 508 914 572 l.
946 507 1001 572 Ι.
1038 507 1104 571 ff.
1150 506 1232 571 de
1276 504 1697 572 contrahend.
1744 514 1975 589 empt:
2020 505 2267 569 Forma
2300 503 2564 588 publica

608 615 739 678 qua
781 596 1128 744 sigggntur
1159 594 1495 743 peciffgpie,
1541 592 1698 658 facit
1731 597 2119 675 perpetuam
2163 590 2561 655 aestimatio·

611 700 782 745 nem.
965 699 1126 744 neca
1173 701 1244 743 1n
1443 698 1549 743 ea:

865 798 989 836 uam
1023 781 1162 835 levia
1198 780 1413 850 fuerint,
1486 797 1712 849 namque
1749 779 1984 848 vulgaris
2019 785 2200 844 notae,

866 866 968 905 uae
1008 849 1344 904 commodavi
1380 865 1468 905 sce
1494 865 1604 903 era.

611 935 871 1002 Seneca
906 935 1074 1002 libro
1096 932 1292 998 XIX.
1318 933 1627 1016 Epistol.:
1670 933 2041 1015 Unicuique
2075 939 2375 997 nostrum
2407 951 2564 1014 pae-

612 1021 940 1106 dagogum
983 1020 1125 1086 dari
1169 1017 1383 1098 deum,
1432 1024 1578 1099 [pag.
1627 1025 1773 1098 145]
1817 1040 1950 1084 non
1993 1015 2257 1101 quidem
2301 1016 2563 1082 ordina-

612 1109 808 1186 rium,
854 1106 970 1173 sed
1013 1105 1192 1170 hunc
1235 1104 1569 1170 inferioris
1612 1111 1827 1169 notae.

801 1193 880 1259 Ut
921 1212 1092 1270 raro,
1135 1188 1403 1276 invitus]
1450 1190 1653 1255 Hunc
1697 1189 1910 1255 locum
1955 1188 2149 1255 aliter
2178 1189 2308 1274 legi
2353 1190 2427 1253 in
2448 1197 2590 1253 ved

613 1279 975 1345 tustissimo
1009 1274 1226 1342 codice
1261 1274 1598 1341 adnotavit
1616 1276 1955 1355 Erasmus,
1991 1296 2127 1339 non
2160 1283 2383 1340 tamen
2420 1274 2565 1338 sine

612 1364 870 1444 mend0,
928 1371 1002 1428 ut
1039 1362 1178 1444 ipse
1224 1360 1591 1438 arbitratur,
1650 1372 1716 1425 et
1771 1381 1891 1446 ego
1936 1381 2190 1445 quoque
2235 1360 2560 1426 existimo.

613 1448 830 1516 Debet
874 1448 1053 1513 enim
1093 1468 1234 1512 esse
1278 1448 1484 1512 oratio
1529 1447 1878 1526 defectiva,
1924 1448 1996 1511 in
2039 1468 2167 1530 qua
2211 1445 2565 1511 subaudia-

613 1543 725 1600 tur
770 1535 1045 1600 verbum
1082 1533 1471 1617 principale:
1517 1533 1641 1598 hoc
1685 1553 1909 1612 sensu,
1955 1540 2031 1596 ut
2074 1554 2251 1611 rar0,
2296 1532 2563 1610 invitus,

616 1641 768 1688 cum
823 1639 1066 1703 magna
1122 1619 1566 1697 cunctatione,
1626 1640 1777 1684 cum
1830 1639 1898 1683 m
2035 1618 2087 1683 ‘s
2142 1616 2565 1682 dilationibus

617 1706 987 1772 subscribas
1030 1705 1103 1768 in
1147 1725 1388 1787 poenas
1430 1716 1495 1769 et
1538 1703 1876 1788 supplicia.
2002 1705 2059 1769 ic
2100 1703 2278 1774 enim
2312 1704 2429 1768 fiet
2464 1703 2563 1766 iu-

617 1791 878 1870 dicium,
924 1789 1094 1873 quod
1138 1812 1315 1855 nunc
1360 1800 1460 1855 est
1504 1799 1740 1854 natura
1784 1797 1851 1854 et
1891 1790 2191 1872 impetus.

1355 2080 1659 2148 CAPUT
1703 2080 1830 2144 ΙΠ.

789 2217 875 2282 Et
917 2239 994 2283 ne
1034 2219 1193 2300 forte
1235 2219 1504 2302 decipiat
1543 2237 1657 2281 nos
1696 2216 2040 2298 speciosum
2073 2216 2427 2282 clementiae
2459 2237 2563 2281 no-

616 2325 758 2369 men
798 2304 1139 2385 aliquando
1152 2355 1168 2384 ,
1226 2309 1281 2368 et
1335 2304 1430 2367 int
1458 2303 1842 2368 contrarium
1882 2303 2224 2385 aliquando
2277 2300 2560 2381 abducat,

614 2391 937 2456 videamus
969 2390 1123 2470 quid
1156 2391 1242 2455 sit
1272 2390 1607 2464 clementia,
1641 2389 1968 2469 qualisque
2000 2390 2098 2467 sit,
2134 2393 2190 2453 et
2223 2408 2374 2469 quos
2403 2387 2564 2468 fines

613 2475 845 2541 habeat.
939 2474 1277 2541 Clementia
1325 2481 1414 2541 est
1468 2475 1877 2558 temperantia
1920 2475 2123 2539 animi
2165 2474 2234 2538 in
2263 2478 2564 2554 potestate

613 2561 972 2627 ulciscendi:
1028 2561 1121 2625 vel
1174 2561 1396 2625 lenitas
1438 2560 1787 2642 superior-ts
1828 2560 2132 2624 adversus
2182 2560 2560 2641 inferiorem,

618 2648 690 2712 in
733 2647 1170 2712 constituendis
1214 2647 1456 2728 poenis.
1548 2644 1766 2709 Plura
1803 2665 2151 2726 proponere
2203 2649 2295 2710 est
2344 2646 2561 2722 tutius,

616 2752 693 2796 ne
735 2753 865 2796 nna
908 2725 1186 2811 definitio
1218 2751 1462 2813 parum
1503 2750 1635 2794 rem
1677 2730 2171 2811 comprehendat,
2229 2733 2313 2808 et,
2359 2735 2427 2793 ut
2468 2730 2563 2794 ita

617 2818 842 2894 dicam,
883 2816 1161 2898 formula
1202 2817 1460 2882 excidat.
1533 2815 1770 2895 Itaque,
1798 2815 1927 2879 dici
1957 2820 2160 2896 potest
2200 2819 2255 2879 et
2294 2816 2563 2880 inclina-

618 2902 705 2967 tio
749 2902 952 2966 animi
993 2902 1081 2966 ad
1123 2901 1429 2966 lenitatem
1469 2902 1541 2964 in
1572 2920 1781 2980 poena
1822 2901 2139 2983 exiqenda.
2228 2899 2366 2964 Illa
2415 2899 2564 2980 lini-

616 2989 700 3051 tio
736 2988 1239 3052 contradictiones
1272 2987 1551 3063 inveniet,
1596 2987 1888 3066 quamvis
1920 2988 2196 3051 maccime
2229 2987 2314 3052 ad
2347 3006 2564 3050 verum

617 3073 878 3137 accedat.
971 3072 1044 3135 Si
1088 3072 1437 3135 dixerimus
1477 3072 1858 3135 clementiam
1899 3090 2029 3136 esse
2068 3072 2562 3151 moderationem,

619 3159 869 3239 aliquid
912 3179 988 3221 esc
1029 3158 1252 3221 merita
1295 3178 1369 3222 ac
1413 3157 1614 3222 debita
1647 3177 1850 3237 poena
1894 3157 2318 3222 remittentem.-
2369 3158 2566 3223 recla-

617 3243 893 3308 mabitur
906 3294 920 3323 ‚
979 3244 1219 3309 nullam
1269 3244 1563 3317 ,virtutem
1615 3244 1909 3324 cuiquam
1962 3244 2174 3309 minus
2227 3243 2423 3309 debito
2462 3244 2562 3325 fa-

617 3349 764 3394 cere.
863 3330 1064 3409 Atqui
1116 3329 1224 3393 hoc
1275 3350 1482 3394 omnes
1538 3328 1914 3412 intelliyunt,
1976 3330 2360 3394 clementiam
2411 3350 2559 3409 esse,

613 3436 776 3495 quae
830 3436 895 3480 se
940 3416 1125 3494 flectit
1178 3415 1337 3479 citra
1388 3416 1459 3479 id
1514 3416 1677 3495 quod
1732 3417 1946 3479 merito
2013 3416 2301 3480 constitui
2345 3420 2560 3497 potest.

616 3501 791 3565 Huic
823 3502 1207 3566 contrariam
1241 3501 1516 3582 imperiti
1538 3504 1772 3582 putant
1802 3503 2217 3566 severitatem:
2252 3502 2360 3568 sed
2380 3503 2562 3568 nulla

615 3589 820 3652 virtus
861 3589 1082 3652 virtuti
1124 3588 1440 3653 contraria
1481 3592 1583 3652 est.

789 3690 936 3755 Hoc
958 3691 1171 3773 capite
1210 3688 1374 3755 nihil
1398 3689 1575 3754 aliud
1595 3689 1750 3774 agit,
1777 3710 1974 3773 quam
1995 3696 2071 3754 ut
2090 3696 2293 3772 ponat
2313 3699 2562 3773 certam

617 3774 1060 3841 definitionem
1104 3775 1518 3842 clementiae:
1564 3773 1737 3859 quod
1781 3797 1851 3840 se
1907 3776 2235 3841 facturum
2278 3776 2560 3842 secundo

614 3860 755 3926 loco
809 3862 1198 3943 promiserat
1250 3863 1319 3926 in
1369 3860 1686 3927 divisione
1742 3861 1940 3926 totius
1990 3861 2202 3944 operis
2217 3913 2232 3940 ,
2289 3861 2401 3927 ubi
2445 3860 2559 3927 ad-

615 3947 986 4010 monuimus
1022 3947 1150 4012 alio
1184 3969 1336 4012 eum
1378 3946 1679 4031 prosequi
1723 3945 1969 4026 ordine,
2012 3967 2206 4031 quam
2239 3968 2559 4032 propone-

617 4037 738 4096 ret.
826 4031 908 4095 Id
950 4052 1148 4114 quam
1182 4054 1412 4099 verum
1455 4033 1560 4113 sit,
1605 4054 1780 4098 nunc
1823 4032 2175 4099 lectoribus
2219 4033 2563 4099 aestimare

615 4123 991 4200 promptum
1033 4117 1246 4183 fuerit
1337 4116 1729 4202 Quanquam
1775 4118 1900 4184 hoc
1942 4119 2138 4183 etiam
2331 4120 2344 4133 ’
2435 4141 2563 4184 usu

618 4209 952 4284 receptum
1006 4210 1133 4281 cst,
1189 4226 1322 4269 non
1376 4213 1454 4269 ut
1507 4203 1793 4270 secundo
1850 4204 1990 4270 loco
2042 4226 2147 4269 res
2173 4140 2557 4283 ι(Ῑίιεὶζῇειιιιῐ,

618 4287 734 4353 sed
788 4293 865 4352 ut
916 4289 1126 4353 omnis
1180 4288 1528 4372 disputatio
1581 4290 1818 4356 habeat
1872 4310 1912 4353 a
1952 4288 2327 4356 definitione
2371 4311 2560 4355 exor-

618 4372 816 4438 dium.
909 4371 1047 4438 Cur
1091 4373 1282 4439 aliter
1334 4374 1623 4442 Senecae
1669 4376 1888 4441 visum
1934 4376 2161 4453 fuerit,
2219 4374 2382 4440 mihi
2429 4396 2561 4441 non

616 4466 887 4524 constat.
2193 4488 2198 4493 ·

797 4543 1153 4624 Speciosam
1186 4546 1535 4613 clementiae
1568 4545 1812 4633 nomen]
1863 4544 2061 4628 Quod
2093 4546 2338 4615 scilicet
2370 4569 2562 4633 prae-

620 4627 911 4694 tenditur
953 4630 1025 4694 in
1062 4632 1238 4696 vitiis
1285 4633 1563 4698 virtutes
1603 4633 2027 4710 imitantibus,
2074 4639 2150 4696 ut
2192 4634 2261 4698 iu
2303 4634 2564 4699 miseri-

618 4713 854 4781 cordia.
913 4713 1298 4797 Speciosum
1332 4726 1552 4782 autem
1587 4741 1821 4786 nomen
1849 4718 2188 4802 eleganter
2223 4717 2408 4798 dixit,
2445 4741 2564 4803 pro

621 4798 904 4867 colorato
946 4808 1011 4864 et
1051 4801 1262 4869 fallaci
1302 4811 1664 4885 praetextu.
1754 4802 2031 4870 Ovidius
2074 4805 2566 4890 Metamorpho-

623 4905 781 4951 seon
821 4883 1008 4949 vu:

1209 4971 1572 5042 Speciosaque
1607 4978 1822 5029 nomina
1858 4975 2052 5045 culpae

1032 5037 1266 5108 Imponis
1303 5041 1498 5096 Medea
1533 5050 1676 5097 tuae.

623 5123 971 5192 Cornelius
1015 5126 1279 5191 Tacitus
1321 5127 1486 5193 libro
1530 5128 1721 5193 XX:
1768 5128 2120 5196 Caeterum
2159 5128 2448 5212 libertas,
2504 5138 2571 5197 et

2243 228 2373 295 DE
2416 228 2963 297 CLEMENTIA

4486 230 4599 294 152

2664 420 2954 503 speciosa
2976 419 3246 486 nomina
3269 425 3768 500 praetexuntur:
3806 436 3929 481 nec
3952 416 4297 500 quisquam
4322 415 4604 483 alienum

2665 506 3007 572 servitium
3050 510 3201 585 [pag.
3248 508 3393 584 146]
3439 512 3508 569 et
3550 504 4058 569 dominationem
4099 503 4490 586 concupivit,
4531 511 4604 567 ut

2664 612 2798 656 non
2851 591 3081 656 eadem
3141 593 3268 655 ista
3309 588 3625 655 vocabula
3666 595 4032 673 usurparet.
4123 586 4393 653 Curtius
4445 586 4603 654 libro

2665 676 2857 742 VIL:
2906 676 3170 741 Titulus
3213 675 3517 741 facinoris
3553 675 3881 758 speciosus
3920 674 4425 757 praeferebatur,
4463 674 4603 738 vin-

2666 762 2841 829 dicta
2893 762 3100 827 Darii.
3191 760 3673 841 Quintilianus:
3727 760 3820 824 Et
3870 759 4029 824 dum
4094 767 4422 825 ostentare
4478 759 4603 828 dis-

2668 847 2915 932 cipulos
2938 849 3108 913 circa
3129 846 3515 930 speciosiora
3534 845 3821 924 malunt,
3847 842 4225 927 compendio
4247 851 4601 910 morantur.

2844 932 3188 999 Clementia
3224 937 3312 997 est
3354 932 3768 1013 temperantia
3823 928 4054 1029 animffl
4110 931 4342 996 Prima
4382 931 4604 1010 finitio,

2668 1041 2831 1102 quae
2873 1041 3007 1083 non
3051 1018 3382 1085 cohaeret:
3439 1017 3593 1099 quia
3647 1037 3782 1081 non
3827 1015 4071 1081 desinit
4124 1018 4429 1099 protinus
4482 1017 4607 1083 cle-

2666 1127 2855 1170 mens
2900 1126 3063 1182 esse,
3110 1104 3220 1187 qui
3247 1124 3380 1167 non
3424 1102 3621 1167 habet
3662 1111 4071 1187 praesentem
4096 1100 4455 1167 ulciscendi
4497 1124 4605 1186 po-

2666 1199 3004 1257 testatem:
3062 1210 3255 1273 quem
3313 1189 3552 1254 sufficit
3606 1190 3699 1253 ita
3751 1188 4116 1252 animatum
4170 1208 4344 1265 esse,
4404 1195 4486 1252 ut
4529 1209 4607 1254 ne

2669 1284 3056 1360 accepturus
3111 1276 3198 1341 sit
3253 1272 3514 1358 quidem
3564 1273 3887 1340 vindictae
3932 1273 4336 1338 occasionem
4353 1325 4367 1348 ,
4414 1276 4608 1339 etiam

2668 1362 2726 1428 si
2760 1383 2829 1427 se
2867 1362 3156 1426 maxime
3192 1361 3441 1425 offerat.
3511 1360 3743 1442 Neque
3779 1359 4067 1425 secunda
4100 1358 4313 1425 multo
4347 1359 4603 1425 melior:

2668 1469 2871 1532 quum
2906 1455 2974 1511 et
3005 1468 3127 1530 par
3160 1467 3319 1531 erga
3353 1467 3576 1528 parem
3613 1445 3967 1511 clementer
4009 1466 4078 1509 se
4123 1465 4351 1530 gerere
4386 1447 4606 1529 possit,

2668 1540 2736 1598 et
2779 1533 3047 1598 inferior
3095 1553 3254 1616 erga
3306 1531 3738 1615 superiorem:
3796 1552 3995 1614 quum
4045 1552 4173 1595 non
4232 1531 4312 1596 de
4358 1531 4607 1611 effectu,

2669 1619 2784 1685 sed
2831 1618 2911 1683 de
2954 1619 3153 1683 animi
3201 1617 3440 1684 affectu
3484 1625 3849 1700 quaeratur.

2848 1703 3056 1769 Plura
3086 1701 3460 1789 proponere]
3507 1703 3658 1769 Non
3697 1702 3935 1783 verbis,
3973 1703 4086 1769 sed
4131 1710 4205 1768 ut
4246 1702 4613 1769 differentia

2548 1822 2565 1839 ·
2667 1790 2866 1855 latius
2910 1797 3148 1873 pateat,
3195 1796 3262 1852 et
3306 1788 3388 1853 ad
3433 1810 3670 1854 nomen
3710 1788 4091 1855 clementiae
4134 1789 4476 1854 limitetur.

2843 1875 3148 1942 Formula
3183 1873 3450 1961 excidat]
3489 1874 3569 1939 Id
3606 1883 3722 1954 est,
3762 1874 3905 1958 lege
3939 1875 4055 1941 illa
4096 1874 4372 1952 formali,
4422 1896 4611 1958 quam

2668 1961 2989 2028 dialectici
3030 1963 3100 2026 in
3144 1959 3518 2026 definitione
3554 1961 3859 2044 exigunt,
3904 1969 3979 2025 ut
4022 1961 4106 2026 ad
4149 1960 4371 2025 omnia
4416 1961 4611 2043 perti-

2668 2055 2822 2114 neat
2862 2049 2932 2111 in
2973 2068 3139 2131 quae
3198 2045 3427 2111 cadere
3456 2044 3693 2129 'potest
3734 2044 4117 2125 definitum,
4181 2068 4300 2112 nec
4359 2046 4447 2110 ad
4491 2047 4613 2111 alia

2667 2133 3012 2199 transferri
3053 2132 3278 2217 possit.

2842 2219 3182 2285 Inclinatio
3220 2219 3425 2283 animi
3461 2218 3544 2282 ad
3586 2214 3926 2303 lenitatem]
3973 2216 4158 2283 Haec
4204 2217 4341 2283 sola
4385 2216 4611 2283 defini-

2666 2306 2754 2370 tio
2798 2304 3099 2370 omnibus
3143 2305 3435 2370 numeris
3467 2310 3739 2369 constat.

2840 2390 3010 2455 Huic
3031 2391 3307 2472 imperiti
3329 2391 3711 2454 contrariam
3733 2389 4116 2454 severitatem
4135 2386 4396 2476 putant]
4446 2388 4612 2454 Nam

2666 2497 2865 2559 quum
2916 2478 3127 2540 omnis
3185 2477 3399 2539 virtus
3454 2475 3539 2538 sit
3597 2473 3917 2556 quaedam
3974 2473 4388 2540 mediocritas
4445 2476 4613 2540 inter

2666 2569 2988 2639 extrema,
3037 2581 3315 2644 quorum
3360 2559 3639 2624 alterum
3684 2560 3755 2623 in
3800 2558 4123 2624 defectum
4167 2559 4409 2638 tendit,
4461 2560 4613 2626 alte-

2666 2667 2817 2711 rum
2859 2647 2930 2710 in
2974 2663 3331 2724 excessum,
3375 2643 3665 2711 defectus
3707 2646 3893 2729 quasi
3938 2667 4022 2709 ex
4056 2645 4373 2711 diametro
4420 2667 4614 2730 oppo-

2667 2732 2848 2795 nitur
2904 2731 3133 2796 virtuti
3182 2730 3266 2796 ad
3323 2752 3519 2814 quam
3572 2731 3886 2811 refertur,
3944 2752 4247 2798 excessus
4302 2733 4614 2798 virtutem

2666 2817 2878 2900 magis
2912 2817 3227 2882 imitatur.
3317 2817 3449 2882 Hic
3493 2836 3650 2900 ergo
3694 2819 4035 2900 quaeritur
4079 2816 4160 2882 de
4202 2825 4504 2883 extremo
4545 2819 4612 2882 in

2668 2901 3018 2968 defectum:
3046 2901 3217 2985 quod
3240 2909 3475 2985 putant
3497 2901 3759 2987 quidam
3783 2924 3925 2968 esse
3947 2903 4381 2968 severitatem.
4433 2902 4612 2985 Quos

2666 2989 2807 3054 falli
2828 2990 3132 3072 opinione
3168 2989 3453 3055 ostendit
3488 2988 3768 3055 Seneca:
3807 2991 3961 3073 quia
3996 2990 4311 3056 severitas
4348 2999 4452 3056 est
4485 2992 4613 3055 vir-

2667 3085 2792 3151 tus,
2835 3084 2903 3140 et
2936 3096 3234 3159 pugnare
3269 3077 3442 3140 inter
3474 3096 3545 3140 se
3582 3076 3858 3141 virtutes
3894 3096 4027 3140 non
4064 3086 4361 3158 possunt.
4452 3077 4613 3141 Pos-

2666 3168 2821 3226 sunt
2863 3160 3041 3226 enim
3077 3181 3221 3227 esse
3256 3160 3553 3227 diversae
3586 3162 3881 3239 virtutes,
3921 3181 4055 3225 non
4100 3162 4496 3227 contrariae:
4542 3170 4615 3226 ut

2665 3246 3010 3313 clementia
3045 3254 3114 3311 et
3155 3248 3470 3313 severitas
3512 3248 3767 3312 variam
3813 3246 4077 3330 quidem
4122 3246 4374 3312 habent
4416 3249 4613 3312 ratio-

2666 3353 2837 3411 nem,
2876 3332 2993 3398 sed
3029 3341 3250 3399 tamen
3295 3332 3493 3397 simul
3527 3341 3702 3398 stare
3734 3339 4036 3416 possunt:
4073 3332 4250 3397 unde
4286 3342 4351 3398 et
4384 3333 4613 3399 eadem

2664 3418 2911 3485 habent
2952 3425 3266 3498 extrema,
3312 3418 3513 3483 variis
3548 3419 3927 3484 rationibus.
4017 3417 4391 3484 Crudelitas
4440 3419 4613 3484 enim

2663 3504 3048 3571 clementiae
3092 3514 3192 3570 est
3228 3502 3543 3584 defectus,
3588 3511 3656 3569 et
3698 3525 4004 3587 excessus
4048 3505 4446 3571 severitatis:
4493 3505 4611 3569 mi·

2664 3590 3015 3656 sericordia
3069 3611 3225 3656 vero
3293 3589 3585 3656 defectus
3651 3590 4046 3669 severitatis,
4112 3610 4419 3657 excessus
4490 3590 4611 3655 cle-

2664 3675 2968 3741 montiae.

3403 3966 3706 4032 CAPUT
3750 3966 3870 4030 IV.

2844 4103 3009 4184 Quid
3043 4123 3184 4186 erqo
3218 4105 3549 4185 opponitw
3580 4104 3983 4168 clementiae?
4051 4102 4419 4183 Grudelitas,
4455 4126 4610 4187 quae

2665 4189 2827 4256 nihil
2861 4188 3044 4254 aliud
3077 4194 3182 4266 est,
3217 4209 3409 4270 quam
3442 4191 3739 4254 atrocitas
3773 4189 3973 4253 animi
4009 4190 4078 4253 in
4119 4189 4440 4273 exiyendis
4466 4210 4610 4272 poe-

2665 4278 2784 4342 nis.
2876 4273 3003 4340 Sed
3044 4275 3304 4357 quidam
3346 4297 3465 4341 non
3500 4276 3757 4358 eoeiyunt
3786 4295 4044 4355 poenas,
4088 4276 4364 4341 crudeles
4405 4282 4609 4342 tamen

2665 4367 2838 4427 sunt.-
2878 4366 3177 4442 tanquam
3229 4362 3340 4442 qui
3391 4363 3629 4444 iynotos
3682 4360 3958 4425 homines
3999 4366 4054 4426 et
4094 4360 4331 4441 obvios,
4374 4383 4500 4427 non
4542 4363 4609 4426 in

2664 4447 3116 4530 compendium,
3159 4445 3269 4512 sed
3301 4446 3612 4512 occidendi
3652 4465 3846 4511 causa
3886 4446 4192 4512 occidunt.-
4234 4469 4341 4514 nec
4383 4448 4609 4528 interfi-

2667 4553 2799 4599 cere
2840 4533 3124 4611 contenti,
3162 4532 3477 4597 saeviunt:
3530 4536 3601 4595 ut
3644 4531 3911 4597 Busiris
3954 4532 4086 4611 ille,
4126 4539 4183 4597 et
4220 4532 4604 4610 Procrustes,

2667 4624 2725 4684 et
2771 4618 3057 4698 Piratae,
3104 4623 3252 4698 [pag.
3307 4622 3454 4697 147]
3482 4619 3610 4699 ⁴qui
3652 4622 3858 4699 captos
3900 4618 4248 4698 verberant,
4305 4625 4361 4685 ct
4402 4621 4473 4684 in
4514 4619 4609 4702 iy-

2667 4725 2808 4770 nem
2825 4706 2999 4771 vivos
3019 4706 3362 4785 imponunt.
3429 4703 3604 4768 Haec
3636 4702 3973 4768 crudelitas
4005 4704 4282 4785 quidm.-
4313 4706 4423 4771 sed
4454 4706 4606 4786 quia

2668 4811 2775 4856 nec
2824 4790 3118 4856 ultionem
3165 4789 3475 4870 sequitur,
3531 4787 3685 4871 (non
3737 4790 3901 4854 enim
3956 4789 4131 4855 laesa
4170 4796 4288 4855 est.-
4326 4809 4605 4870 necpeo-

2669 4881 2803 4942 cato
2857 4876 3052 4941 alicui
3103 4875 3408 4940 irascitur
3423 4925 3438 4953 ‚
3494 4873 3737 4939 nullum
3780 4875 3941 4957 enim
3985 4877 4305 4942 antecessit
4344 4875 4603 4960 crimen)

2671 4967 2850 5028 extra
2892 4960 3304 5041 definitionem
3356 4965 3634 5025 nostram
3674 4961 3868 5040 cadit,
3905 4981 4064 5042 quae
4100 4960 4303 5041 finitio
4340 4962 4603 5026 contine-

2671 5048 2799 5125 bat,
2849 5049 2919 5111 in
2953 5045 3274 5128 etci9endis
3306 5046 3530 5126 poenis
3562 5047 4103 5128 iintenoperaottiam
4143 5047 4365 5113 animi
4459 5045 4603 5111 Pos—

2671 5153 2892 5198 sumus
2924 5132 3126 5196 dicere
3156 5150 3279 5197 non
3313 5152 3442 5197 esse
3468 5131 3628 5198 lianc
3664 5132 4105 5211 crudelitatem,
4143 5133 4253 5197 sed
4280 5133 4600 5215 feritatem,
