4984 5975
675 315 799 377 215
1745 251 1751 264 ’
2190 301 3140 370 ΡΒῩΟΗΟΡΑΝΝῩΟΗῙΑ.
3795 354 3799 359 .
4532 306 4650 369 216

673 520 817 564 mas
860 519 1009 565 cum
1041 497 1183 562 Deo
1219 517 1380 572 esse,
1427 507 1492 560 et
1535 496 1605 559 in
1636 493 1783 559 Deo
1816 495 2057 572 vivere,
2102 501 2258 557 ante
2304 501 2620 557 eventum
2724 491 2852 566 ille,
2897 492 2969 556 in
3014 513 3210 575 quem
3252 492 3604 557 mittentur
3646 491 3907 574 reprobi
3952 491 4021 554 in
4062 491 4169 556 die
4206 490 4463 569 iudicii,
4506 489 4653 557 dici-

678 586 886 650 illum.
973 582 1181 648 Alibi:
1216 584 1264 665 ¹)
1313 582 1453 646 Cur
1495 602 1629 645 non
1670 580 2003 663 capiamus
2048 580 2268 644 sinum
2312 576 2621 644 Abrahae
2723 586 2836 643 tur
2885 585 3312 661 praeparatus
3368 576 3639 642 diabolo.
3726 576 4100 659 Utrumque
4154 575 4265 639 ille
4323 579 4650 658 expressit,

679 670 822 749 dici,
868 668 1225 752 temporale
1255 663 1531 749 'aliquod
1578 665 1872 731 fidelium
1915 666 2279 754 animarum
2323 671 2618 748 recepta·
2723 665 2835 747 qui
2879 664 3143 746 scripsit
3184 672 3550 730 reservatos
3596 663 3718 732 sub
3764 663 4048 727 aeternis
4094 661 4372 727 vinculis
4387 714 4402 740 ,
4447 661 4519 725 in
4556 664 4652 728 iu-

676 757 922 834 culum,
980 756 1050 818 in
1108 774 1233 836 quo
1290 752 1654 817 delineetur
1696 750 1849 816 fidei
1901 752 2148 835 image,
2209 772 2285 816 ac
2343 749 2620 815 candida
2726 749 2969 815 dicium
3011 750 3239 834 magni
3278 749 3408 814 diei
3451 749 3624 834 (Iud.
3667 751 3750 830 6).
3815 748 3949 814 Ubi
3981 769 4101 831 per
4134 749 4651 828 reservationem,

675 841 1015 923 utriusque
1033 838 1257 904 iudicii
1279 837 1756 922 prospiciatur?
1779 837 2097 902 Irenaeus
2112 857 2292 901 vero:
2312 836 2370 922 ²)
2395 834 2621 916 Quum
2723 856 3002 918 poenam
3036 836 3451 919 significavit,
3487 855 3681 917 quam
3703 832 3997 898 nondum
4021 834 4346 898 sentiunt:
4381 855 4500 917 per
4518 836 4653 899 vin-

674 925 1006 992 Dominus
1048 926 1119 989 in
1162 923 1377 990 medio
1422 923 1692 988 umbrae
1735 923 1964 987 mortis
2007 922 2271 1000 abierit,
2327 920 2436 986 ubi
2479 921 2623 986 ani-
2726 920 2900 998 cula,
2956 929 3395 1003 praesentem,
3444 941 3641 1004 quam
3684 921 4027 985 sustinent.
4114 920 4208 984 Et
4250 920 4654 1003 Augustinus

674 1034 822 1077 mae
861 1018 1271 1076 mortuorum
1312 1018 1527 1088 erant,
1584 1021 1731 1093 post
1774 1006 2010 1074 deinde
2052 1008 2476 1092 corporaliter
2518 1027 2622 1071 re-
2725 1008 2864 1091 ipse
2900 1007 3027 1071 alio
3060 1006 3200 1073 loco
3226 1007 3276 1090 ¹)
3313 1028 3384 1071 se
3420 1006 3706 1088 exponit,
3751 1026 3956 1087 quum
3985 1006 4227 1087 inquit:
4272 1006 4458 1070 'Buus
4492 1013 4655 1072 certe

678 1098 981 1176 surrexit,
1029 1104 1095 1161 et
1131 1103 1280 1179 post
1321 1096 1862 1161 resurrectionem
1901 1103 2272 1176 assumptus
2307 1097 2434 1159 est:
2484 1113 2622 1156 ma·
2725 1092 2862 1158 dies
2906 1092 3182 1157 ultimus
3225 1092 3419 1176 longe
3461 1090 3687 1156 abesse
3730 1112 3862 1155 non
3905 1099 4136 1174 potest.
4227 1091 4333 1155 Ad
4378 1091 4556 1157 hunc
4596 1101 4655 1158 te

675 1184 988 1250 nifestum
1023 1189 1139 1260 est,
1176 1182 1329 1264 quia
1363 1188 1429 1245 et
1464 1180 1932 1263 discipulorum
1967 1181 2126 1258 eine,
2161 1188 2426 1264 propter
2459 1198 2623 1261 quos
2723 1199 3057 1262 praepara.
3162 1176 3394 1259 Qualis
3450 1178 3626 1242 enim
3683 1177 3919 1264 exieris
3976 1175 4055 1240 de
4111 1177 4235 1242 hac
4286 1177 4455 1254 vita,
4514 1178 4655 1243 talis

677 1269 836 1335 haec
880 1276 1182 1353 operatus
1241 1273 1342 1332 est
1381 1266 1709 1331 Dominus
1727 1318 1742 1345 ,
1790 1267 2044 1330 animae
2089 1266 2362 1331 abibunt
2403 1267 2472 1330 in
2518 1264 2623 1328 in-
2724 1263 3015 1329 redderis
3049 1264 3148 1328 illi
3183 1264 3374 1329 vitae.
3443 1263 3612 1328 Post
3638 1264 3843 1327 vitam
3880 1263 4071 1326 istam
4106 1283 4240 1326 non
4277 1263 4501 1328 statim
4535 1262 4656 1329 eris

679 1349 1004 1420 visibilem
1062 1353 1303 1431 locum,
1366 1351 1709 1417 definitum
1762 1351 1897 1416 illis
1946 1373 1986 1414 a
2027 1352 2339 1416 Domino:
2399 1357 2466 1416 et
2507 1349 2617 1428 ibi,
2724 1350 2834 1414 ubi
2880 1360 3076 1414 erunt
3119 1352 3355 1427 sancti,
3412 1349 3650 1432 quibus
3695 1348 4000 1414 dicet-urz,
4038 1349 4278 1412 Venite
4338 1349 4654 1415 benedicti

675 1461 885 1524 usque
903 1459 910 1470 ·
928 1439 1012 1504 ad
1055 1439 1600 1504 resurrectionem
1643 1436 2215 1502 commorabuntur
2229 1489 2244 1515 ,
2292 1437 2619 1502 sustinen-
2724 1436 2931 1518 patris
2987 1436 3117 1506 mei
3132 1487 3145 1512 ‚
3205 1435 3518 1519 percipite
3577 1455 3856 1518 regnum
3911 1431 4084 1516 quod
4130 1434 4311 1500 vobis
4364 1443 4656 1516 parat-um

677 1534 777 1591 tes
813 1526 1382 1590 resurrectionem:
1419 1531 1584 1606 post,
1623 1524 2009 1607 recipientes
2048 1527 2165 1600 [fol.
2205 1526 2314 1602 36]
2351 1541 2621 1604 corpora
2725 1528 2824 1586 est
2866 1521 2947 1586 ab
2988 1520 3174 1585 initio
3218 1521 3463 1585 mundi.
3552 1517 3862 1584 Nondum
3906 1518 3996 1583 ibi
4040 1521 4188 1598 orie,
4233 1521 4378 1603 quis
4416 1521 4654 1586 nescit?

678 1631 795 1677 sua
811 1662 826 1689 ,
884 1620 951 1675 et
994 1611 1274 1692 perfecte
1318 1617 1742 1694 resurgentes
1757 1661 1772 1688 ,
1830 1609 1955 1674 hoc
1998 1615 2098 1673 est
2112 1660 2127 1685 ,
2182 1608 2617 1690 corporaliter,
2724 1606 2837 1670 sed
2882 1607 3014 1670 iam
3055 1607 3299 1688 poteris
3339 1607 3427 1671 ibi
3473 1627 3633 1682 esse,
3679 1604 3790 1670 ubi
3831 1605 4020 1669 illum
4056 1604 4380 1689 quondam
4418 1606 4657 1673 ulcero·

679 1694 1228 1779 quemadmodum
1283 1704 1351 1759 et
1392 1694 1721 1759 Dominus
1765 1694 2153 1770 resurrexit,
2214 1694 2308 1759 sic
2351 1693 2621 1758 venient
2723 1714 2871 1757 sum
2925 1712 3279 1776 pauperem
3298 1744 3312 1770 ,
3370 1692 3552 1757 dives
3610 1691 3720 1756 ille
3775 1692 4092 1774 superbus
4149 1698 4216 1755 et
4270 1692 4542 1771 sterilis,
4592 1694 4655 1758 in

678 1783 751 1846 in
808 1790 1226 1864 conspectum
1283 1779 1429 1845 Dei.
1517 1779 1726 1844 Nemo
1779 1780 1958 1856 enim
2014 1778 2368 1863 discipulus
2420 1798 2621 1862 supra
2722 1777 2956 1854 mediis
2999 1778 3135 1843 suis
3178 1778 3551 1856 tormentis,
3593 1776 3760 1841 vidit
3802 1798 3841 1840 a
3883 1776 4074 1861 longe
4128 1779 4652 1859 requiescentem.

681 1869 1069 1951 magistrum
1106 1866 1373 1950 (Matth.
1406 1871 1501 1944 10,
1529 1868 1661 1947 24),
1699 1873 1817 1932 etc.
1877 1864 1970 1929 Et
2002 1864 2538 1948 Chrysostomus:
2561 1864 2616 1946 Β)
2723 1862 2805 1926 In
2848 1863 2966 1928 illa
3010 1864 3232 1946 requie
3275 1865 3552 1946 positus,
3612 1870 3789 1928 certe
3844 1883 4131 1942 securus,
4180 1872 4521 1946 exspectas
4560 1866 4653 1930 iu-

679 1952 1037 2037 Intelligite
1081 1952 1271 2036 quale
1328 1960 1394 2016 et
1447 1957 1766 2032 quantum
1809 1959 1935 2027 est,
1981 1949 2318 2016 Abraham
2373 1950 2616 2028 sedere,
2725 1948 2878 2013 dicii
2921 1948 3124 2027 diem,
3183 1948 3441 2033 quando
3484 1949 3763 2031 recipias
3806 1956 3872 2013 et
3915 1968 4150 2031 corpus
4166 2000 4180 2026 ,
4242 1949 4499 2031 quando
4536 1952 4655 2015 im-

680 2047 746 2104 et
788 2038 1154 2121 apostolum
1195 2037 1509 2115 Paulum,
1562 2036 1821 2119 quando
1873 2037 2254 2118 perficiatur
2269 2087 2283 2111 ‚
2338 2044 2415 2100 ut
2467 2055 2620 2118 pos·
2721 2035 3014 2114 muteris,
3059 2042 3138 2099 ut
3171 2035 3413 2119 angelo
3456 2035 3773 2117 aequeris.
3861 2034 4089 2116 Neque
4133 2034 4452 2117 displicet.
4492 2036 4654 2119 quod

681 2125 814 2190 sint·
857 2133 1015 2189 tunc
1055 2123 1423 2188 mercedem
1466 2121 1772 2205 recipere.
1861 2121 2007 2186 Nisi
2063 2126 2237 2186 enim
2295 2142 2411 2186 nos
2465 2121 2621 2185 illuc
2724 2119 2965 2184 alicubi
3010 2120 3280 2185 docendi
3322 2142 3519 2186 causa
3561 2119 3878 2184 traditum
3931 2130 4033 2183 est
4085 2120 4168 2185 ab
4223 2119 4479 2198 eodem,
4497 2124 4553 2205 ²)
4603 2124 4651 2188 si

681 2210 1080 2287 venerimus,
1142 2219 1298 2274 tunc
1328 2256 1340 2274 ,
1349 2206 1674 2292 praedixit
1725 2207 1820 2272 eis
1862 2216 2078 2291 pater,
2137 2228 2271 2271 non
2315 2229 2385 2272 se
2429 2206 2620 2271 datu·
2723 2212 2945 2269 tamen
2980 2226 3217 2271 sanum
3250 2215 3319 2271 et
3352 2207 3723 2271 modestum
3744 2205 4169 2288 interpretem
4191 2206 4459 2273 habeat:
4495 2208 4652 2272 mul-

678 2316 827 2359 rum
846 2297 901 2377 ⁴)
939 2293 1333 2360 mercedem:
1374 2294 1542 2359 sicut
1574 2294 1781 2358 bonus
1810 2299 1999 2375 pater
2032 2299 2285 2356 amator
2314 2292 2618 2372 filiorum,
2723 2298 2824 2356 tos
2868 2312 3010 2357 esse
3054 2291 3299 2375 gradus
3345 2294 3624 2357 animae:
3672 2292 3976 2373 primum,
4021 2292 4519 2358 animationem:
4563 2314 4651 2359 se-

679 2390 747 2446 et
789 2380 1227 2463 probabilibus
1268 2380 1422 2445 filiis
1466 2385 1534 2443 et
1576 2400 1737 2461 opus
1779 2379 2268 2462 perficientibus
2310 2378 2494 2458 dicit,
2552 2399 2622 2442 se
2726 2377 3013 2442 cundum
3033 2429 3048 2456 ,
3095 2399 3388 2443 sensum:
3436 2379 3706 2442 tertium
3722 2428 3736 2454 ‚
3784 2384 4022 2441 artem:
4068 2385 4379 2464 quartum
4395 2430 4411 2457 ,
4459 2380 4655 2444 virtu-

676 2487 811 2531 non
857 2466 1166 2530 daturum
1208 2465 1426 2532 cibum
1443 2516 1458 2542 ,
1503 2464 1628 2528 nisi
1673 2465 1975 2529 venerint
2017 2464 2128 2529 alii
2171 2464 2426 2529 ftatres.
2517 2464 2621 2527 'Pu
2725 2470 2891 2526 tem:
2950 2464 3253 2545 quintum
3268 2515 3282 2540 ,
3339 2463 3907 2546 tranquillitatem:
3967 2471 4259 2543 sextum,
4318 2464 4654 2549 ingressio-

678 2559 899 2617 autem
940 2552 1202 2617 anxius·
1221 2572 1308 2630 es,
1355 2551 1509 2634 quia
1550 2549 1830 2614 necdum
1874 2549 2154 2632 accipis?
2201 2548 2357 2632 quid
2401 2556 2624 2615 autem
2728 2569 2907 2612 nem:
2958 2550 3328 2632 septimum,
3375 2548 4005 2631 contemplationem.
4075 2547 4211 2614 Seu
4256 2550 4407 2632 quis
4447 2550 4649 2617 malit:

677 2638 870 2703 faciet
923 2637 1117 2713 Abel,
1217 2637 1286 2699 ui
1340 2642 1494 2700 ante
1547 2636 1706 2699 vicit
1721 2686 1736 2712 ,
1792 2642 1862 2700 et
1916 2633 2131 2701 adhuc
2185 2635 2328 2700 sine
2382 2655 2626 2701 corona
2727 2635 3031 2715 primum,
3078 2634 3159 2699 de
3202 2654 3496 2717 corpore:
3542 2633 3920 2712 secundum,
3968 2637 4085 2713 [fol.
4123 2640 4231 2715 37]
4274 2635 4355 2699 ad
4404 2657 4652 2719 corpus:

679 2722 903 2787 sedet?
968 2720 1149 2802 Quid
1257 2720 1375 2785 oe?
1422 2720 1580 2803 quid
1623 2721 1863 2785 caeteri
1905 2720 2167 2784 illorum
2208 2719 2622 2803 temporum?
2729 2719 3017 2798 tertium,
3064 2720 3234 2784 circa
3276 2741 3534 2802 corpus:
3583 2727 3911 2802 quartum,
3957 2719 4039 2783 ad
4084 2741 4154 2785 se
4187 2721 4437 2803 ipsam:
4481 2722 4653 2805 quin·

680 2806 855 2887 Quia
897 2827 1044 2871 ecce
1088 2815 1664 2889 exspectaverunt,
1721 2813 1790 2870 et
1832 2804 1990 2871 alios
2046 2813 2456 2889 exspectant,
2514 2806 2624 2889 qui
2728 2811 2889 2882 tum,
2925 2806 2993 2868 in
3031 2826 3101 2870 se
3133 2805 3302 2887 ipsa:
3350 2814 3627 2882 sextum,
3667 2802 3747 2869 ad
3784 2805 4033 2869 Deum:
4079 2807 4456 2890 septimum,
4500 2806 4653 2891 apud

679 2898 829 2974 post
868 2900 935 2955 te
978 2892 1182 2955 futuri
1226 2898 1398 2956 sunt.
1486 2891 1697 2955 Paulo
1741 2898 1913 2972 post:
1959 2891 2462 2956 Praevenerunt
2503 2912 2625 2956 nos
2727 2889 2968 2954 Deum.
3059 2888 3245 2970 Quae
3289 2891 3491 2957 verba
3544 2891 3675 2955 huc
3726 2911 4058 2956 accersere
4100 2892 4318 2956 visum
4375 2903 4482 2958 est
4531 2913 4652 2957 ms·

679 2979 752 3041 in
790 2974 1271 3054 certaminibus,
1308 2974 1423 3041 sed
1454 2997 1586 3040 non
1617 2977 2044 3058 praevenient
2064 2977 2134 3040 in
2157 2977 2437 3041 coronis:
2473 2977 2627 3060 quia
2729 2974 2856 3059 gis,
2912 2983 2989 3040 ut
3040 2977 3249 3044 sancti
3304 2977 3431 3042 viri
3485 2999 3750 3043 sensum
3806 2977 3928 3043 hac
3986 2977 4054 3041 in
4112 3000 4184 3042 re
4236 2979 4649 3057 ostenderem,

679 3082 886 3128 unum
910 3061 1255 3126 definitum
1277 3068 1378 3126 est
1401 3068 1658 3144 tempus
1690 3061 1982 3125 omnium
2020 3082 2422 3127 coronarum.
2485 3065 2626 3127 Au·
2729 3082 2924 3143 quam
2969 3072 3048 3126 ut
3088 3084 3495 3146 quemquam,
3544 3072 3660 3127 aut
3693 3084 3800 3127 me
3836 3064 4045 3127 etiam·
4066 3066 4304 3147 ipsum,
4350 3066 4439 3130 ad
4474 3067 4652 3131 huius

774 3147 987 3212 stinus
1033 3153 1253 3210 autem
1294 3146 1521 3212 multis
1555 3147 1623 3211 in
1662 3147 1816 3212 locis
1832 3147 1891 3229 ⁵)
1936 3156 2187 3213 secreta
2220 3148 2626 3229 receptacula
2729 3146 3305 3213 distinctiunculae
3339 3149 3549 3233 legem
3583 3149 3861 3232 adigam.
3919 3148 3995 3213 Id
4035 3151 4211 3214 enim
4244 3172 4328 3215 ne
4362 3152 4506 3239 ipse
4526 3152 4653 3235 qui-

682 3169 1006 3309 {ascribit
1043 3229 1278 3314 quibus
1312 3232 1570 3315 piorum
1606 3233 1864 3297 animae
1898 3234 2374 3310 contineantur,
2422 3233 2625 3299 donec
2673 3300 2678 3317 ,
2728 3231 2876 3298 dem
2922 3234 3359 3318 AugustinuS,
3414 3236 3658 3318 opinor,
3705 3236 3990 3318 optavit:
4044 3235 4159 3300 sed
4202 3256 4403 3318 quam
4461 3237 4653 3320 potuit

681 3338 984 3384 coronam
1023 3326 1090 3381 et
1119 3317 1396 3400 ’gloriam
1440 3318 1784 3401 recipiant:
1832 3339 2030 3400 quum
2064 3319 2329 3383 interim
2365 3321 2624 3402 reprobi
2673 3340 2679 3443 ¹
2728 3320 3161 3399 crassissime‚
3222 3341 3528 3385 enarrare
3573 3319 3784 3384 voluit
3838 3320 4164 3403 quendam
4218 3343 4363 3387 esse
4417 3322 4652 3387 animae

680 3423 924 3488 poenas
968 3403 1189 3479 luunt,
1246 3411 1698 3486 exspectantes
1748 3406 1992 3468 iustam
2048 3404 2267 3471 iudicii
2324 3426 2623 3487 poenam.
2728 3406 3118 3487 profectum:
3177 3406 3290 3488 qui
3342 3428 3474 3471 non
3529 3406 3610 3470 ad
3662 3405 3962 3470 ultimam
4018 3417 4261 3471 metam
4312 3409 4651 3490 perveniat,

680 3491 774 3554 Et
825 3488 1106 3572 quadam
1166 3488 1246 3554 ad
1291 3489 1777 3573 Hieronymum
1834 3490 2135 3574 epistola:
2192 3490 2464 3570 Anima,
2527 3492 2626 3555 in·
2673 3484 2678 3613 i
2726 3511 2935 3574 usque
2979 3491 3062 3556 ad
3107 3492 3278 3555 diem
3322 3490 3562 3557 iudicii.
3651 3492 3995 3556 Postremo
4029 3494 4376 3571 succurrit,
4424 3517 4505 3560 ex
4546 3495 4651 3558 hoc

681 3576 854 3659 quit,
910 3584 1060 3658 post
1115 3582 1392 3638 mortem
1450 3577 1739 3658 corporis
1792 3576 2088 3659 requiem
2140 3586 2242 3641 est
2296 3576 2624 3655 habitura,
2673 3620 2677 3633 .
2727 3575 2948 3641 iudicii
2991 3576 3113 3655 die,
3160 3578 3262 3642 cui
3282 3578 3338 3659 8)
3383 3586 3720 3660 tantopere
3764 3578 4182 3656 incumbunt,
4229 3600 4518 3645 errorem
4560 3600 4652 3644 eo·

682 3671 749 3727 et
794 3682 1027 3743 corpus
1080 3659 1345 3725 tandem
1403 3659 1486 3724 ad
1539 3660 1815 3744 gloriam
1863 3670 2224 3745 receptura.
2299 3662 2479 3727 Alibi
2525 3670 2625 3728 ta-
2673 3648 2678 3759 Ι
2728 3683 2875 3726 rum
2918 3683 3108 3744 posse
3150 3662 3399 3727 revelli.
3488 3662 3571 3727 In
3614 3663 3907 3748 symbolo
3964 3685 4247 3746 namque
4265 3716 4280 3742 ,
4337 3666 4509 3748 quod
4563 3672 4651 3729 est

681 3768 836 3811 men
900 3745 1102 3810 tradit
1174 3753 1324 3828 post
1386 3746 1826 3811 ascensionem
1884 3745 2138 3813 Christi
2196 3767 2303 3812 eas
2370 3749 2624 3814 animas
2728 3746 2880 3811 fidei
2924 3758 3186 3831 nostrae
3231 3748 3686 3831 compendium
3703 3800 3718 3827 ,
3767 3749 4154 3814 confitemur
4207 3771 4338 3815 non
4393 3752 4649 3827 animae,

679 3835 748 3897 in
784 3832 1034 3896 coelum
1069 3829 1434 3907 ascendere,
1473 3832 1704 3914 quibus
1727 3829 2033 3897 Christus
2054 3833 2165 3898 via
2198 3839 2314 3898 est.
2336 3833 2389 3915 ⁶)
2453 3834 2627 3899 Nam
2730 3832 2842 3897 sed
2888 3834 3106 3897 carnis
3148 3836 3711 3900 resurrectionem.
3778 3835 4005 3917 Neque
4039 3835 4166 3899 erit
4194 3835 4381 3902 locus
4416 3836 4648 3909 cavillo,
4740 3826 4756 3853 ⁴

675 3939 876 3999 quum
948 3924 1196 3981 certum
1270 3918 1386 3993 sit,
1473 3913 1650 3983 nunc
1719 3919 2009 4000 torqueri
2085 3918 2294 3984 malos
2363 3919 2623 3984 daemo-
2674 3940 2680 3991 i
2729 3925 2807 3983 ut
2850 3916 3098 3998 dicant,
3156 3920 3373 3985 carnis
3428 3920 3723 3997 nomine,
3778 3928 3990 3984 totum
4046 3921 4407 4004 significari
4461 3923 4651 3987 homi-

679 4024 805 4066 nes
853 4006 952 4083 (ut
981 4002 1250 4083 ⁴Petrus
1295 4003 1581 4067 affirmat
1636 4009 1669 4065 2
1717 4004 1894 4068 Petr.
1936 4008 1993 4081 2,
2040 4004 2110 4087 4)
2173 4005 2348 4089 ignis
2402 4014 2626 4070 tamen
2674 3998 2680 4073 1
2730 4024 2900 4068 nem.
2968 4003 3162 4085 Quod
3205 4004 3477 4087 quidem
3502 4005 3635 4070 illis
3669 4005 4001 4085 interdum
4045 4027 4188 4073 esse
4222 4008 4649 4075 concedimus:

2731 4088 2848 4153 sed
2893 4090 2999 4154 hic
3041 4092 3310 4155 minime
3345 4090 3771 4170 admittimus,
3820 4092 3933 4159 ubi
3977 4091 4125 4156 rudi
4166 4093 4406 4176 populo
4450 4092 4653 4158 admo·

2731 4175 2887 4239 dum
2928 4176 3369 4260 significantia
3410 4184 3478 4242 et
3521 4177 3841 4260 simplicia
3883 4178 4083 4243 verba
4135 4199 4447 4261 expressa
4494 4188 4646 4245 sunt

817 4256 875 4320 1)
917 4255 1090 4337 Idem,
1132 4258 1256 4315 adv.
1297 4260 1475 4314 Marc.
1512 4261 1622 4314 IV.
1656 4258 1742 4312 34.
1959 4258 2020 4325 2)
2055 4260 2201 4341 Libr.
2234 4260 2328 4316 IX.
2365 4261 2626 4316 adversus
2731 4259 2930 4326 Certe
2965 4261 3324 4341 Pharisaei,
3371 4263 3613 4348 egregii
3652 4262 4143 4328 regum-eodonis
4184 4274 4551 4341 assertores,
4592 4270 4651 4327 et

679 4327 893 4380 haeres.
931 4326 1116 4387 (noim
1149 4328 1238 4382 lib.
1287 4330 1344 4381 V.
1381 4345 1425 4383 e.
1460 4327 1589 4395 31.).
1741 4328 1801 4393 3)
1838 4328 1995 4381 Hom.
2031 4327 2115 4383 28.
2148 4346 2202 4382 m
2239 4329 2323 4385 11.
2358 4329 2427 4383 ad
2461 4329 2627 4384 Hebr.
2731 4366 2988 4431 semper
3030 4348 3098 4412 in
3143 4368 3255 4413 om
3299 4350 3612 4415 habentes
3669 4350 3808 4414 eius
3863 4369 4132 4441 nomen„
4186 4350 4387 4416 Simul
4444 4360 4647 4415 tamen

677 4393 738 4460 4)
785 4411 843 4449 se
891 4410 999 4447 non
1050 4393 1325 4464 daturum,
1376 4395 1512 4451 1552
1556 4413 1696 4467 seqq.
1903 4395 1964 4461 5)
2000 4396 2165 4451 Libro
2201 4398 2322 4452 XII.
2373 4398 2439 4452 de
2485 4400 2627 4452 civit.
3568 4435 3581 4449 .
3628 4436 3639 4448 .
3837 4438 3865 4475 4

681 4480 727 4517 c.
762 4461 824 4529 93
872 4461 964 4515 lib.
998 4461 1144 4517 XIII.
1197 4481 1240 4519 c.
1277 4463 1326 4519 8.
1363 4475 1418 4520 et
1454 4466 1594 4520 alibi.
1803 4465 1862 4531 6)
1900 4465 1981 4520 De
2030 4467 2219 4521 eccles.
2267 4465 2623 4536 dogmatibus.
2730 4431 3080 4499 credebant
3123 4455 3254 4529 ΠΨ)
3300 4456 3441 4501 03⁸3
3486 4443 3806 4517 Splnmm‘
3870 4435 3895 4516 )

683 4530 841 4584 Haec
876 4530 1066 4583 verba.-
1103 4532 1246 4586 Alibi
1283 4575 1296 4587 .
1334 4574 1346 4587 .
1383 4575 1393 4586 .
1436 4575 1448 4587 .
1481 4536 1568 4588 via
1604 4542 1704 4603 est,
1739 4522 1993 4604 {effantur
2020 4534 2079 4587 in
2100 4535 2219 4587 sola
2253 4535 2334 4588 ed.
2351 4536 2625 4604 principe.
4042 4574 4055 4585 -

685 4598 941 4653 caeterae
989 4614 1171 4653 emm
1221 4601 1334 4655 1⁰0⁰
1380 4602 1576 4657 habent
1621 4603 1780 4657 haec.-
1838 4602 2142 4657 Bernartius
2183 4620 2340 4669 vero,
2391 4604 2625 4659 homiliis
2898 4604 3220 4691 Iniicjunt
3257 4614 3478 4671 tamen
3515 4605 3730 4669 adhuc
3751 4606 3937 4671 nobis
3966 4627 4216 4684 manus,
4256 4617 4325 4671 et
4360 4628 4478 4672 nos
4513 4606 4648 4670 hae-

681 4669 890 4722 duabus
937 4667 1135 4722 habitis
1180 4671 1234 4722 in
1282 4669 1422 4725 festo
1473 4673 1704 4725 omnium
1749 4680 2083 4739 sanctorum,
2130 4672 2219 4725 ubi
2256 4688 2323 4726 ex
2370 4673 2622 4740 professo
2729 4710 2873 4755 rere
2917 4699 3165 4773 cogunt
3206 4690 3289 4755 ad
3324 4691 3503 4755 huno
3539 4690 3891 4774 scopulum·
3961 4690 4182 4756 Verba
4224 4692 4419 4757 Pauli
4464 4691 4649 4757 citant

679 4738 819 4789 hanc
905 4738 1239 4791 uaestionem
1283 4746 1506 4806 uastat,
1554 4746 1859 4794 sanctorum
1894 4741 2097 4794 animas
2143 4741 2458 4808 corporibus
2496 4757 2623 4796 exu—
2822 4776 2835 4788 ·
3871 4778 3883 4791 ·
4217 4778 4229 4791 ·
4287 4780 4301 4793 .
4541 4776 4553 4788 ·

679 4814 782 4873 tas,
820 4821 851 4857 a
928 4821 993 4857 uc
1030 4805 1082 4858 in
1118 4806 1268 4860 atriis
1302 4805 1516 4860 Domini
1551 4816 1692 4862 stare
1729 4809 1914 4875 dccet,
1963 4809 2032 4863 ad
2068 4810 2305 4877 requiem
2341 4809 2620 4874 admissas,
2727 4776 2967 4858 qmbus
3021 4786 3301 4841 testatur
3355 4797 3472 4840 ¹²⁰5
3526 4798 3665 4841 esse
3711 4777 4010 4843 ommbus
4054 4778 4428 4844 h⁰m¹mb¹¹⁸
4471 4795 4647 4841 mffie'

678 4890 788 4927 nen
823 4879 1002 4952 autem
1051 4872 1120 4953 ad
1162 4873 1402 4954 gloriam.
1473 4874 1536 4927 In
1569 4876 1740 4946 illam,
1778 4879 1972 4946 inquit,
2009 4878 2372 4931 beatissimam
2406 4877 2622 4932 domum
2726 4861 3085 4937 rabiliorffl,
3131 4862 3187 4925 Si
3230 4863 3471 4927 moriani
3515 4882 3651 4925 non
3695 4871 4054 4947 resurgunt
4099 4864 4160 4945 (1
4190 4862 4340 4929 Gor.
4393 4868 4485 4937 15,
4536 4860 4642 4931 191·

679 4957 780 4996 nec
816 4957 930 5022 sine
966 4942 1125 4995 nobis
1158 4943 1450 5009 intrabunt,
1486 4958 1586 5024 nec
1622 4946 1749 5026 sine·
1771 4947 2084 5015 corporibus
2120 4946 2257 5001 suis:
2295 4946 2351 4999 id
2385 4952 2495 5027 est,
2522 4961 2621 5026 nec
2726 4944 3078 5026 Quorsum,
3146 4947 3468 5029 inquiunt,
3512 4949 3986 5013 resurrectione
4031 4970 4191 5032 opus
4234 4958 4366 5025 est,
4412 4950 4465 5013 si
4511 4955 4643 5010 ante

683 5016 854 5064 sancti
896 5025 1012 5112 sine
1057 5010 1246 5090 plebe,
1293 5027 1394 5089 nec
1442 5018 1662 5092 spmtus
1708 5030 1819 5067 sine
1868 5031 2044 5069 carne.
2113 5014 2187 5069 Et
2221 5014 2390 5068 multa
2425 5015 2533 5068 aha
2566 5031 2620 5067 m
2732 5080 2747 5083 -
3064 5082 3079 5085 -
3112 5081 3129 5085 Ὦ
4572 5072 4587 5093 ,

680 5078 1716 5228 {fflcaffuiffiffiffiiliscigsuffssffodis
1746 5082 2619 5219 {Idi-ianieffsniffiussffd’sefftfflss
2863 5151 2922 5213 1)
2960 5151 3022 5203 In
3060 5152 3204 5206 Psal.
3239 5151 3324 5206 36.
3460 5152 3519 5217 2)
3557 5152 3704 5207 Idem
3740 5153 3806 5208 de
3843 5155 4065 5222 quantit.
4101 5155 4326 5209 animae.
4456 5152 4515 5217 3)
4549 5149 4639 5219 qui,

679 5222 758 5269 tia
792 5214 1074 5271 dissident:
1114 5224 1252 5271 sicut
1283 5216 1619 5284 Augustinus
1653 5232 1768 5283 lpse
1803 5218 1982 5272 facere
2019 5220 2211 5274 alicubi
2246 5219 2472 5274 videtur.
2725 5217 2862 5271 15⁷6
2898 5234 3038 5289 seqq.
3239 5219 3303 5286 4)
3343 5219 3436 5276 Sic
3470 5224 3666 5291 leyitur
3701 5223 3911 5292 ubique.
