4984 5975
490 279 601 338 101

1967 276 2257 341 LIBER
2296 277 2350 341 I.
2440 276 2746 344 CAPUT
2786 277 2986 343 XHI.
3048 308 3054 314 ·

4370 290 4493 353 102

484 471 634 540 16111,
682 462 795 527 86(1
841 462 1111 545 pedibus
1155 471 1438 527 tractum
1485 462 1720 528 debere
1764 463 2085 546 deponere
2131 465 2428 547 tyranni·
2478 465 2484 542 Ι
2533 472 2700 529 68111.
2790 462 2977 529 Idem
3024 465 3254 531 Cicero
3299 486 3419 550 pro
3460 467 3764 535 Plancio:
3823 467 4003 550 Quid
4060 472 4300 555 pietas,
4359 475 4489 541 nisi

484 548 664 612 dem:
723 554 799 611 ut
853 549 1153 613 meminit
1204 548 1440 613 Livius
1499 547 1605 614 lib.
1652 548 1773 613 IV.
1833 550 2067 614 tertiae
2124 549 2427 615 Decadis.
2478 547 2484 584 ¹
2530 550 2840 615 'voluntas
2883 559 3073 634 grata
3113 553 3185 616 in
3226 552 3578 635 parentes?
3669 552 4122 635 Quintilianus
4163 559 4331 625 libro
4366 560 4485 626 V.:

482 635 814 699 Memorat
854 644 920 699 et
953 634 1353 700 Plutarchus
1389 631 1648 700 Solonis
1692 656 2093 716 responsum,
2140 636 2253 718 qui
2298 636 2429 700 aie-

482 718 613 797 bat,
656 718 1005 802 pulchrum
1050 720 1312 802 quidem
1357 719 1776 803 tyrannidem
1825 741 1965 785 6886
2008 720 2254 799 10011111,
2313 719 2428 786 86(1

484 806 738 871 exitum
781 826 915 869 non
959 804 1219 870 habere.
2389 831 2418 850 ⁶

660 890 906 956 Scelera
957 891 1285 956 sceleribus
1338 890 1591 977 tuenda]
1653 891 1782 955 Hic
1837 911 1980 955 mos
2035 912 2262 956 eorum
2305 899 2427 972 est,

481 978 592 1060 qui
639 998 842 1060 quum
886 976 1229 1041 defendere
1261 976 1547 1042 admissa
1576 976 1826 1064 flagitia
1860 998 1990 1040 non
2028 978 2297 1059 possint,
2346 977 2426 1041 de

480 1062 671 1128 novis
717 1062 1065 1128 sceleribus
1108 1062 1397 1127 remedia
1440 1071 1779 1145 quaerunt.
1856 1062 2001 1126 Iam
2047 1063 2168 1128 1100
2213 1064 2426 1128 8661118

479 1144 816 1230 681,”(1110(1
856 1157 1180 1234 tyrannus
1224 1149 1529 1232 irrumpit
1562 1148 1632 1212 in
1673 1145 1998 1230 publicam
2032 1149 2423 1227 libertatem,

480 1255 556 1300 ac
599 1254 826 1317 pacem
870 1235 1152 1300 civitatis
1198 1233 1595 1299 tumultuose
1639 1232 2008 1315 perturbat3
2068 1234 2302 1298 deinde
2349 1245 2426 1298 ut

477 1320 951 1403 possessionem
998 1319 1197 1384 semel
1242 1327 1577 1403 acceptam
1621 1319 1929 1396 retineat,
1987 1320 2242 1403 cogitur
2286 1340 2424 1384 om-

477 1426 597 1470 nes
641 1404 723 1469 de
765 1404 980 1469 medio
1024 1404 1269 1483 tollere,
1316 1406 1426 1487 qui
1471 1414 1627 1471 sunt
1668 1404 1944 1470 alicuius
1976 1405 2048 1469 in
2082 1406 2245 1470 urbe
2281 1405 2424 1488 dig-

477 1492 727 1568 nitatis,
771 1492 883 1573 qui
924 1499 1199 1573 possunt
1233 1489 1314 1555 ad
1350 1490 1864 1573 recuperandam
1899 1489 2268 1556 libertatem
2306 1511 2423 1573 po-

476 1576 709 1660 pulum
729 1576 1094 1641 concitare.
1163 1576 1347 1642 Haec
1380 1575 1494 1641 ubi
1528 1576 1943 1659 perpetravit,
1989 1577 2304 1660 prospicit
2339 1597 2423 1640 116

480 1663 591 1746 qui
626 1663 950 1727 exsistant
984 1661 1226 1728 ultores
1263 1683 1338 1727 ac
1370 1661 1680 1728 vindices.
1746 1662 1980 1744 Itaque
2013 1683 2275 1727 omnem
2310 1682 2423 1745 ge-

477 1768 787 1813 nerosum
831 1749 1215 1831 sanguinem
1273 1747 1568 1812 effundit.
1659 1750 1947 1813 Demum
2003 1749 2300 1832 agnoscit
2353 1769 2423 1813 se

479 1835 781 1899 omnibus
825 1825 1290 1898 exsecrabilem
1344 1854 1418 1898 ac
1476 1832 1963 1898 detestandum:
2021 1837 2181 1916 (11188
2237 1854 2424 1899 exse-

477 1920 800 1986 crationes
840 1918 998 1983 dum
1037 1920 1180 1985 vult
1212 1940 1253 1982 a
1286 1941 1401 1984 suo
1437 1920 1649 2002 eapite
1685 1919 1958 1999 amoliri,
2004 1919 2253 1985 8061618
2283 1940 2423 1984 806-

477 2006 721 2071 161111118
775 2013 1013 2070 11161111.
1103 2006 1209 2068 Ι18
1261 2027 1382 2070 1166
1414 2005 1668 2070 111011118
1722 2027 1842 2070 1166
1884 2005 2037 2070 finis
2083 2003 2420 2070 scelerum.

478 2090 731 2158 Seneca
772 2091 843 2154 in
887 2091 1411 2174 Agamemnone:
2151 2092 2170 2100 “

683 2193 791 2247 Per
827 2191 1037 2247 scelera
1074 2208 1287 2261 semper
1322 2192 1615 2247 sceleribus
1653 2199 1825 2247 tutum
1862 2200 1946 2247 est
1978 2193 2098 2247 iter.

474 2280 654 2345 Hinc
699 2279 1035 2364 eleganter
1077 2279 1373 2344 Persius:
1947 2295 1950 2298 ’

714 2383 982 2436 Virtutem
1020 2388 1079 2435 ut
1115 2381 1348 2448 videant,
1385 2380 1828 2448 intabescantque
1863 2380 2070 2434 relicta.

650 2468 797 2532 Non
839 2468 1183 2532 amicorum
1222 2463 1404 2551 fidez]
1464 2463 1578 2532 Sic
1622 2464 1704 2529 de
1745 2465 2068 2550 Dionysio
2119 2467 2418 2550 legimus,

471 2556 584 2638 'qui
619 2555 936 2618 submotis
972 2552 1214 2631 amicis,
1253 2554 1320 2615 in
1356 2573 1580 2616 eorum
1616 2551 1833 2617 locum
1869 2551 2420 2617 ferocissimarum

468 2639 772 2725 gentium
827 2638 1156 2716 homines,
1212 2649 1280 2702 et
1333 2660 1373 2701 a
1427 2636 1691 2720 familiis
1733 2636 2133 2720 locupletum
2177 2637 2416 2702 clectos

467 2723 883 2811 praevalidos
926 2745 1178 2802 servos„
1233 2723 1470 2806 quibus
1526 2723 1733 2787 latera
1787 2744 1909 2788 sua
1961 2723 2416 2800 committeret,

470 2810 833 2878 substituit.
901 2809 1211 2874 Valerius
1255 2817 1443 2873 autor
1485 2806 1653 2873 libro
1698 2807 1821 2873 IX.
1886 2807 2115 2874 Cicero
2162 2829 2418 2892 quoque

468 2897 998 2966 Tusculanarum
1020 2895 1103 2958 V.
1151 2895 1231 2960 de
1276 2892 1504 2959 eodem
1545 2895 1845 2977 loquens:
1895 2892 2028 2975 Qui
2071 2915 2272 2978 quum
2318 2916 2419 2958 es-

468 2992 574 3050 861
613 2982 803 3049 bonis
846 2981 1226 3065 parentibus
1271 2989 1466 3065 atque
1508 2980 1781 3045 honesto
1834 2980 1974 3045 loco
2014 2990 2238 3059 natus,
2298 2980 2419 3045 etsi

471 3068 542 3135 id
584 3068 850 3153 quidem
894 3066 1059 3132 alius
1113 3068 1241 3133 alio
1298 3066 1487 3131 modo
1530 3064 1761 3146 tradit,
1820 3065 2308 3149 abundaretque
2354 3074 2419 3130 et

472 3154 848 3239 aequalium
891 3152 1469 3232 familiaritatibus,
1528 3158 1593 3216 et
1634 3151 2106 3217 consuetudine
2148 3152 2418 3236 propin-

473 3262 769 3324 quorum,
805 3239 1079 3304 haberet
1113 3239 1311 3303 etiam
1348 3259 1526 3302 more
1551 3238 1869 3303 Graeciae
1904 3238 2216 3321 quosdam
2255 3236 2417 3302 adu-

473 3328 795 3393 lescentes
840 3346 1057 3389 amore
1097 3326 1507 3403 coniunctoS,
1565 3323 1868 3389 credebat
1910 3346 1979 3389 se
2023 3344 2252 3389 eorum
2304 3345 2420 3389 ne-

473 3413 666 3477 mini:
731 3409 847 3476 sed
888 3410 967 3475 iis
1022 3415 1165 3489 [pag.
1207 3414 1315 3489 93]
1377 3430 1540 3493 quos
1587 3431 1667 3473 ex
1711 3408 1978 3475 familiis
2020 3410 2419 3494 locupletum

475 3520 699 3564 servos
745 3496 1105 3580 delegerat,
1164 3496 1397 3579 quibus
1451 3516 1690 3561 nomen
1748 3496 2080 3561 servitutis
2123 3497 2263 3578 ipse
2308 3494 2419 3558 de-

476 3593 804 3660 traxerat,
865 3590 930 3646 61
973 3581 1359 3664 quibusdam
1403 3580 1736 3660 convenis,
1793 3587 1859 3645 et
1913 3580 2069 3646 feris
2123 3578 2419 3646 barb‘aris

475 3669 765 3753 corporis
820 3667 1180 3732 custodiam
1240 3666 1702 3732 committebat.
1792 3668 1975 3751 Lege
2034 3688 2073 3731 a
2119 3667 2208 3731 ud
2260 3689 2419 3731 eun-

477 3754 626 3818 dem
671 3754 1054 3818 Ciceronem
1099 3751 1286 3818 offic.
1335 3752 1423 3816 H.
1471 3751 1550 3815 de
1593 3751 1974 3817 Alexandro
2012 3754 2072 3817 P
2121 3773 2286 3817 ereo,

653 3839 798 3904 Non
830 3839 1162 3904 liberorum
1188 3835 1440 3923 pietati]
1488 3838 1634 3904 Hoc
1669 3840 1865 3903 etiam
1899 3837 1984 3903 ad
2016 3837 2421 3922 Dionysium

477 3928 776 4001 refertur,
822 3925 934 4006 qui
980 3945 1184 4006 quum
1219 3945 1289 3989 se
1324 3931 1658 3988 tonsorum
1696 3922 1998 3989 manibus
2033 3924 2238 3988 nollet
2273 3944 2419 4006 per-

475 4012 772 4089 mittere,
818 4009 1087 4074 tondere
1130 4010 1299 4074 filias
1343 4009 1588 4088 docuit,
1633 4030 1910 4091 quarum
1954 4011 2151 4074 etiam
2196 4016 2422 4092 postea

477 4105 851 4180 suspectam
889 4095 1137 4160 habens
1183 4094 1495 4169 fraudem,
1542 4093 1830 4160 institnit
1871 4102 1947 4159 ut
1988 4094 2420 4161 candentibus

476 4181 889 4266 iuglandium
963 4181 1406 4263 putaminibus
1475 4178 1743 4246 barbam
1811 4180 1935 4246 sibi
1988 4191 2057 4246 et
2110 4180 2418 4263 capillum

475 4267 850 4333 adurerent.
909 4266 1058 4331 Non
1091 4276 1192 4339 est
1223 4278 1441 4331 autem
1473 4267 1825 4332 oscitanter
1846 4266 2416 4349 praetereundum,

475 4352 648 4436 quod
695 4350 950 4418 Seneca
991 4352 1186 4437 fidem
1232 4351 1590 4417 amicorum
1634 4349 1827 4430 dixit,
1874 4360 1942 4416 et
1983 4352 2293 4436 pietatem
2335 4351 2418 4415 li-

475 4441 801 4504 berorum.
869 4436 983 4503 Sic
1005 4439 1177 4503 enim
1207 4458 1432 4502 eorum
1469 4438 1681 4503 officia
1703 4436 2221 4522 distinguuntur.
2275 4436 2416 4502 Pli-

475 4525 627 4590 nius
670 4524 742 4588 in
769 4512 1222 4608 Panegyrico:
1279 4521 1566 4589 Reddita
1608 4531 1709 4589 est
1751 4523 1976 4619 81111018
2018 4522 2211 4602 fides,
2255 4523 2415 4588 libe-

475 4612 568 4675 118
610 4610 840 4693 pietas,
885 4610 1266 4692 obsequium
1309 4610 1534 4675 servis.
1599 4609 1829 4675 Cicero
1861 4608 1935 4672 in
1969 4609 2262 4674 oratione
2296 4629 2416 4691 pro

475 4694 784 4779 Quintio:
865 4695 1162 4761 Veritato
1218 4696 1535 4774 amicitia,
1611 4694 1740 4759 fide
1796 4695 2101 4771 societas,
2177 4695 2417 4776 pietate

471 4780 923 4864 propinquitas
1012 4780 1262 4847 colitur.

473 4874 705 4944 tatem,
766 4865 918 4930 alibi
963 4864 1160 4931 fidem
1216 4866 1363 4950 legi.
1433 4865 1611 4932 Sunt
1652 4867 1827 4931 enim
1884 4863 2175 4931 eiusdem
2217 4886 2417 4948 prope

471 4952 988 5036 significationis,
1033 4973 1151 5035 pro
1196 4973 1274 5016 ea
1314 4973 1510 5034 quam
1553 4952 1790 5018 Graeci
1835 4951 2204 5037 χρηστότητα
2233 4953 2281 5036 ¹)
2303 4972 2417 5016 vo-

475 5100 883 5113 θυαμ--

615 5189 672 5255 1)
714 5190 822 5246 Ed.
853 5192 1114 5260 princepe
1145 5190 1315 5245 male:
1346 5186 1665 5259 χρηστότην.

1363 4781 1590 4864 Neque
1669 4780 1928 4845 mireris
2005 4778 2162 4845 alibi
2240 4781 2456 4846 veri-⁴

2477 631 2483 762 ¹

2531 635 2627 700 Ut
2680 656 2758 700 ea
2812 636 2883 699 in
2940 658 3107 720 quae
3158 639 3489 703 communi
3553 641 3855 722 opinione
3909 654 4327 710 consensum*
4362 657 4485 726 est,

2532 719 2687 786 deos
2728 742 2888 799 esse,
2935 723 3394 805 praestandam
3437 725 3750 806 pietatem
3785 729 4182 809 parentibus.
4251 731 4348 798 Ut
4383 741 4486 796 ta-

2530 828 2682 871 men
2725 807 3103 891 intelligant
3144 809 3422 875 lectores
3465 810 3625 893 quid
3666 832 3825 877 vere
3870 814 3955 878 sit
3996 815 4234 896 pietaS,
4280 817 4484 883 subii-

2531 893 2699 956 ciam
2743 893 2943 958 verba
2987 894 3323 960 Ciceronis
3367 916 3449 960 ex
3494 897 3780 979 Topicis:
3837 899 4059 981 Atque
4104 901 4332 981 etiam,
4380 904 4483 967 in-

2531 977 2692 1060 quit,
2740 1000 2968 1043 rursus
3010 981 3302 1063 aequitas
3347 982 3675 1064 tripertita
3718 981 3957 1049 dicitur
3999 1006 4170 1065 esse;
4214 1009 4353 1054 una
4396 987 4481 1053 ad

2477 1061 2480 1076 '
2531 1084 2817 1145 superos,
2861 1063 3068 1128 altera
3111 1066 3195 1130 ad
3237 1087 3483 1146 manes,
3529 1068 3723 1133 tertia
3766 1068 3848 1134 ad
3892 1070 4194 1137 homines
4238 1072 4483 1140 dicitur

2531 1150 2877 1230 pertinere.
2965 1151 3195 1215 Prima
3246 1150 3486 1233 pietas,
3543 1152 3831 1218 secunda
3885 1158 4227 1236 sanctitas,
4286 1159 4484 1224 tertia

2529 1234 2778 1298 iustitia
2822 1255 2937 1299 8611
2978 1237 3285 1319 aequitas.
3349 1238 3696 1304 Hactenus
3741 1239 3986 1307 Cicero.
4042 1241 4299 1308 Verum
4321 1266 4481 1327 quo-

2529 1319 2711 1382 niam
2753 1329 3062 1402 parentes
3096 1321 3283 1387 nobis
3317 1325 3501 1405 quasi
3540 1324 3810 1389 deorum
3844 1328 3987 1391 vice
4027 1337 4202 1406 sunt,
4248 1329 4333 1394 ad
4368 1350 4481 1396 608

2530 1404 2891 1469 derivatur:
2951 1406 3122 1490 quod
3164 1409 3382 1472 innuit
3420 1410 3836 1494 Augustinus
3893 1412 4060 1478 libro
4102 1414 4191 1479 X.
4239 1416 4320 1481 de
4365 1413 4479 1480 Ci-

2527 1491 2751 1555 vitate.
2811 1491 3039 1558 Pietas
3072 1494 3335 1576 proprie
3356 1494 3485 1559 Dei
3510 1494 3729 1561 cultus
3748 1497 4035 1582 intelligi
4055 1499 4238 1579 solet,
4280 1520 4479 1583 quam

2529 1576 2768 1643 Graeci
2824 1575 3125 1658 εἰσεβείαν
3166 1588 3423 1644 vocant.
3514 1581 3700 1647 Haec
3751 1590 3973 1648 tamen
4032 1593 4101 1649 et
4158 1605 4318 1669 erga
4362 1606 4479 1670 pa·

2528 1674 2751 1726 rentes
2796 1663 3080 1730 officiose
3124 1662 3354 1732 haberi
3397 1663 3653 1731 dicitur.
3723 1665 3907 1749 Quin
3951 1677 4018 1733 et
4054 1670 4177 1750 hoc
4210 1673 4481 1737 nomine

2527 1748 2793 1826 utimur,
2839 1769 3042 1830 quum
3085 1750 3386 1816 volumus
3430 1752 3846 1836 praecipuam
3890 1757 4131 1820 amoris
4175 1758 4314 1822 vim
4358 1779 4475 1822 ex-

2526 1834 2829 1915 primere.
2920 1834 3149 1901 Cicero
3207 1835 3315 1900 lib.
3372 1837 3425 1901 Ι.
3483 1837 3959 1920 Epistolarum:
4016 1840 4476 1908 Periucundae

2527 1918 2693 1982 mihi
2732 1919 3007 1985 fuerunt
3046 1920 3277 1985 literae
3319 1930 3502 2000 tuae,
3560 1924 3794 2006 quibus
3849 1926 4146 1992 intellexi
4202 1935 4268 1993 te
4320 1948 4474 2010 per·

2527 2004 2777 2087 spicere
2810 2026 3026 2071 meam
3067 2007 3137 2071 in
3182 2015 3250 2071 te
3288 2011 3617 2090 pietatem.
3686 2008 3866 2090 Quid
3899 2014 4075 2077 enim
4108 2013 4323 2079 dicam
4357 2014 4473 2079 be-

2527 2091 2991 2170 nevolentiam,
3027 2112 3231 2174 quum
3262 2092 3428 2158 illud
3464 2094 3684 2177 ipsum
3710 2097 4173 2180 gravissimum
4193 2108 4261 2163 et
4281 2121 4474 2166 sanc·

2529 2176 2853 2241 tissimum
2886 2197 3127 2242 nomen
3158 2178 3425 2260 pietatis
3458 2179 3669 2245 levius
3700 2182 3864 2246 mihi
3895 2183 4149 2249 moritis
4186 2205 4346 2269 erga
4365 2206 4474 2250 me

2529 2262 2659 2326 tuis
2704 2260 3043 2327 videatur?

2707 2365 2829 2444 Qui
2917 2363 3028 2428 ubi
3099 2365 3568 2453 circumspexit]
3657 2368 3998 2435 Hactenus
4074 2379 4476 2455 exsequutus

2527 2455 2627 2512 est
2666 2455 3023 2532 tyrannum
3069 2470 3211 2515 esse
3253 2452 3713 2533 miserrimum,
3759 2455 3870 2538 (1111
3915 2457 4009 2521 810
4052 2457 4207 2523 (1608
4242 2459 4471 2523 110116-

2525 2543 2627 2598 ret
2664 2543 2733 2598 et
2766 2534 3084 2613 homines,
3120 2543 3325 2602 testes
3360 2557 3435 2601 ao
3471 2537 3761 2605 vindices
3801 2541 4185 2622 facinorum,
4232 2557 4306 2608 ut
4349 2565 4471 2611 nec

2524 2621 2879 2685 amicorum
2920 2620 3076 2684 fidei
3114 2642 3186 2686 se
3223 2623 3649 2704 permitteret,
3697 2646 3819 2691 1166
3855 2627 4207 2693 liberorum
4242 2630 4475 2712 pietati

2523 2704 2786 2784 fideret,
2831 2706 2940 2789 qui
2995 2727 3259 2792 necesse
3311 2709 3584 2775 haberet
3637 2710 3721 2776 ad
3775 2731 4109 2783 armorum
4148 2714 4476 2796 praesidia

2522 2792 2889 2876 confugere,
2928 2813 3013 2855 ne
3047 2793 3210 2875 ipsis
3242 2794 3506 2876 quidem
3543 2797 3700 2859 satis
3742 2817 4028 2863 securus.
4119 2799 4313 2865 Nunc
4357 2799 4478 2864 ad·-

2524 2876 2640 2956 dit,
2682 2876 2857 2960 quod
2900 2884 3001 2942 est
3042 2880 3326 2962 gravius,
3374 2901 3526 2944 eum
3564 2882 3813 2963 11811616
3856 2892 4092 2950 testem
4136 2886 4476 2951 conscien-

2523 2964 2715 3043 tiam,
2771 2984 2940 3046 quae
3006 2963 3217 3031 instar
3279 2967 3522 3032 vermis
3591 2989 3744 3033 eum
3811 2970 3992 3036 intus
4059 2954 4350 3037 co'rrodit
4398 2992 4476 3037 ac

2521 3050 2781 3114 lacerat.
2868 3050 2996 3115 Est
3046 3052 3225 3115 enim
3268 3054 3663 3118 conscientia
3704 3055 3885 3120 mille
3926 3063 4158 3137 testes,
4204 3065 4283 3122 ut
4322 3078 4475 3141 pro-

2522 3135 2748 3202 verbio
2791 3136 3015 3201 fertur.
3094 3136 3430 3203 Iuvenalis
3476 3137 3719 3224 Satyra
3741 3140 3978 3207 XHI.:

3148 3238 3296 3307 Quos
3332 3241 3432 3295 diri
3468 3243 3686 3297 conscia
3719 3241 3851 3297 facti

2660 3308 2817 3363 Mens
2851 3308 3019 3362 habet
3052 3310 3329 3377 attonitos,
3367 3317 3423 3364 et
3457 3310 3621 3365 surdo
3658 3312 3882 3366 verbere
3919 3313 4112 3382 caedit,

2524 3375 2664 3445 [pag.
2700 3374 2790 3444 94]
2827 3375 3108 3431 Occultum
3182 3378 3383 3432 atiente
3420 3380 3599 3433 animo
3635 3386 3843 3435 tortore
3878 3379 4173 3451 flagellum.

2661 3444 2846 3499 Poena
2874 3451 3053 3498 autem
3082 3461 3146 3498 ve
3188 3462 3389 3514 61116118,
3426 3453 3482 3501 61
3514 3445 3683 3502 multo
3722 3449 3936 3503 saevior
3970 3450 4097 3516 illis,

2662 3511 2807 3578 Quas
2845 3520 2901 3566 et
2935 3511 3206 3568 Caeditius
3243 3515 3424 3583 gravis
3459 3516 3676 3586 invenit,
3713 3524 3768 3570 et
3800 3515 4247 3585 Rhadamanms,-

2545 3644 2557 3652 .
2660 3580 2834 3635 Nocte
2873 3580 3064 3649 dieque
3100 3598 3255 3636 suum
3288 3589 3504 3651 gestare
3538 3585 3594 3638 in
3627 3591 3851 3652 pectore
3886 3591 4099 3640 testem.

2522 3685 2807 3749 Pacatus
2847 3684 2919 3747 111
2949 3683 3393 3769 Panegyrico:
3439 3686 3663 3752 Habet
3704 3687 3922 3753 nescio
3967 3708 4129 3770 quos
4173 3690 4469 3755 internos

2522 3792 2708 3835 mens
2774 3769 3090 3834 scelerata
3148 3772 3513 3850 carnifices,
3583 3774 3714 3836 imo
3777 3773 3922 3856 ipsa
3985 3774 4108 3841 sibi
4173 3775 4481 3846 carnifex.

2522 3855 2921 3921 conscientia
2955 3863 3073 3933 est,
3112 3864 3231 3923 etc.
3323 3856 3553 3923 Cicero
3597 3878 3718 3942 pro
3762 3857 4037 3926 Roscio:
4079 3859 4300 3925 Nolite
4343 3883 4468 3944 pu-

2524 3948 2683 4020 tare,
2740 3940 3289 4024 quemadmodum
3342 3963 3533 4027 saepe
3588 3945 3658 4007 in
3724 3942 3961 4009 fabulis
4031 3944 4299 4025 videtis,
4356 3968 4470 4013 eos

2522 4028 2635 4110 qui
2677 4025 2925 4111 aliquid
2967 4027 3165 4110 impie
3209 4029 3650 4111 sceleraoeque
3694 4029 4170 4111 commiserint,
4230 4033 4468 4117 agitari

2525 4121 2592 4177 et
2631 4113 2983 4196 perterreri
3022 4112 3348 4179 furiarum
3365 4113 3577 4179 taedis
3621 4112 4036 4181 ardentibus:
4075 4137 4195 4182 sua
4240 4140 4471 4201 quem-

2522 4220 2649 4281 que
2668 4199 2867 4277 fraus,
2892 4205 2959 4262 et
2992 4220 3150 4263 suus
3183 4206 3399 4263 terror
3430 4199 3716 4265 maxime
3750 4209 3977 4267 vexat:
4016 4223 4208 4267 suum
4244 4225 4473 4286 quem-

2523 4306 2649 4367 que
2684 4284 2896 4377 scelus
2930 4285 3154 4368 agitat,
3193 4286 3603 4368 amentiaque
3640 4285 3865 4352 afficit:
3914 4307 4071 4352 suae
4114 4287 4328 4354 malae
4362 4311 4472 4357 eo-

2522 4371 2875 4455 gitationes
2918 4370 3472 4454 conscientiaeque
3516 4371 3719 4435 animi
3764 4380 4033 4438 terrent.
4122 4372 4271 4440 Hae
4314 4383 4475 4440 sunt

2520 4456 2739 4540 impiis
2805 4454 3103 4521 assiduae
3172 4456 3693 4539 domesticaeque
3761 4457 3987 4524 furiae.
4088 4456 4474 4526 Secundum

2520 4541 2706 4692 lrffilecb
2744 4541 3075 4692 Clicemnis
3130 4540 3331 4608 verba
3382 4541 3886 4625 intelligendum
3939 4543 4105 4608 illud
4159 4542 4358 4610 Statii
4411 4547 4470 4611 I.

2628 4649 2663 4692 o
2711 4648 2770 4692 81
2818 4646 2923 4691 os:
4542 4654 4553 4669 ⁸

2966 4729 3343 4797 Scelerumque
3380 4730 3433 4784 111
3469 4737 3693 4799 pectore
3730 4730 3896 4785 dirae.

2520 4833 2707 4898 Idem
2731 4831 2960 4904 Cicero
2995 4853 3113 4915 pro
3149 4831 3425 4897 Milone:
3461 4833 3713 4917 Magna
3747 4841 3848 4898 ost
3882 4834 3984 4900 vis
4018 4835 4472 4915 conscientiae,

2522 4927 2591 4984 et
2645 4938 2888 5002 magna
2939 4918 3011 4982 in
3056 4924 3402 5001 utramque
3458 4929 3745 5003 partem:
3803 4927 3879 4984 ut
3931 4941 4147 5003 neque
4190 4922 4474 4986 timeant

2522 5005 2636 5087 qui
2679 5002 2848 5070 nihil
2891 5002 3353 5083 commiserint,
3391 5011 3458 5069 et
3510 5025 3770 5089 semper
3828 5014 3981 5070 ante
4038 5005 4261 5070 oculos
4316 5027 4473 5088 poe-

2523 5109 2680 5154 nam
2732 5090 2982 5155 versari
3038 5096 3288 5173 putent,
3343 5092 3452 5175 qui
3506 5091 3854 5174 peccarint.
3954 5090 4163 5155 Plura
4216 5087 4475 5157 Seneca

2523 5177 2595 5240 in
2640 5173 2913 5241 eandem
2947 5175 3343 5240 sententiam
3385 5177 3682 5260 Epistola
3714 5175 4039 5243 XCVIII.

3992 5276 4057 5328 7*
