4984 5975
347 325 473 389 485

344 509 544 577 bendi
588 510 786 575 sunt?
877 508 1013 577 Sed
1057 510 1310 591 dicunt,
1354 511 1693 596 repudiato
1737 532 2044 595 supremo
2088 513 2296 597 impe-

348 597 586 662 ratoris
639 595 909 675 iudicio,
977 597 1153 680 quod
1206 606 1648 679 protestantes
1703 599 2097 678 moliuntur,
2155 620 2295 664 ma-

244 679 255 691 ‘
344 682 544 748 iestas
587 682 1012 763 imperatoria
1043 682 1391 748 intercidat
1425 691 1698 766 oportet.
1770 686 1863 748 At
1898 682 2300 767 respondent

344 774 785 851 protestantes
849 766 1021 850 quod
1084 767 1394 852 improbis
1461 769 1888 853 absurdisque
1953 770 2297 835 sententiis

346 850 787 931 intercedunt,
849 873 921 918 se
972 853 1043 917 in
1098 874 1174 918 eo
1226 876 1361 919 non
1414 875 1718 921 eversum
1773 875 2069 921 camerae
2123 854 2297 920 iudi-

347 941 540 1018 cium,
566 938 677 1003 sed
712 939 876 1003 iuris
901 939 1252 1022 legumque
1271 940 1686 1006 observantia
1708 943 2041 1007 firmatum
2074 940 2295 1005 bonie-

348 1046 476 1108 que
524 1031 591 1089 et
632 1025 856 1107 aequis
897 1023 1061 1090 viris
1108 1026 1550 1091 instauratum
1596 1026 1783 1093 velle.
1850 1027 2025 1092 Nam
2059 1027 2140 1091 de
2176 1031 2295 1105 [fol.

349 1115 459 1189 24]
502 1109 814 1192 religione
858 1110 1080 1175 subire
1131 1110 1443 1176 iudicium
1487 1112 1662 1196 apud
1707 1132 1816 1178 eos
1869 1111 2137 1190 iudices,
2183 1112 2294 1195 qui

343 1216 538 1260 verae
582 1194 914 1279 religionis
959 1213 1043 1260 ex
1086 1196 1371 1278 professo
1415 1206 1482 1261 et
1531 1199 1831 1263 acerrimi
1874 1197 2096 1263 hostes
2141 1204 2297 1261 sunt

345 1290 412 1346 et
452 1280 729 1345 violenti
768 1286 1133 1359 vexatores,
1189 1281 1486 1364 nihilque
1531 1281 1704 1365 quod
1750 1285 1819 1347 in
1864 1284 2022 1366 ipsis
2067 1292 2166 1348 est
2208 1281 2293 1347 ad

342 1364 663 1431 tollendos
707 1387 742 1429 e
787 1365 1000 1431 medio
1044 1387 1270 1432 omnes
1314 1368 1426 1449 qui
1470 1389 1693 1433 veram
1732 1369 2117 1453 religionem
2155 1388 2292 1434 sec-

344 1459 573 1517 tantur
616 1460 683 1516 et
724 1452 847 1535 ipsi
890 1452 1140 1517 faciunt
1180 1452 1414 1535 reliqui
1454 1461 1521 1518 et
1565 1455 1710 1519 aliis
1752 1452 2126 1521 iaciendum
2170 1454 2293 1517 im-

342 1547 617 1621 ponunt,
662 1538 850 1602 cuius
884 1536 990 1602 vol
1024 1539 1300 1602 inertiae
1335 1537 1441 1604 vel
1477 1540 1806 1605 socordiae
1843 1542 2056 1606 esset?
2105 1559 2293 1624 prae·

345 1623 572 1688 sertim
616 1643 819 1706 quum
866 1623 1226 1689 detrectare
1269 1625 1424 1689 iure·
1454 1624 1664 1691 liceat.

516 1811 603 1874 ne
654 1812 788 1891 ipsi
830 1812 1083 1891 impune
1138 1813 1211 1876 m
1251 1795 1527 1877 mium
1579 1812 1735 1878 bona
1779 1819 1837 1879 et
1877 1815 2071 1878 vitam
2108 1835 2295 1898 φαε-

345 1898 481 1962 sari
512 1897 782 1979 possint.

515 2059 772 2125 Graves
815 2079 972 2123 sane
1017 2067 1084 2124 et
1125 2059 1485 2125 truculenti
1520 2068 1921 2144 grassatores
1956 2069 2113 2125 sunt
2147 2082 2293 2144 pro-

346 2153 661 2210 testantes
699 2145 811 2228 qui
854 2145 1101 2210 civium
1146 2145 1286 2211 loco
1331 2167 1440 2211 cos
1482 2146 1795 2224 tolerant,
1842 2146 1974 2211 imo
2020 2146 2292 2230 amplio-

344 2251 481 2295 rem
566 2251 721 2295 uam
757 2229 912 2294 ullis
954 2231 1203 2296 civibus
1247 2230 1617 2296 libertatem
1659 2230 1766 2297 vel
1805 2230 2134 2320 licentiam
2177 2253 2294 2315 po-

347 2317 473 2382 tius
517 2317 598 2381 i1s
625 2315 801 2398 apud
837 2337 908 2381 se
944 2317 1324 2395 concedunt,
1371 2338 1530 2400 quos
1565 2326 1815 2384 certum
1858 2324 1960 2383 est
1992 2338 2141 2383 cum
2186 2338 2293 2382 ca-

344 2401 651 2486 pitalibus
694 2402 829 2466 suis
873 2401 1166 2467 hostibus
1212 2403 1600 2485 conspirare.
1691 2402 1782 2466 Et
1823 2424 1972 2468 cum
2014 2403 2097 2468 iis
2134 2403 2293 2469 hos-

347 2488 521 2553 tibus
571 2508 731 2570 quos
784 2508 977 2552 nemo
1029 2489 1292 2571 ignorat
1334 2488 1622 2571 quotidie
1669 2488 1946 2552 exitium
2000 2490 2292 2572 ipsorum

346 2573 576 2637 moliri.
685 2572 823 2637 Nec
888 2574 1066 2637 enim
1137 2572 1552 2638 dissimulant
1616 2574 1802 2638 cuius
1868 2573 2003 2639 sint
2067 2575 2290 2654 animi,

345 2679 543 2742 quum
584 2659 876 2740 ipsorum
919 2659 991 2722 in
1034 2658 1351 2744 religione
1395 2667 1744 2738 consortes,
1791 2658 1902 2724 ubi
1941 2660 2292 2742 imperium

345 2742 590 2893 haberit
604 2795 620 2822 ,
686 2743 873 2808 novis
937 2753 1002 2807 et
1044 2743 1377 2810 inauditis·
1408 2745 1752 2810 tormentis
1808 2747 2185 2811 excrucient
2228 2751 2294 2810 et

345 2831 508 2895 truci
557 2835 689 2895 ent.

518 3016 721 3083 Nulla
777 3018 973 3102 iyitwr
1024 3039 1166 3099 spes
1215 3019 1440 3100 firmae
1496 3025 1549 3084 et
1600 3021 1934 3087 diuturnae
1983 3021 2163 3103 pacis
2217 3041 2291 3086 ex

348 3104 566 3169 amicis
603 3104 1080 3169 tractationibus
1121 3103 1337 3171 haberi
1371 3111 1583 3186 potest,
1626 3106 1759 3171 nisi
1780 3127 1919 3172 eam
1939 3126 2161 3188 pacem
2196 3128 2293 3171 ve-

350 3190 554 3269 limus,
599 3210 760 3271 quae
803 3196 857 3255 et
875 3252 883 3260 ,
899 3211 1137 3255 omnem
1177 3192 1544 3273 diqnitatem
1590 3192 1761 3256 sedis
1814 3191 2178 3272 apostolicae
2218 3194 2299 3257 in·

338 3276 574 3357 primis
614 3277 929 3358 opprimat
972 3281 1029 3339 et
1067 3276 1433 3341 catholicam
1484 3277 1842 3361 religionem
1883 3278 2178 3343 conculcet
2218 3299 2293 3345 ac

353 3381 586 3425 omnem
630 3361 914 3427 eeclesiae
958 3362 1240 3427 ordinem
1304 3361 1642 3443 confundat
1692 3383 1766 3427 ac
1805 3363 2099 3428 destruat.

516 3504 590 3571 Si
626 3505 910 3589 dignitas
944 3505 1114 3572 sedis
1149 3507 1535 3590 apostolicae
1571 3517 1671 3575 est
1705 3507 2124 3593 apostolicam
2150 3507 2290 3573 dis-

348 3591 651 3673 ciplinam
693 3601 1043 3675 praestare,
1091 3594 1141 3657 si
1189 3592 1416 3677 religio
1460 3605 1563 3660 est
1597 3617 1793 3678 quam
1830 3595 2137 3660 Christus
2170 3615 2290 3658 no-

345 3675 445 3740 bie
487 3676 784 3755 tradidit,
843 3678 898 3743 si
941 3677 1250 3743 ecclesiae
1294 3680 1451 3745 ordo
1507 3702 1701 3763 quem
1742 3678 1919 3753 idem
1962 3680 2289 3745 Dominus

348 3771 412 3826 et
465 3763 733 3845 spiritus
787 3773 1051 3829 sanctus
1105 3785 1225 3847 per
1268 3767 1591 3847 apostolos
1634 3767 1953 3844 instituit,
2000 3767 2145 3849 quis
2189 3773 2292 3832 est

344 3849 456 3929 qui
481 3847 868 3933 dignitatem
913 3851 1239 3931 opprimat
1284 3849 1455 3915 sedis
1492 3851 1898 3935 apostolicae,
1935 3854 2045 3935 qui
2067 3851 2290 3917 catho-

343 3932 531 3997 licam
575 3934 957 4018 religionem
993 3936 1344 4013 conculcet,
1387 3938 1499 4020 qui
1535 3958 1798 4002 omnem
1833 3937 2141 4003 ecclesiae
2183 3957 2288 4001 or-

344 4018 563 4084 dinem
598 4020 959 4085 confundat
990 4035 1056 4084 et
1105 4019 1417 4101 destruat,
1450 4023 1579 4088 nisi
1613 4024 1908 4105 pontifex
1953 4025 2093 4107 ipse
2138 4042 2289 4089 cum

344 4105 657 4170 creaturis
712 4106 891 4171 suis?
981 4106 1179 4189 Apud
1235 4106 1355 4171 hos
1410 4109 1587 4172 enim
1636 4108 1791 4191 quid
1838 4129 1971 4173 non
2015 4130 2098 4173 ex
2149 4107 2287 4172 dia-

342 4199 552 4255 metro
595 4212 747 4256 cum
791 4191 1133 4276 disciplina
1167 4193 1522 4275 apostolica
1555 4195 1999 4276 institutisque
2035 4194 2287 4259 Christi

341 4276 637 4360 pugnat?
738 4277 1191 4344 Protestantes
1256 4299 1334 4343 ea
1360 4298 1562 4361 ‚quae
1614 4280 1921 4346 Christus
1987 4280 2283 4358 sancivit,

340 4382 506 4445 quae
549 4383 668 4445 per
707 4383 941 4429 manus
984 4362 1393 4429 tradiderunt
1427 4365 1717 4448 apostoli,
1756 4386 1923 4449 quae
1962 4372 2288 4450 martyres

340 4458 413 4512 et
466 4449 859 4513 sanctissimi
918 4459 1138 4532 patres
1179 4452 1611 4517 observarunt
1652 4453 1957 4516 restituta
1990 4468 2071 4518 cu
2117 4451 2285 4515 iunt.

342 4532 529 4598 Niln‘l
559 4555 720 4598 vero
752 4535 1100 4615 sublatum,
1125 4536 1253 4601 nisi
1278 4536 1448 4620 quod
1470 4536 1576 4601 his
1598 4535 1997 4602 adversatur.
2060 4472 2285 4617 guare

342 4640 534 4684 nemo
555 4640 703 4685 cum
732 4620 864 4685 illis
908 4641 1134 4703 pacem
1154 4623 1368 4689 facere
1398 4622 1786 4688 detrectabit
1820 4623 1947 4687 nisi
1992 4623 2107 4705 qui
2142 4624 2284 4687 An-

340 4704 625 4771 tichristi
660 4706 898 4788 spiritu
922 4716 1268 4789 occupatus
1323 4730 1602 4793 regnum
1645 4706 1913 4773 Christi·
1938 4708 2109 4772 ferre
2153 4729 2285 4772 non

338 4799 570 4875 potest.
1658 4798 1671 4809 “

516 4967 692 5033 Haec
734 4964 947 5032 omnia
978 4964 1533 5030 reverendissimus
1565 4965 1856 5030 dominus
1894 4965 2128 5047 leqatus
2165 4984 2287 5029 non

335 5050 595 5134 iynorat
626 5068 956 5118 caesareae
989 5053 1045 5113 et
1075 5049 1283 5131 reyiae
1315 5052 1742 5117 maie-statibus
1775 5071 1906 5117 esse
1936 5050 2285 5132 manifesta,

336 5157 426 5202 ac
475 5138 666 5203 multo
706 5130 909 5219 plu‘ra
964 5135 1033 5198 in
1087 5132 1247 5198 hanc
1302 5139 1691 5217 sententiam,
1742 5157 1900 5219 quae
1941 5135 2041 5201 hic
2082 5136 2290 5220 colliqi

340 5219 678 5289 brevitatis
718 5222 999 5287 studium
1040 5240 1160 5284 non
1192 5220 1512 5301 permittit.

1849 322 2370 434 CONSILIUM
2409 325 2701 392 PAULI
2742 328 2870 393 ΠΙ.

4231 338 4364 401 486

2577 520 2696 595 [fol.
2743 521 2848 594 25]
2893 481 2993 582 Ut*
3029 516 3375 582 falsissime
3410 517 3571 582 haec
3615 518 3686 582 in
3721 525 4159 601 protestantes
4202 544 4360 588 con-

2401 601 2778 683 finguntur,
2822 603 2917 666 ita
2951 602 3196 667 nemini
3239 603 3616 681 manifesta,
3663 603 3778 668 sed
3821 604 4046 672 multis
4085 628 4205 691 per
4248 629 4358 674 ca-

2400 685 2688 750 lumnias
2732 707 3047 769 persuasa
3092 708 3235 753 esse
3275 696 3568 770 possunt.

2576 855 2799 920 Restat
2851 878 3017 924 nunc
3060 860 3456 923 tractandum
3508 880 3634 941 qua
3687 861 3797 924 via
3839 865 3893 924 et
3934 862 4175 927 ratione
4205 885 4360 945 pro-

2399 942 2739 1007 videndum
2789 943 2877 1007 sit
2914 944 3199 1023 periculo
3253 946 3481 1010 turcico
3533 945 3730 1010 sabeis
3781 946 3978 1030 rebus·
4015 947 4358 1031 reliyionis.

2406 1026 2695 1092 Periculo
2740 1030 2969 1095 twrcico
3014 1030 3449 1111 provideretur
3477 1081 3491 1109 ,
3534 1031 3596 1095 si
3630 1030 3709 1095 ab
3751 1032 4061 1114 utrisque,
4103 1031 4376 1100 catholi-'

2399 1114 2491 1178 cis
2530 1112 2760 1179 scilicet
2786 1119 2841 1177 et
2868 1115 3368 1194 protestantibus,
3404 1115 3724 1181 anxium
3756 1118 4186 1183 maie-statibus
4219 1122 4360 1188 suis

2398 1198 2787 1278 tribueretur,
2831 1200 2942 1266 sed
2975 1199 3309 1280 dubitatur,
3355 1221 3478 1266 non
3506 1221 3692 1283 posse
3731 1203 3803 1269 id
3842 1204 4192 1285 impetrari,
4223 1207 4359 1272 nisi

2386 1284 2587 1364 prius
2629 1285 2704 1348 de
2745 1286 3042 1368 reliyione
3083 1287 3247 1351 inter
3289 1307 3391 1352 eos
3429 1289 3792 1353 convenerit.

2569 1422 2664 1485 Et
2713 1420 2869 1504 quid
2924 1422 3218 1488 facerent
3267 1431 3478 1488 status
3520 1423 3812 1507 imperii,
3872 1425 4028 1491 dum
4084 1446 4206 1509 per
4247 1448 4354 1493 ro-

2395 1526 2662 1571 manam
2694 1508 2873 1572 Aten
2916 1513 2986 1571 et
3022 1508 3225 1573 furias
3268 1509 3350 1573 ab
3394 1529 3472 1573 ea
3507 1510 3896 1576 subornatas
3941 1511 4155 1578 civilis
4198 1510 4354 1579 belli

2395 1593 2572 1657 faces
2611 1599 2924 1675 perpetuo
2967 1593 3389 1659 inficiantur?

2571 1762 2784 1845 Iyitur
2824 1784 3018 1844 quum
3044 1765 3308 1844 publica
3341 1785 3443 1831 res
3473 1766 3794 1849 religionis
3834 1768 4184 1833 universali
4216 1787 4356 1834 con-

2396 1848 2543 1913 cilio
2556 1899 2572 1929 ,
2626 1868 2746 1913 non
2804 1855 3011 1914 autem
3061 1851 3133 1914 in
3196 1851 3425 1916 diaetis
3467 1852 3972 1932 particularibus
4025 1855 4356 1920 tractanda

2397 1935 2512 2013 sit,
2567 1954 2879 2016 quumque
2930 1935 3214 2000 catholici
3256 1957 3494 2018 semper
3546 1933 3823 2018 optarint
3874 1939 4202 2005 concilium
4215 1988 4229 2017 ,
4286 1944 4357 2004 ut

2385 2023 2563 2100 patet
2575 2041 2715 2170 ἄν
2756 2021 3241 2102 ratisponensem
3284 2042 3592 2089 recessum
3625 2028 3682 2089 et
3709 2044 3834 2104 per
3868 2024 4152 2105 capitula
4191 2024 4357 2108 liqae

2398 2103 2573 2169 catho
2702 2127 2735 2169 e
2778 2153 2794 2169 .
2841 2155 2855 2169 .
2902 2156 2916 2170 .
2963 2155 2977 2169 .
3713 2115 3726 2140 ‘

2568 2241 2749 2326 Ergo
2774 2241 3277 2325 particularibus
3299 2244 3521 2328 regnis
3558 2243 3809 2310 nullam
3846 2242 3926 2309 de
3962 2243 4212 2310 Christi
4246 2267 4354 2310 re-

2398 2328 2643 2411 ligione
2688 2327 2860 2411 apud
2906 2348 2976 2392 se
3019 2327 3423 2394 restituenda
3466 2349 3691 2394 curam
3727 2330 4057 2412 suscipere
4091 2331 4190 2394 fas
4233 2338 4349 2396 est.

2396 2413 2488 2477 Et
2522 2412 2930 2496 pereundum
2965 2412 3268 2480 omnibus
3291 2421 3412 2494 est,
3454 2413 3705 2480 Christi
3751 2415 4092 2481 vocatione
4136 2423 4205 2480 et
4247 2437 4354 2480 sa-

2396 2499 2596 2563 lutari
2642 2499 3014 2564 visitatione
3059 2520 3263 2583 usque
3307 2501 3574 2579 reiecta,
3622 2500 3780 2565 dum
3824 2502 4136 2584 pontificii
4163 2500 4352 2601 quod

2395 2585 2568 2649 ferre
2610 2606 2742 2650 non
2785 2591 3056 2668 possunt
3096 2585 3400 2670 generale
3444 2585 3821 2664 concilium,
3865 2593 4009 2650 tum
4051 2587 4250 2652 variis
4284 2594 4355 2652 et

2398 2668 2675 2735 subinde
2712 2671 2898 2736 novis
2919 2670 3097 2735 inter
3129 2670 3522 2736 monarchas
3557 2670 3844 2737 dissidiis
3867 2673 4171 2750 accensis,
4208 2682 4356 2738 tum

2397 2756 2698 2821 excitatis
2764 2756 3014 2822 bellicis
3078 2755 3501 2835 tumultibus,
3572 2763 3715 2821 tum
3768 2757 4131 2823 innumeris
4185 2757 4352 2836 aliis,

2397 2840 2634 2924 quibus
2668 2841 2917 2925 pollent
2958 2841 3229 2920 artibus,
3275 2841 3637 2907 extrahunt
3678 2849 3744 2907 et
3778 2841 4082 2908 eludunt!
4170 2841 4354 2923 Quid
4423 2837 4434 2850 ⁴

2397 2947 2557 2992 vero
2601 2928 2810 3012 magis
2864 2927 3440 3016 antichristianum
3486 2926 3617 2994 dici
3659 2928 3866 3012 possit
3905 2948 4101 3013 quam
4145 2949 4354 3013 regna

2398 3012 2663 3079 Christo
2706 3015 3071 3080 consociata
3116 3035 3249 3078 non
3295 3012 3529 3080 debere
3572 3021 3857 3080 tractare
3911 3015 3991 3080 de
4037 3015 4351 3099 religione

2398 3097 2685 3179 Christi,
2732 3121 2864 3164 non
2905 3099 3301 3178 consultare,
3358 3107 3435 3164 ut
3477 3121 3611 3165 non
3655 3098 3800 3165 (111-11
3847 3100 3933 3165 tis
3975 3102 4356 3183 perniciosis

2398 3185 2796 3251 Antichristi
2837 3185 3117 3251 vinculis
3149 3187 3305 3269 iugo
3340 3206 3483 3251 sese
3515 3207 3746 3251 rursus
3847 3186 4042 3252 hristi
4077 3186 4355 3252 submit-

2399 3277 2547 3335 tant
2588 3268 2925 3336 commodo
2969 3276 3036 3336 et
3077 3270 3393 3337 salutari?
3453 3298 3458 3304 ·
4401 3270 4409 3283 ⁶

2570 3457 2952 3539 Reproponit
2995 3458 3428 3524 maiestatibus
3480 3460 3620 3524 suis
3642 3458 4217 3524 'reverendissimus
4260 3458 4345 3523 le-

2388 3548 2577 3627 yatus
2616 3549 2686 3607 ut
2726 3543 2914 3608 velint
2951 3544 3060 3610 hoc
3099 3545 3428 3611 concilium
3461 3546 3916 3610 oecumenicum
3948 3543 4162 3608 statim
4187 3562 4351 3624 pro-

2393 3629 2570 3709 sequi
2612 3634 2666 3693 et
2706 3627 3019 3694 celebrari.
3109 3630 3242 3696 Hoc
3285 3631 3452 3694 enim
3491 3630 3668 3695 modo
3711 3629 4054 3710 satisfactis
4094 3626 4351 3693 catholi-

2393 3715 2488 3778 cis
2528 3733 2649 3778 non
2683 3718 2974 3794 poterunt
3016 3716 3269 3781 auxilia
3310 3715 3613 3798 denegare
3654 3720 3713 3779 et
3750 3734 3853 3779 res
3894 3712 4213 3796 reliyionis
4252 3733 4354 3777 re-

2392 3799 2720 3864 mittantur
2757 3800 3010 3866 concibio
3051 3807 3124 3866 ut
3162 3802 3339 3866 decet.

2562 3942 2679 4015 [fol.
2706 3941 2811 4015 26]
2835 3935 3042 4018 Quasi
3087 3959 3241 4004 vero
3266 3945 3332 4002 et
3358 3937 3601 4004 Caesar
3643 3945 3711 4000 et
3751 3956 3870 4000 rex
3911 3955 4044 3999 non
4087 3953 4347 4018 semper

2391 4030 2531 4087 toto
2553 4030 2811 4105 pectore
2831 4023 3136 4106 prosequi
3157 4024 3589 4088 christianum
3611 4020 3952 4088 concilium
3976 4021 4350 4103 optaverint

2391 4115 2586 4190 atque
2628 4109 2701 4172 in
2744 4108 2812 4173 id
2855 4106 3141 4174 studium
3177 4108 3458 4173 fideliter
3503 4107 3948 4174 incubuerint:
3996 4106 4180 4189 quasi
4230 4127 4348 4170 ne-

2390 4195 2654 4271 sciatur,
2697 4214 2817 4276 per
2857 4195 3228 4277 pontificem
3270 4194 3482 4259 solum
3524 4200 3592 4257 et
3632 4192 3773 4258 eius
3814 4200 4146 4257 creaturas
4190 4191 4349 4256 hac-

2390 4288 2584 4345 tenus
2626 4281 2873 4344 factum
2917 4301 3059 4345 esse
3113 4301 3239 4364 quo
3294 4281 3512 4344 minus
3552 4278 3646 4363 pii
3689 4278 4015 4360 principes
4061 4277 4200 4341 voti
4242 4276 4348 4341 sui

2389 4364 2515 4431 hac
2557 4367 2625 4430 in
2672 4387 2744 4429 re
2779 4374 3106 4448 compotes
3148 4366 3290 4430 fieri
3326 4366 3677 4448 potuerint.
3753 4362 3890 4429 Sed
3925 4382 4001 4427 eo
4038 4363 4349 4445 nequiore

2391 4460 2460 4516 et
2503 4449 2954 4534 desperatione
3014 4460 3081 4516 et
3122 4449 3530 4535 impudentia
3585 4458 3686 4514 est
3739 4451 4037 4532 impurus
4081 4447 4190 4513 hic
4230 4468 4348 4512 ne-

2391 4557 2534 4619 pos,
2578 4536 2750 4618 quod
2795 4536 2967 4620 apud
3009 4558 3120 4602 eos
3163 4538 3257 4602 sic
3300 4536 3606 4617 loquitur,
3646 4536 3756 4617 qui
3800 4556 3939 4600 rem
3983 4542 4190 4598 totam
4233 4554 4349 4614 op·

2390 4622 2551 4686 time
2595 4623 2892 4687 omnium
2944 4631 3287 4687 noverunt.
3378 4621 3565 4687 Haec
3608 4622 3812 4704 igitur
3856 4640 3989 4684 uua
4032 4619 4198 4683 ratio
4245 4625 4352 4709 ¹est

2389 4707 2783 4773 convocandi
2838 4708 3124 4788 concilii,
3179 4706 3499 4772 inducant
3539 4706 3832 4790 pontifex
3876 4714 3941 4771 et
3983 4706 4122 4770 eius
4167 4723 4349 4769 crea-

2387 4802 2577 4859 turae
2618 4794 2688 4857 in
2729 4795 3037 4871 animum,
3081 4800 3159 4858 ut
3197 4813 3394 4875 quam
3434 4792 3632 4875 impie
3675 4792 4114 4874 scelerateque
4156 4808 4348 4854 exer-

2392 4887 2545 4945 cent
2599 4877 3048 4962 tyrannidem,
3101 4886 3169 4943 et
3215 4885 3423 4943 totum
3472 4878 3597 4944 hoc
3654 4875 4152 4942 abominationis
4195 4894 4346 4957 reg-

2390 4985 2570 5041 num,
2616 4985 2768 5031 cum
2808 4963 3109 5029 omnibus
3143 4964 3412 5049 flagitiis
3449 4963 3842 5030 Antichristi
3879 4961 4143 5026 tandem
4181 4959 4348 5023 abii·

2392 5047 2696 5116 ciendum
2763 5055 3013 5132 putent.
3104 5050 3212 5115 Ita
3260 5051 3376 5115 fiet
3438 5057 3514 5114 ut
3580 5071 3620 5114 a
3676 5048 3948 5115 concilio
3990 5045 4348 5111 christiano

2394 5137 2801 5201 eversionem
2854 5140 3068 5201 status
3106 5137 3208 5201 sui
3251 5135 3420 5201 nihil
3462 5142 3785 5201 metuant.
3875 5133 4047 5196 Tum
4088 5131 4162 5194 111
4201 5150 4346 5194 ma-

2393 5223 2626 5286 iestate
2659 5210 3071 5303 imperatoris
3106 5230 3172 5287 et
3205 5222 3380 5306 regis
3401 5243 3588 5287 mora
3620 5219 3747 5285 erit
3782 5216 3962 5284 nulla
3994 5237 4155 5299 quin
4188 5235 4351 5280 oon-

3821 5317 3925 5373 31·
