4984 5975
552 373 842 441 XXXII
1732 364 2277 435 TRAOTA'PUS
2322 364 2909 434 THEOLOGIOI
2948 364 3395 433 MINORES.

551 563 813 629 tionum
853 560 1290 628 recentiorum
1329 559 1404 624 in
1445 557 1815 642 marginem
1861 555 2230 641 relegamus
2242 578 2258 636 ;
2306 555 2614 638 antiquae
2656 553 2977 620 versionis
3012 555 3463 622 testimonium
3504 561 3651 621 tum
3694 557 3954 641 saepius
3996 556 4071 623 in
4113 556 4350 624 iisdem
4392 556 4574 625 diiu-

553 672 878 753 dicandis,
934 680 1082 737 tum
1121 670 1323 737 etiam
1376 670 1622 755 passim
1663 668 1734 733 in
1792 688 1993 735 sensu
2048 667 2340 734 locorum
2394 664 2741 731 dubiorum
2797 665 3260 733 constituendo
3321 667 3757 751 producimus.
3846 668 3951 733 'Pu
3995 686 4152 734 vero
4166 720 4203 769 ,ι
4243 667 4568 738 benevole

552 786 786 865 lector,
830 783 1088 851 sudoris
1130 782 1339 850 nostri
1379 770 1635 849 finctus
1680 800 1764 845 ex
1809 778 1933 846 hac
1977 779 2195 863 operis
2236 784 2422 861 parte
2463 775 2549 841 ad
2594 784 2658 842 te
2701 775 3055 844 redeuntes
3099 797 3307 862 aequo
3350 779 3569 845 animo
3621 780 3933 864 accipias,
3977 800 4304 865 rogamus,
4349 782 4568 865 iisque

551 895 831 963 feliciter
867 895 1091 961 utaris.
3110 923 3125 935 ·

2242 1338 2656 1425 CAPUT
2715 1339 2878 1422 III.

685 1552 1638 1653 COMMENTARII
1689 1553 1836 1651 IN
1870 1549 2351 1649 LIBROS
2408 1520 3009 1649 SENECAE
3061 1550 3250 1648 DE
3306 1549 4107 1649 CLEMENTIA.
4172 1543 4464 1647 1532.

867 1781 1064 1865 Quod
1099 1783 1386 1866 primum
1427 1788 1497 1846 et
1533 1783 1605 1847 in
1648 1781 1772 1847 hoc
1813 1800 2054 1866 genere
2097 1756 2372 1846 unicum
2413 1778 2749 1845 doctrinae
2792 1777 3262 1845 documentum
3305 1778 3512 1845 edidit
3553 1778 3876 1847 Calvinus
3907 1781 4170 1848 iuvenis
4212 1781 4569 1849 admodum

555 1904 628 1963 et
667 1896 782 1961 vix
825 1894 1220 1980 vigesimum
1271 1894 1544 1958 tertium
1598 1914 1846 1958 annum
1903 1913 2107 1977 agens
2125 1942 2141 1971 ,
2198 1893 2260 1957 ei
2303 1890 2641 1957 Gallasius
2699 1898 2923 1973 utpote
2966 1910 3007 1955 a
3043 1890 3497 1976 theologorum
3553 1890 3750 1958 rebus
3807 1891 4019 1959 alieno
4070 1893 4175 1958 sui
4209 1892 4571 1960 voluminis
4644 1970 4651 1976 ,

554 2006 917 2092 hospitium
959 2005 1244 2090 negavit.
1289 2080 1293 2086 .
1332 2005 1510 2069 Beza
1551 2024 1707 2069 vero
1742 2010 1809 2069 et
1850 2003 1963 2087 qui
2007 2023 2161 2068 eum
2194 2004 2452 2086 sequuti
2504 2012 2663 2068 sunt
2713 2001 2943 2068 eadem
2987 2000 3068 2066 de
3111 2022 3307 2068 causa
3359 2001 3526 2069 illud
3567 2003 3638 2069 in
3681 2002 4108 2088 appendicem
4160 2002 4564 2089 relegarunt.

555 2119 695 2185 Nos
737 2117 800 2182 ei
840 2115 1229 2200 primarium
1269 2114 1487 2182 locum
1523 2114 1940 2182 concedimus
1979 2115 2054 2179 in
2095 2122 2319 2181 nostro
2363 2114 2825 2198 opusculorum
2866 2113 3388 2180 calvinianorum
3432 2134 3727 2198 corpore,
3773 2123 3849 2180 ut
3890 2117 4004 2199 qui
4042 2122 4415 2198 temporum
4456 2138 4569 2183 ra-

557 2229 806 2295 tionem
847 2224 1033 2292 nobis
1077 2225 1557 2293 observandam
1599 2227 2138 2293 constituerimus
2151 2277 2168 2306 ,
2229 2247 2439 2310 neque
2482 2226 2566 2292 ob
2621 2224 2997 2310 argumenti
3040 2223 3478 2291 differentiam
3528 2225 3696 2291 illud
3741 2245 3783 2290 a
3836 2228 4119 2293 caeteris⁴
4153 2228 4421 2293 omnino
4465 2248 4570 2295 se-

555 2337 929 2424 parandum
970 2337 1384 2404 arbitremur.
1474 2336 1653 2405 Sane
1695 2338 2079 2422 theologicis
2123 2338 2400 2420 scriptis,
2447 2337 2592 2405 sive
2634 2337 2896 2421 proprio
2941 2337 3079 2402 sive
3121 2335 3355 2403 latiore
3397 2358 3601 2403 sensu
3644 2336 3738 2404 sic
3781 2336 4072 2404 dicendis
4086 2389 4103 2417 ,
4149 2335 4570 2425 adnumerari

556 2451 801 2536 nequit,
846 2450 1147 2534 quamvis
1191 2452 1325 2516 sint
1361 2451 1470 2534 qu'i
1515 2449 1929 2533 suspicentur
1970 2457 2266 2515 autorem
2306 2449 2378 2514 in
2421 2470 2497 2514 eo
2543 2448 3004 2516 conscribendo
3040 2447 3109 2513 id
3149 2447 3364 2533 egisse
3407 2456 3483 2514 ut
3523 2449 3666 2533 regi
3707 2449 4078 2530 Francisco,
4123 2450 4258 2516 iam
4300 2458 4443 2516 tum
4487 2450 4570 2516 de

560 2583 884 2629 novarum
919 2582 1141 2626 rerum
1183 2561 1543 2628 fautoribus
1597 2569 1666 2626 et
1706 2560 1989 2645 purioris
2037 2560 2364 2644 evangeiii
2420 2559 2646 2625 amicis
2689 2561 2761 2624 in
2800 2582 2921 2625 sua
2964 2559 3210 2625 ditione
3262 2560 3547 2642 iniquius
3591 2560 3935 2640 sentienti,
3989 2560 4254 2627 mitiora
4292 2561 4566 2629 consilia

559 2674 910 2740 instillaret
953 2672 1034 2738 de
1077 2671 1311 2739 iisdem
1354 2672 1689 2757 capienda,
1733 2671 2283 2756 quemadmodum
2326 2671 2482 2736 olim
2525 2669 2946 2737 cordubensis
2989 2670 3100 2737 ille
3139 2670 3568 2755 philosophus
3606 2670 3891 2738 Neronis
3926 2670 4230 2739 Caesaris
4272 2674 4571 2739 animum

560 2785 778 2852 oblato
821 2806 938 2851 suo
979 2784 1148 2851 libro
1191 2784 1397 2850 lenire
1441 2790 1710 2852 conatus
1748 2784 1962 2849 fuerit.
2017 2783 2099 2847 ,N
2102 2803 2173 2849 os
2217 2782 2419 2848 talem
2461 2767 2661 2849 huius
2704 2783 2918 2865 operis
2961 2803 3229 2848 causam
3271 2790 3340 2848 et
3380 2781 3704 2866 originem
3747 2779 4039 2850 asserere
4084 2806 4215 2851 non
4256 2785 4567 2864 ausimus,

562 2918 768 2981 quum
809 2906 1002 2962 autor
1045 2917 1370 2979 nusquam
1420 2897 1491 2960 in
1534 2916 1654 2962 suo
1710 2896 2176 2962 commentario
2227 2913 2312 2958 ne
2356 2893 2616 2977 oblique
2667 2892 2932 2976 quidem
2978 2892 3062 2959 ad
3112 2895 3210 2960 rei
3249 2893 3549 2978 publicae
3606 2903 3674 2960 et
3716 2914 3937 2961 sacrae
3991 2902 4239 2961 statum
4297 2895 4567 2975 alludat,

561 3007 775 3093 qualis
817 3029 935 3075 suo
977 3015 1267 3091 tempore
1305 3007 1377 3072 in
1419 3007 1643 3074 Gallia
1683 3001 2035 3074 obtinebat.
2124 3004 2259 3088 Qui
2292 3006 2512 3089 potius
2553 3004 2624 3071 id
2665 3005 2879 3072 solum
2902 3008 2986 3080 ,in
3029 3007 3246 3072 animo
3285 3005 3592 3072 habuisse
3636 2982 3903 3074 videtur
3942 3015 4022 3074 ut
4063 3015 4320 3075 textum
4363 3029 4563 3076 suum

558 3119 951 3205 philologice
992 3119 1376 3201 elucidaret,
1415 3120 1706 3204 undique
1744 3120 2071 3203 congestis
2113 3118 2506 3201 scriptorum
2539 3137 2967 3184 romanorum
2999 3118 3345 3202 sententiis
3385 3123 3453 3183 et
3493 3125 3840 3202 poetarum
3873 3120 4143 3186 floribus
4156 3171 4173 3200 ,
4218 3120 4414 3204 paulo
4457 3142 4573 3187 ra-

561 3233 702 3299 rius
742 3233 944 3298 etiam
974 3232 1311 3298 variorum
1352 3231 1891 3317 philosophorum
1927 3229 2185 3314 placitis
2225 3229 2297 3294 in
2341 3230 2550 3296 aciem
2583 3228 2883 3296 deductis
2918 3237 3382 3315 argumentum
3422 3229 3644 3312 ipsum
3679 3237 4065 3297 retractaret
4098 3239 4168 3296 et
4211 3239 4570 3299 excuteret.

563 3343 820 3410 Verum
862 3345 1162 3428 quamvis
1218 3343 1348 3410 illis
1388 3343 1663 3408 minime
1703 3342 2172 3422 assentiamur,
2228 3341 2340 3424 qui
2383 3340 2510 3406 sibi
2550 3341 2621 3406 in
2665 3341 2790 3407 hoc
2831 3341 3298 3408 commentario
3342 3340 3727 3426 apologetici
3769 3340 3970 3408 studii
4013 3343 4295 3429 vestigia
4339 3345 4574 3429 depre-

565 3455 872 3524 hendisse
915 3456 1246 3536 videntur,
1293 3463 1362 3521 et
1406 3461 1704 3522 autorem
1745 3461 1888 3519 tum
1933 3454 2243 3538 temporis
2285 3451 2780 3518 humanioribus
2822 3473 2988 3536 quas
3023 3452 3251 3520 dicunt
3291 3452 3500 3518 literis
3541 3452 3733 3519 unice
3765 3454 4144 3521 incubuisse
4187 3454 4567 3536 dixerimus,

567 3566 750 3633 aliud
789 3566 1101 3650 quiddam
1136 3575 1238 3634 est
1277 3567 1450 3651 quod
1491 3568 1679 3633 nobis
1721 3567 2008 3631 maxime
2043 3563 2395 3645 dissuadet,
2439 3585 2525 3629 ne
2561 3564 2683 3631 has
2727 3565 2863 3630 stili
2907 3564 3264 3632 calviniani
3303 3563 3631 3648 primitias
3665 3564 3745 3629 de
3788 3565 3999 3648 primo
4041 3565 4156 3632 illo
4195 3566 4337 3632 loco
4373 3587 4569 3649 quem

564 3679 661 3745 eis
706 3677 1207 3757 destinavimuS,
1267 3681 1455 3764 quasi
1498 3679 1714 3745 debito
1758 3676 1840 3743 de
1880 3676 2090 3762 gradu
2146 3676 2590 3742 detrudamus.
2661 3676 2769 3742 Ab
2812 3675 2918 3743 bis
2959 3677 3274 3744 nimirum
3313 3675 3607 3761 legendis
3648 3676 3921 3761 incipias
3964 3683 4238 3760 oportet,
4283 3677 4343 3741 si
4382 3697 4571 3762 mag-

563 3810 722 3854 nam
763 3789 946 3856 illam
989 3790 1478 3857 conversionem
1491 3841 1509 3870 ,
1556 3810 1772 3874 neque
1815 3809 2107 3873 unquam
2151 3789 2312 3855 satis
2357 3785 2732 3854 mirandam
2776 3788 2994 3854 animo
3036 3788 3466 3872 contemplari
3509 3788 3811 3867 volueris,
3858 3810 3990 3872 qua
4031 3787 4135 3854 vir
4176 3787 4569 3854 immortalis

565 3922 606 3966 a
648 3906 835 3965 coetu
876 3899 1389 3986 philologorum,
1443 3902 1615 3968 inter
1653 3921 1813 3984 quos
1856 3920 1993 3965 non
2037 3899 2267 3966 ultimo
2306 3900 2447 3966 looo
2494 3905 2825 3966 venturus*
2857 3907 3002 3966 erat
3042 3901 3119 3968 si
3143 3921 3228 3965 ex
3281 3897 3523 3965 talibus
3564 3900 3770 3965 initiis
3825 3900 4268 3967 coniecturam
4311 3899 4564 3980 feceris,

564 4011 650 4077 ad
690 4011 1148 4097 theologorum
1189 4011 1411 4079 studia
1451 4019 1715 4079 evectus
1757 4012 1986 4078 statim
2024 4012 2237 4096 primo
2279 4018 2524 4078 conatu
2556 4010 2783 4077 multis
2826 4032 2898 4077 se
2936 4010 3442 4091 commendavit,
3486 4031 3643 4077 mox
3687 4019 3951 4095 arrepta
3991 4010 4213 4095 palma
4250 4010 4420 4077 nulli
4464 4032 4569 4079 se-

566 4121 824 4189 cundus
878 4123 1107 4189 evasit.
1195 4123 1278 4189 In
1333 4123 1438 4190 his
1494 4124 1671 4190 enim
1728 4123 2214 4191 commentariis
2269 4121 2653 4207 theologici,
2712 4122 3002 4207 adeoque
3054 4122 3160 4189 vel
3203 4123 3491 4207 religiosi
3546 4121 3654 4190 vel
3706 4120 3930 4190 biblici
3979 4123 4351 4205 argumenti
4397 4122 4573 4206 quod

565 4232 807 4300 dixeris
821 4285 840 4313 ,
884 4233 1054 4320 nihil
1097 4234 1255 4300 dum
1299 4243 1616 4326 apparet,
1647 4256 1860 4319 neque
1901 4234 2079 4300 illius
2118 4233 2402 4314 Oalvini,
2448 4254 2645 4317 quem
2688 4241 2916 4318 postea
2973 4233 3152 4301 orbis
3195 4234 3592 4302 christianus
3635 4233 3857 4313 novit,
3914 4231 4269 4316 quidquam
4311 4241 4576 4317 praeter

561 4344 754 4409 latini
811 4346 1130 4411 sermonis
1172 4345 1464 4412 cultioris
1504 4347 1927 4431 elegantiam,
1982 4368 2112 4431 qua
2154 4366 2346 4412 nemo
2400 4346 2581 4411 inter
2631 4345 2823 4412 istius
2868 4346 3112 4413 saeculi
3166 4345 3501 4430 theologos
3544 4346 3756 4430 magis
3800 4344 3915 4411 illo
3956 4343 4280 4411 inclaruit.
4362 4345 4573 4428 ⁴Bien-

564 4456 678 4521 nio
723 4477 876 4522 vero
916 4465 1090 4539 post,
1136 4477 1339 4540 quum
1375 4457 2090 4543 Psychopannyohiam
2130 4478 2319 4523 suam
2361 4456 2602 4537 ederet,
2647 4455 2729 4522 de
2772 4457 3255 4541 quaestionibus
3297 4465 3365 4523 et
3403 4456 3861 4524 controversiis
3904 4454 4275 4541 theologiae
4320 4457 4426 4524 vel
4468 4478 4573 4523 re-

563 4565 944 4652 conditioris
999 4575 1137 4634 tam
1180 4566 1344 4634 bene
1399 4568 1700 4636 edoctum
1752 4591 1823 4637 se
1881 4568 2196 4650 ostendit,
2255 4574 2333 4634 ut
2376 4590 2417 4635 a
2467 4569 2690 4653 pueris
2733 4568 2831 4633 nil
2871 4569 3002 4635 nisi
3044 4569 3207 4636 haec
3252 4576 3561 4635 tractasse
3595 4566 3924 4648 videatur,
3980 4573 4048 4632 et
4090 4568 4204 4650 qui
4244 4567 4317 4633 in
4356 4567 4573 4651 priore

565 4697 762 4761 opere
825 4678 1299 4762 amplissimam
1356 4687 1658 4747 autorum
1711 4680 2130 4749 classicorum
2178 4680 2481 4747 notitiam
2534 4678 2837 4747 exhibuit
2888 4690 2963 4747 ut
3016 4702 3170 4747 eum
3223 4689 3425 4746 totam
3468 4679 3867 4745 latinitatem
3920 4680 4236 4745 memoria
4280 4679 4571 4744 tenuisse

566 4787 938 4869 credideris,
984 4791 1117 4855 iam
1152 4792 1224 4856 in
1259 4792 1383 4858 hoc
1415 4791 1624 4859 altero
1658 4794 2050 4877 scripturam
2094 4812 2346 4859 sacram
2389 4813 2651 4859 omnem
2693 4800 2917 4859 mente
2960 4791 3456 4876 comprehendit
3496 4799 3565 4858 et
3597 4797 3861 4876 patrum
3892 4811 4148 4875 quoque
4178 4787 4572 4856 familiarem

566 4920 638 4966 se
679 4902 968 4985 praebet,
1014 4904 1107 4968 ita
1148 4910 1225 4968 ut
1265 4924 1385 4988 pro
1427 4906 1765 4971 occasione
1807 4914 1875 4971 et
1916 4905 2376 4972 auctoritatum
2418 4905 2641 4988 copiae
2683 4911 2753 4970 et
2790 4911 3319 4988 argumentorem
3361 4904 3648 4970 rationes
3703 4901 4064 4986 disputanti
4117 4906 4380 4986 praesto
4436 4900 4573 4966 sint

569 5020 636 5076 et
678 5012 1048 5084 uberrimae
1091 5027 1160 5080 et
1201 5015 1634 5083 firmissimae.
1704 5016 1812 5082 Ita
1851 5015 1962 5082 hio
2003 5017 2063 5082 si
2104 5035 2146 5080 a
2184 5016 2402 5099 priore
2445 5015 2532 5080 ad
2574 5015 2856 5100 aiterum
2890 5014 3132 5081 librum
3176 5015 3534 5082 transitum
3562 5015 3813 5094 feceris,
3850 5014 4002 5081 Viri
4042 5010 4386 5081 clarissimi
4429 5019 4587 5078 stu-⁴

569 5122 678 5189 dia
711 5124 864 5191 inde
923 5126 1005 5192 ab
1050 5146 1129 5192 eo
1175 5134 1470 5212 tempore
1527 5148 1655 5212 quo
1699 5128 2039 5194 Aureliam
2090 5125 2252 5194 adiit
2292 5125 2487 5193 rebus
2537 5127 2741 5192 sacris
2785 5125 2998 5192 dicata
3046 5135 3114 5191 et
3165 5126 3236 5191 in
3281 5125 3420 5193 dies
3478 5126 3712 5193 altiora
3753 5125 4127 5211 appetentia
4180 5143 4572 5208 cognoscere

565 5237 796 5321 possis,
842 5257 1009 5320 quae
1050 5239 1185 5304 iam
1223 5260 1308 5305 ex
1342 5247 1605 5306 nostrae
1647 5238 1892 5305 latinae
1933 5239 2379 5307 Institutionis
2414 5237 2697 5304 editione
2739 5236 3185 5304 indesinenter
3227 5245 3436 5320 aucta,
3479 5236 3845 5319 emendata,
3889 5234 4282 5319 locupletata
4326 5232 4575 5304 vidisti.
