4984 5975
639 310 762 373 207

640 515 774 559 non
822 493 1146 558 consumit
1189 491 1556 569 coniuncta,
1602 491 1716 556 sed
1757 474 2028 556 dividit:
2088 513 2291 575 quum
2346 495 2584 578 origini

648 599 806 644 suae
853 584 1202 658 utrumque
1246 574 1477 641 reddit.

670 787 693 796 -
805 714 1026 777 Tertio
1065 712 1202 776 loco
1238 711 1537 789 afferunt,
1583 712 1754 795 quod
1789 715 1980 779 toties
2015 712 2300 780 dormire
2344 716 2577 800 legan-

639 812 765 876 tur,
810 800 923 880 qui
967 798 1205 862 mortui
1250 805 1421 862 sunt.
1509 798 1604 864 Ut
1646 797 1725 862 de
1763 797 2121 883 StephanO,
2159 799 2582 867 Obdormivit

634 887 701 949 in
736 884 1024 948 Domino
1062 884 1238 966 (Act.
1278 887 1334 960 7,
1378 885 1508 966 00).
1596 884 1787 961 Item,
1830 885 2117 950 Lazarus
2160 894 2383 952 noster
2427 887 2578 952 dor-

632 971 756 1035 mit
809 969 1065 1051 (Ioann.
1120 974 1223 1045 ll,
1280 972 1403 1047 11).
1493 969 1662 1033 Item
1681 1021 1695 1046 ‚
1751 970 1968 1035 Nolite
2011 971 2271 1037 solliciti
2313 994 2454 1038 esse
2497 973 2577 1038 de

633 1055 1105 1120 dormientibus
1153 1058 1211 1136 (1
1265 1054 1491 1119 Thess.
1538 1061 1607 1132 4,
1672 1055 1796 1139 13).
1886 1055 1971 1119 In
2015 1056 2197 1122 libris
2241 1078 2397 1123 vero
2440 1059 2576 1124 Re-

633 1163 788 1225 gum
846 1139 1224 1223 saepissime
1242 1191 1257 1215 ,
1313 1148 1391 1203 ιιι
1433 1141 1545 1204 vix
1602 1140 1731 1204 alia
1783 1140 2041 1224 phrasis
2084 1143 2445 1226 scripturae
2490 1145 2578 1209 sit

633 1226 1029 1291 familiarior.
1120 1226 1413 1290 Maxime
1469 1247 1625 1291 vero
1668 1227 1950 1312 instant,
1996 1249 2201 1310 quum
2247 1230 2576 1312 arripiunt

632 1311 1027 1377 sententiam
1072 1333 1153 1376 ex
1198 1311 1362 1375 libro
1396 1311 1514 1375 Iob
1561 1313 1703 1460 514,
1752 1317 1787 1373 7
1834 1315 2070 1396 seqq.):
2120 1314 2407 1397 Lignum
2453 1315 2574 1379 ha-

629 1399 743 1464 bet
781 1418 992 1480 spem:
1040 1398 1098 1461 si
1140 1397 1507 1480 praecisum
1591 1398 1786 1474 uerit,
1845 1419 2109 1463 rursum
2157 1400 2448 1475 virescit,
2508 1408 2575 1464 et

631 1484 798 1548 rami
843 1483 984 1547 eius
1024 1482 1368 1564 pullulant.
1436 1481 1654 1547 Homo
1676 1504 1832 1548 vero
1861 1485 1974 1549 ubi
2017 1496 2312 1550 mortuus
2353 1486 2570 1563 fuerit,

630 1577 698 1635 et
732 1567 1015 1632 nudatus
1058 1576 1253 1650 atque
1297 1578 1739 1650 consumptus,
1785 1568 2176 1651 ubi‚quaeso
2211 1570 2351 1635 est?
2390 1569 2573 1651 Quo-

628 1653 822 1719 modo
859 1654 915 1716 si
950 1651 1259 1718 recedant
1292 1672 1495 1737 aquae
1531 1653 1612 1719 de
1634 1656 1819 1730 mari,
1857 1664 1923 1718 et
1964 1656 2205 1720 fluvius
2230 1656 2572 1721 vacuefac-

629 1748 736 1805 tus
781 1748 1061 1804 arescat:
1109 1738 1202 1805 sic
1246 1738 1441 1803 homo
1486 1760 1691 1822 quum
1731 1738 2083 1817 dormierit,
2128 1761 2260 1805 non
2305 1763 2571 1806 consur-

628 1833 760 1910 get,
804 1823 925 1889 nec
967 1823 1384 1907 evigilabitur
1429 1824 1509 1890 de
1554 1845 1780 1890 somno
1824 1846 1959 1904 suo,
2004 1824 2208 1891 donec
2252 1830 2575 1891 atteratur

628 1911 899 1977 coelum.
990 1908 1066 1975 Si
1109 1909 1364 1974 animae
1421 1910 1565 1975 ideo
1623 1911 1806 1976 vobis
1861 1910 2144 1977 dormire
2200 1912 2568 1989 credantur,

629 1997 785 2079 quia
818 2016 994 2061 mors
1037 2003 1310 2060 vocatur
1342 1995 1672 2060 dormitio:
1758 1997 2014 2075 rimum,
2059 1999 2278 2062 anima
2322 1996 2572 2063 Christi

629 2081 856 2147 eodem
899 2102 1128 2147 somno
1169 2088 1464 2163 correpta
1518 2090 1634 2147 est.
1747 2084 1804 2148 ic
1830 2082 2008 2147 enim
2045 2083 2115 2146 in
2146 2103 2428 2166 persona
2471 2084 2571 2166 ip-

630 2169 765 2233 sius
790 2167 1079 2249 loquitur
1101 2165 1321 2232 David
1356 2167 1562 2249 (Psal.
1591 2171 1648 2245 3,
1675 2168 1774 2250 6):
1812 2168 1958 2251 Ego
1986 2167 2282 2247 dormivi,
2305 2177 2374 2234 et
2396 2189 2572 2234 som-

629 2274 791 2317 num
834 2253 1004 2334 cepi,
1064 2261 1132 2317 et
1166 2254 1537 2331 exsurrexi,
1588 2255 1743 2336 quia
1780 2252 2106 2319 Dominus
2151 2275 2412 2320 mecum
2448 2262 2568 2319 est.

627 2339 720 2403 Et
761 2338 944 2403 audit
986 2337 1068 2409 ab
1108 2338 1389 2404 inimicis
1443 2339 1567 2405 sibi
1618 2339 2088 2405 insultantibus
2127 2339 2402 2405 verbum
2446 2340 2572 2404 ini-

628 2446 857 2508 quum:
902 2424 1235 2507 Numquid
1276 2425 1390 2506 qui
1432 2424 1704 2503 dormit,
1750 2444 1885 2489 non
1933 2424 2213 2505 adiiciet„
2238 2435 2312 2490 ut
2353 2446 2572 2490 resur-

627 2517 741 2594 gat
784 2509 988 2591 (Psal.
1015 2516 1117 2587 41,
1145 2508 1256 2591 9)?
1315 2508 1393 2574 Si
1428 2518 1649 2575 autem
1693 2510 1858 2574 nihil
1904 2518 2039 2575 tam
2084 2510 2333 2576 humile
2377 2519 2570 2591 atque

626 2595 949 2661 abiectum
993 2594 1073 2659 de
1117 2596 1338 2659 anima
1373 2595 1620 2660 Christi
1666 2595 2131 2678 suspicandum
2167 2604 2283 2671 est,
2328 2602 2418 2659 ut·
2438 2595 2571 2660 dis-

624 2690 933 2765 putatum
990 2687 1090 2745 est
1140 2681 1346 2745 fusius
1362 2732 1376 2756 ,
1431 2702 1624 2744 nemo
1679 2680 1998 2763 ambigat,
2044 2681 2204 2763 quin
2246 2681 2573 2764 scriptura

626 2773 964 2831 externam
1019 2764 1342 2829 duntaxat
1393 2766 1680 2848 corporis
1733 2766 2264 2847 compositionem
2320 2774 2571 2848 specta-

626 2851 825 2915 verit:
873 2860 940 2915 et
978 2850 1141 2914 illud
1194 2849 1480 2913 dormire
1524 2851 1606 2914 ab
1646 2850 1986 2915 hominum
2042 2858 2313 2933 aspectu
2367 2850 2571 2915 duxe-

625 2937 731 3001 rit.
820 2934 1004 3000 Haec
1048 2936 1224 3000 enim
1268 2933 1394 2999 duo
1437 2936 1806 3019 promiscue
1862 2935 2201 3020 leguntur:
2239 2936 2575 3002 Dormivit

626 3042 777 3088 cum
832 3019 1128 3104 patribus
1180 3021 1341 3086 suis:
1389 3029 1482 3098 et,
1529 3021 1886 3104 Appositus
1930 3029 2032 3087 est
2073 3022 2371 3104 patribus
2414 3022 2568 3087 suis.

627 3106 852 3187 Quum
892 3105 1113 3171 anima
1135 3126 1268 3169 non
1289 3107 1638 3190 apponitur
1664 3106 1902 3170 animis
1937 3115 2232 3191 patrum,
2270 3106 2383 3172 sed
2428 3128 2570 3172 cor·

625 3212 749 3275 pus
803 3191 875 3255 in
922 3190 1293 3273 sepulcrum
1340 3198 1604 3275 patrum
1639 3190 1985 3257 deferatur.
2074 3192 2200 3258 Est
2233 3193 2432 3257 etiam
2468 3214 2570 3257 se-

626 3274 917 3342 cundum
962 3296 1096 3353 me,
1156 3277 1328 3359 quod
1382 3277 1599 3359 impiis
1656 3298 1908 3360 quoque
1962 3277 2226 3362 regibus
2271 3278 2573 3343 attribuit

627 3361 899 3428 Samuel
938 3363 1107 3427 hanc
1143 3362 1599 3427 dormitionem
1633 3362 1703 3427 in
1740 3363 2002 3447 Regum
2048 3364 2352 3428 historia:
2398 3363 2571 3446 quod

626 3447 803 3512 idem
862 3446 1080 3512 videre
1135 3457 1235 3512 est
1291 3449 1361 3512 in
1416 3447 1879 3530 posterioribus
1937 3448 2123 3514 libris
2177 3449 2458 3532 Regum,
2506 3457 2573 3513 et

628 3534 812 3599 libris
869 3534 1434 3616 Paralipomenon.
1526 3532 1752 3614 Quum
1810 3533 2049 3599 auditis
2103 3533 2387 3598 dormire
2446 3535 2569 3598 im-

670 3620 808 3683 ium
861 3620 1162 3703 cogitatis
1217 3621 1474 3685 animae
1527 3619 1874 3708 somnum?
1920 3641 2085 3702 quae
2128 3621 2416 3702 peiorem
2452 3620 2571 3683 ha-

572 3763 576 3768 .
708 3727 779 3770 re
821 3706 1192 3770 carnificem
1220 3726 1351 3770 non
1397 3713 1633 3790 potest,
1678 3728 1718 3770 a
1759 3727 1885 3788 quo
1930 3713 2327 3788 torqueatur,
2374 3726 2572 3787 quam

627 3791 870 3855 malam
914 3791 1398 3856 conscientiam.
1486 3789 1617 3856 Ubi
1675 3812 1941 3856 somnus
1996 3792 2173 3855 inter
2230 3791 2394 3856 tales
2452 3812 2571 3854 an-

629 3876 922 3959 gustias?
1010 3877 1208 3959 Impii
1263 3877 1439 3942 enim
1501 3877 1670 3942 sicut
1727 3882 1843 3956 [fol.
1884 3882 1992 3955 29]
2053 3897 2234 3941 mare
2288 3877 2569 3954 fervens,

630 3959 801 4042 quod
844 3962 1174 4042 quiescere
1219 3982 1352 4026 non
1396 3971 1628 4044 potest,
1675 3970 1741 4027 et
1782 3962 2154 4027 redundant
2196 3963 2263 4026 in
2309 3961 2571 4026 concul-

628 4045 947 4110 cationem
992 4048 1226 4111 fluctus
1268 4050 1407 4112 eius
1451 4054 1516 4111 et
1556 4048 1785 4112 lutum.
1818 4049 1865 4130 ¹)
1951 4048 2099 4113 Non
2142 4056 2244 4112 est
2283 4068 2412 4129 pax
2448 4049 2571 4110 im-

626 4131 770 4214 piis,
817 4128 974 4196 dicit
1013 4131 1337 4197 Dominus
1382 4133 1535 4215 (les,
1582 4139 1680 4208 57,
1730 4134 1861 4217 21).
1949 4134 2043 4197 Et
2086 4143 2309 4197 tamen
2352 4131 2571 4196 David

628 4236 831 4299 quum
877 4215 1078 4281 vellet
1120 4217 1485 4300 exprimere
1544 4219 1980 4284 conscientiae
2036 4218 2335 4284 aculeum
2389 4236 2571 4283 acer·

626 4302 792 4366 rime
847 4309 1273 4384 pungentem:
1319 4303 1660 4381 Illumina,
1706 4305 1934 4385 inquit,
1973 4304 2195 4369 oculos
2237 4321 2435 4381 meos,
2488 4324 2571 4367 ne

628 4407 916 4468 unquam
971 4384 1370 4452 obdormiam
1423 4389 1494 4452 in
1539 4399 1818 4453 mortem
1862 4389 2064 4471 (Psal.
2119 4393 2214 4466 13,
2253 4387 2341 4471 4).
2401 4388 2571 4453 Ecce

627 4471 848 4536 fauces
880 4471 1238 4536 inferorum
1274 4474 1590 4538 miserum
1624 4472 1939 4552 obsident,
1976 4475 2080 4539 vis
2164 4472 2370 4539 eccati
2413 4493 2571 4537 exa-

678 4556 815 4635 'tat,
860 4566 928 4620 et
970 4565 1188 4622 tamen
1235 4556 1500 4623 dormit:
1546 4560 1678 4623 imo
1723 4579 1879 4624 vero
1914 4558 2059 4623 ideo
2147 4560 2371 4636 ormit,
2418 4558 2571 4641 quia

681 4661 793 4707 aec
827 4643 1090 4725 patitur.
1168 4643 1298 4708 Hic
1332 4644 1529 4708 etiam
1564 4644 1647 4709 ad
1681 4645 1895 4728 prima
1927 4643 2214 4709 discendi
2250 4644 2574 4711 elementa

633 4726 967 4793 reiiciendi
1003 4739 1173 4806 sunt,
1197 4728 1307 4811 qui
1333 4727 1614 4794 necdum
1636 4728 2005 4796 didicerunt
2038 4730 2187 4792 κατὰ
2221 4727 2571 4811 συνεκδοχῆν

630 4832 670 4876 a
721 4821 907 4897 parte
960 4813 1287 4879 interdum
1344 4820 1550 4879 totum
1606 4814 1929 4900 intelligi,¹
1968 4814 2298 4881 interdum
2351 4837 2393 4880 a
2434 4822 2568 4881 toto

769 5000 828 5066 1)
873 5000 1032 5070 Quod
1064 5003 1144 5057 sic
1178 5004 1337 5056 ver-tit
1376 5000 1603 5056 Gallus.-
1651 5019 1739 5058 ses
1788 5002 1915 5059 flots
1962 5010 2251 5073 regei-gent
2294 5019 2362 5057 en
2398 5002 2567 5057 soule-

630 5077 777 5124 ment
810 5079 866 5125 et
899 5073 1092 5126 iettont
1125 5070 1192 5125 de
1230 5071 1284 5125 la
1318 5071 1477 5138 sange
1523 5078 1580 5125 et
1627 5071 1723 5127 des
1760 5072 2002 5127 ordures.
2077 5071 2362 5127 Gallasius
2396 5072 2569 5138 scrip·

628 5139 729 5193 eit.-
761 5139 1062 5194 redundant
1092 5138 1290 5194 fluctus
1325 5141 1441 5194 eius
1477 5140 1530 5193 in
1566 5141 2021 5197 conculcationem
2058 5148 2114 5196 et
2147 5140 2333 5195 lutum.
2398 5138 2569 5209 Quem

628 5207 825 5263 deinde
855 5210 1056 5265 caeteri
1085 5210 1301 5278 aequati
1333 5212 1477 5263 eune.

2158 304 2724 375 PSYCHOPAN
2728 309 2789 373 N
2793 309 2856 373 Y
2864 309 3109 376 CHIA.

4508 312 4630 375 208

2687 504 2965 578 partem:
2992 519 3192 580 quum
3219 498 3377 564 haec
3411 500 3621 582 figura
3646 500 3838 564 toties
3864 506 4177 582 usurpata
4199 500 4285 565 sit
4317 498 4389 564 in
4425 498 4554 563 scri

2684 583 2869 646 turis.
2958 582 3125 647 Nolo
3167 583 3328 648 mihi
3370 583 3569 650 fidem
3610 585 3853 662 haberi,
3899 585 4026 650 nisi
4071 586 4252 668 prius
4293 584 4468 650 locos
4581 586 4631 634 '-

2682 674 2838 748 quot
2881 668 3294 750 protulerim,
3341 670 3454 752 qui
3507 671 3813 736 evincant
3857 670 4315 754 synecdochen
4372 690 4514 735 esse
4557 672 4627 735 in

2683 774 2808 817 usu
2847 752 3027 817 illius
3062 753 3262 833 verbi,
3299 756 3550 837 quoties
3585 778 3702 838 pro
3736 766 3947 821 morte
3980 755 4237 839 legitur.
4327 756 4438 819 An
4473 777 4630 820 vero

2683 858 2886 919 quum
2929 838 3048 903 Iob
3093 839 3365 905 diceret:
3410 841 3584 906 Ecce
3619 863 3793 907 nunc
3835 843 3907 905 in
3948 843 4221 990 pulveri>
4253 840 4526 992 ‹blot-mio,
4563 849 4632 1010 ξι

4216 949 4254 991 ο
4300 977 4315 992 .
4365 930 4400 987 7
4419 977 4432 1001 ,
4482 930 4558 989 21
4611 945 4626 989 :

4237 1013 4463 1094 Atqui,
4491 1033 4628 1077 non

2680 1102 2821 1157 erat
2853 1095 3256 1161 coniicienda
3273 1097 3346 1160 in
3370 1096 3736 1179 pulverem:
3763 1119 3918 1182 ergo
3939 1119 4071 1162 non
4095 1099 4164 1161 in
4186 1097 4459 1181 pulvere
4482 1096 4631 1163 dor·

2679 1178 2922 1243 mitura
2951 1189 3108 1245 erat.
3154 1181 3308 1246 Alio
3343 1183 3539 1246 etiam
3563 1182 3723 1260 loco,
3757 1205 3955 1266 quum
3993 1182 4265 1248 diceret:
4302 1183 4395 1248 Et
4411 1192 4632 1248 tamen

2688 1264 2879 1328 simul
2903 1267 2971 1329 in
2996 1265 3266 1348 pulvere
3288 1267 3624 1344 dormient,
3650 1278 3715 1333 et
3737 1291 3991 1334 vermes
4012 1270 4307 1350 operient
4327 1288 4439 1333 eos
4462 1267 4629 1351 (Iob.

2679 1353 2779 1425 21,
2795 1352 2926 1433 26);
2953 1352 3250 1417 etDavid
3273 1354 3478 1437 (Psal.
3505 1357 3605 1432 88,
3626 1358 3724 1436 6):
3751 1352 3940 1420 Sicut
3961 1354 4289 1420 vulnerati
4302 1354 4629 1419 dormien-

2677 1451 2776 1505 tes
2813 1442 2882 1504 in
2918 1439 3261 1523 sepulcris:
3308 1461 3395 1503 an
3438 1439 3745 1505 videntur
3780 1442 3963 1505 vobis
4010 1442 4261 1505 animas
4297 1442 4630 1507 vermibus

2675 1527 3067 1609 exposuisse,
3088 1546 3246 1608 quas
3268 1524 3694 1590 arroderent?
3739 1526 3923 1591 Idem
3940 1546 4059 1591 nos
4082 1526 4270 1592 docet
4290 1526 4622 1609 propheta,

2677 1613 2787 1694 qui
2841 1613 3203 1694 scripturus
3251 1613 3527 1676 exitium
3563 1611 4146 1678 Nabuchadnesar:
4204 1612 4620 1695 Conquievit,

2676 1697 2906 1779 inquit,
2953 1706 3020 1762 et
3064 1696 3246 1762 siluit
3289 1697 3502 1761 omnis
3541 1704 3732 1775 terra,
3769 1696 4013 1762 abietes
4056 1718 4310 1780 quoque
4349 1697 4624 1763 laetatae

2676 1790 2836 1847 sunt
2869 1803 3067 1865 super
3105 1790 3187 1859 te,
3225 1794 3291 1845 et
3330 1781 3506 1847 cedri
3541 1783 3809 1847 Libani:
3850 1804 3933 1847 ex
3967 1804 4097 1865 quo
4134 1782 4449 1861 dormisti,
4488 1805 4624 1849 non

2677 1867 2969 1933 ascendit
3010 1868 3118 1950 qui
3165 1867 3455 1933 succidat
3497 1889 3617 1932 nos
3661 1867 3815 1951 (Ies.
3851 1874 3946 1945 14,
3988 1874 4022 1930 7
4070 1870 4206 1952 ss.).
4292 1869 4387 1933 Et
4429 1868 4621 1951 paulo

2675 1960 2850 2035 post:
2898 1951 3150 2019 Omnes
3191 1974 3379 2037 reges
3422 1954 3720 2037 gentium
3769 1955 4059 2019 universi
4104 1954 4511 2019 dormierunt
4549 1956 4619 2021 in

2679 2038 2901 2122 gloria,
2929 2040 3031 2104 vir
3051 2040 3123 2103 in
3159 2038 3310 2104 sede
3333 2060 3480 2104 sua:
3519 2046 3593 2104 ιιι
3620 2049 3840 2104 autem
3874 2041 4202 2122 proiectus
4238 2061 4308 2105 es
4332 2062 4368 2105 e
4404 2040 4623 2123 sepul-

2678 2144 2804 2193 cro.
2852 2123 3041 2204 Quae
3083 2126 3305 2189 omnia
3326 2124 3406 2189 de
3440 2124 3759 2190 cadavere
3781 2124 3954 2189 dicta
3988 2133 4169 2190 sunt:
4208 2134 4283 2190 ut
4319 2122 4622 2205 dormire,

2677 2209 2767 2275 sit
2800 2209 3011 2276 iacere
3027 2222 3093 2274 et
3119 2211 3470 2292 prosterni:
3518 2230 3558 2273 a
3583 2232 3763 2276 more
3788 2210 4266 2287 dormientium,
4291 2213 4403 2293 qui
4439 2210 4627 2276 humi

2677 2296 2988 2377 prostrati
3042 2296 3274 2361 iacent.
3381 2295 3575 2362 Hanc
3627 2295 3934 2379 loquendi
3991 2297 4265 2361 formam
4320 2306 4628 2381 poterant

2677 2401 2786 2445 eos
2823 2380 3052 2447 docere
3087 2381 3359 2459 ethnici,
3397 2403 3673 2464 quorum
3710 2401 3915 2447 unus:
3945 2383 3991 2464 ¹)
4032 2382 4094 2446 N
4096 2382 4236 2447 obis
4279 2403 4479 2465 quum
4523 2403 4628 2448 se-

2680 2465 2808 2531 mel
2862 2466 3095 2532 occidit
3151 2467 3369 2532 brevis
3412 2467 3558 2543 lux,
3605 2468 3756 2532 Nox
3800 2476 3901 2533 est
3943 2476 4256 2550 perpetua
4300 2488 4432 2532 una
4477 2467 4628 2533 dor-

2678 2551 2957 2616 mienda.
3047 2552 3238 2616 Alter
3292 2574 3471 2616 vero:
3531 2550 3781 2627 Stulte,
3827 2552 3982 2635 quid
4026 2563 4126 2619 est
4169 2574 4456 2630 somnus,
4503 2562 4626 2619 etc.

2675 2636 2883 2701 Alibi:
2931 2637 3176 2713 Dicite,
3222 2637 3506 2701 Nasonis
3546 2638 3831 2703 molliter
3873 2659 4021 2704 ossa
4063 2640 4317 2705 cubent.
4406 2640 4629 2721 Atque

2676 2722 2836 2785 haec
2872 2722 3135 2805 quidem
3171 2720 3543 2803 loquuntur,
3582 2725 3691 2805 qui
3726 2724 3934 2788 multa
3968 2725 4232 2807 fingunt
4274 2722 4354 2790 de
4397 2726 4629 2792 inferis

2673 2817 2995 2890 portenta,
3031 2807 3399 2889 multasque
3436 2820 3500 2872 et
3534 2810 3751 2873 varias
3787 2810 4139 2892 passiones,
4177 2809 4416 2893 quibus
4450 2833 4629 2877 mor-

2675 2903 2941 2958 tuorum
2979 2892 3249 2958 umbrae
3283 2894 3672 2958 afficiantur.
3750 2893 3903 2975 Qua
3936 2897 4186 2961 ratione
4219 2917 4260 2960 a
4292 2897 4630 2965 veteribus

2675 2979 3053 3062 impositum
3090 3001 3330 3044 nomen
3366 2980 3523 3059 loco,
3560 2981 3672 3062 qui
3709 2991 4123 3047 mortuorum
4157 2982 4478 3066 sepulcris
4512 2982 4629 3050 de-

2675 3065 3063 3143 stinaretur,
3105 3065 3479 3145 κοιμητήριον
3522 3064 3648 3128 ἀπὸ
3680 3070 3784 3129 τοῦ
3825 3069 4197 3148 κοιμᾶσθαι,
4257 3068 4430 3151 quod
4475 3072 4630 3135 dor-

2682 924 2736 987 si
2780 943 2974 988 mane
3017 945 3123 989 me
3160 927 3513 1007 quaesieris
3550 948 3680 991 non
3739 926 4090 992 subsistam

2678 1008 3099 1073 existimabat
3120 1011 3412 1075 animam
3445 1033 3673 1076 somno
3697 1013 4033 1095 perfusum
4063 1014 4146 1077 iri

2623 3183 2626 3192 ·
2674 3153 2839 3216 mire
2895 3151 3238 3235 significat.
3337 3151 3486 3216 Non
3542 3152 3714 3235 quod
3771 3153 4216 3238 intelligerent
4268 3154 4404 3220 illic
4449 3177 4631 3222 mor-

2675 3246 2820 3301 tuas
2871 3237 3125 3301 animas
3180 3235 3263 3301 ad
3307 3237 3592 3319 quietem
3639 3240 3893 3321 reponi,
3942 3239 4058 3304 sed
4101 3259 4389 3323 corpora.
4478 3242 4632 3307 Iam

2675 3323 2834 3386 satis
2878 3319 3224 3404 evanuisse
3267 3322 3550 3387 arbitror
3589 3324 3879 3407 ipsorum
3922 3326 4152 3403 fumos,
4197 3323 4435 3408 quibus
4480 3328 4631 3393 ani-

2674 3429 2931 3472 marum
2965 3407 3421 3474 dormitionem
3456 3410 3906 3489 involvebant,
3974 3409 4084 3475 ubi
4116 3409 4466 3495 probatum
4502 3425 4632 3492 est,

2675 3514 3000 3575 nusquam
3056 3494 3338 3558 inveniri
3390 3495 3462 3558 in
3518 3495 3887 3579 scripturis,
3935 3495 4300 3563 dormiendi
4343 3499 4633 3565 verbum

2675 3579 3066 3644 attributum
3102 3579 3357 3658 animis,
3381 3581 3631 3662 quoties
3664 3601 3785 3664 pro
3819 3592 4028 3646 morte
4052 3581 4292 3681 legitur
4315 3583 4628 3665 positum.

2674 3664 3026 3729 Caeterum
3043 3664 3124 3729 de
3144 3666 3514 3729 animarum
3530 3667 3747 3747 quiete
3769 3667 3974 3732 fusius
3991 3666 4147 3732 alib1
4171 3667 4627 3736 disseruimus.

2845 3783 3115 3864 QuartO,
3161 3785 3377 3850 locum
3404 3783 3773 3851 Solomonis
3815 3786 3885 3849 in
3933 3807 4069 3863 nos,
4114 3787 4298 3869 quasi
4342 3788 4630 3855 fortissi-

2674 3891 2857 3933 mum
2890 3870 3177 3948 arietem,
3213 3871 3575 3954 impellunt.
3652 3870 3784 3937 Ubi
3816 3871 3928 3937 ille
3963 3874 4033 3935 in
4066 3872 4470 3939 Ecclesiasta
4506 3895 4631 3940 sno

2675 3955 2924 4022 scribit:
2962 3956 3125 4020 Dixi
3159 3957 3229 4019 in
3252 3956 3444 4021 corde
3478 3977 3624 4021 meo
3659 3956 3740 4020 de
3775 3956 3928 4021 filiis
3964 3957 4324 4039 hominum,
4359 3967 4439 4024 ιιι
4471 3982 4632 4044 pro-

2675 4043 2861 4107 baret
2916 4061 3025 4104 eos
3070 4042 3280 4118 Beue,
3326 4049 3400 4106 ut
3444 4042 3817 4107 ostenderet
3861 4042 4106 4108 similes
4146 4064 4290 4109 esse
4336 4048 4459 4125 [fol.
4512 4051 4628 4125 30]

2673 4128 2918 4193 bestiis.
2983 4126 3236 4192 Idcirco
3274 4149 3445 4192 unus
3481 4128 3783 4193 interitus
3806 4138 3907 4193 est
3940 4128 4224 4194 hominis
4260 4135 4328 4195 et
4360 4131 4631 4197 iumen-

2673 4220 2921 4290 torum,
2981 4220 3048 4276 et
3086 4234 3292 4295 aequa
3334 4215 3672 4296 utriusque
3716 4212 4015 4279 conditio.
4105 4212 4295 4279 Sicut
4334 4218 4634 4282 moritur

2675 4299 2899 4377 homo,
2944 4299 3037 4363 sic
3077 4305 3143 4363 et
3181 4298 3299 4363 illa
3337 4299 3729 4363 moriuntur.
3820 4297 4141 4364 Similiter
4184 4301 4443 4383 spirant
4486 4324 4634 4368 om-

2675 4387 2813 4462 nia,
2860 4394 2927 4449 et
2970 4384 3137 4448 nihil
3182 4384 3376 4449 habet
3437 4385 3630 4448 homo
3674 4386 3966 4449 iumento
4013 4386 4311 4468 amplius.
4359 4385 4636 4455 Cuncta

2675 4472 3013 4536 subiacent
3058 4470 3355 4547 vanitati,
3401 4479 3465 4535 et
3511 4480 3795 4553 pergunt
3831 4471 3903 4534 in
3937 4491 4142 4535 unum
4184 4471 4423 4558 locum.
4519 4475 4635 4540 De

2674 4564 2851 4620 terra
2893 4557 3065 4621 facta
3107 4565 3287 4634 sunt,
3344 4562 3411 4620 et
3464 4555 3534 4620 in
3591 4563 3838 4619 terram
3880 4560 4127 4640 pariter
4169 4567 4634 4626 revertuntur.

2674 4640 2842 4722 Quis
2875 4642 3062 4706 novit
3095 4662 3180 4705 an
3216 4641 3485 4723 spiritus
3527 4640 3812 4705 filiorum
3861 4642 4071 4708 Adam
4114 4642 4425 4709 ascendat
4470 4667 4636 4712 sur-

2672 4747 2836 4806 sum,
2861 4737 2928 4793 et
2946 4727 3213 4809 spiritus
3249 4727 3691 4790 iumentorum
3727 4725 4079 4793 descendat
4113 4728 4422 4794 deorsum
4457 4732 4638 4814 (Eo-

2672 4812 2821 4878 cles.
2872 4816 3035 4892 3,18
3069 4812 3196 4895 s.)?
3223 4810 3434 4892 ,Quid
3478 4814 3532 4875 si
3577 4833 3707 4876 uno
3751 4814 3950 4878 verbo
3975 4812 4282 4880 Solomon
4318 4815 4468 4897 ipse
4519 4818 4639 4883 hic

2671 4898 2807 4964 illis
2845 4897 3272 4980 respondeat?
3361 4897 3637 4962 Vanitas
3670 4900 4057 4979 vanitatum,
4097 4899 4255 4966 dicit
4287 4901 4637 4970 Ecclesia-

2810 5120 2870 5184 1)
2912 5115 3157 5172 Castalius
3189 5134 3355 5175 carm.
3392 5119 3441 5174 5.
3499 5119 3723 5177 Caetera
3755 5120 3954 5176 Ovidii.
4023 5122 4208 5176 Veram
4240 5093 4452 5191 gallica
4491 5124 4641 5182 haee

2671 5189 2856 5240 omnia
2889 5187 3100 5241 omittit.
