4984 5975
384 252 506 314 277

385 461 529 507 eam
563 440 881 521 ducimus,
925 458 1089 522 quae
1124 437 1276 503 talis
1305 437 1660 521 impietatis
1692 435 1991 504 mercede
2031 444 2330 504 constare

385 525 648 593 debeat:
694 531 973 591 mortem
1016 544 1100 589 ue
1145 522 1421 588 nimium
1464 522 2037 607 perhorrescimus,
2079 523 2137 588 si
2180 544 2329 607 gra-

384 613 534 678 vius
578 613 651 677 in
693 633 772 677 ea
816 544 1121 695 quiddam
1165 629 1306 675 esse
1349 616 1658 693 putamus
1673 659 1689 687 ,
1743 630 1939 693 quam
1992 609 2066 673 in
2119 608 2328 675 homi-

386 720 548 765 num
593 698 808 776 venia,
869 717 1033 779 quae
1088 715 1210 761 nos
1259 716 1481 761 coram
1522 695 1667 761 Deo
1710 694 1908 761 faciat
1957 694 2326 779 sacrilegos,

389 791 745 868 apostatas,
803 781 1114 865 perfidos,
1167 781 1562 864 proditores:
1609 782 1668 846 si
1710 802 1751 846 a
1793 779 2058 847 Christo
2104 780 2330 846 audire

384 869 745 947 malumne,
790 867 1095 951 indignos
1138 888 1281 933 esse
1323 888 1444 933 nos
1488 867 1599 951 qui
1643 866 1784 933 eius
1830 866 2133 949 discipuli
2176 887 2328 932 cen-

355 975 677 1033 seamur,
733 974 929 1038 quam
981 954 1062 1019 ab
1106 952 1508 1031 hominibus,
1562 972 1684 1018 nos
1742 973 1884 1019 esse
1939 952 2172 1036 dignos
2213 953 2328 1036 qui

378 1043 765 1106 moriamur:
837 1040 894 1104 si
949 1038 1100 1104 deni
1148 1059 1230 1104 ue
1284 1039 1422 1104 eius
1488 1038 1722 1103 timore
1785 1059 1969 1122 spem
2024 1045 2328 1104 aeternae

381 1127 556 1192 vitae
598 1126 1028 1211 resignamus.
1193 1124 1424 1189 inanes
1467 1123 1778 1209 gloriolae
1811 1132 2075 1189 nostrae
2107 1125 2326 1204 flatus,

382 1211 523 1277 sive
564 1212 763 1276 fidem
805 1212 895 1276 in.
917 1209 1263 1276 Christum
1314 1210 1663 1289 iactamus,
1717 1210 1855 1277 sive
1898 1230 2025 1294 quo
2076 1209 2201 1274 alio
2245 1211 2327 1274 ti-

380 1297 520 1362 tulo
562 1318 682 1363 nos
721 1295 1166 1363 venditamus!
1258 1296 1370 1360 An
1413 1316 1568 1362 vero
1624 1304 1885 1379 poetam
1938 1295 2157 1374 illum,
2218 1297 2329 1378 qui

378 1391 661 1449 mortem
691 1381 981 1448 terribile
1013 1379 1293 1448 ducebat
1322 1402 1464 1447 esse
1498 1381 1795 1461 exitium,
1831 1381 1904 1445 in
1936 1381 2153 1447 aliena
2186 1381 2327 1464 qui-

380 1467 534 1534 dem
573 1489 880 1553 persona,
939 1467 1054 1534 sed
1111 1488 1193 1532 ex
1248 1488 1368 1532 sua
1420 1468 1747 1534 sententia
1802 1466 2168 1532 exclamare
2210 1488 2327 1551 pa·

378 1555 656 1622 tiamur:
700 1554 799 1620 Us
843 1576 926 1620 ue
971 1553 1219 1619 adeone
1262 1554 1428 1617 mori
1473 1553 1787 1620 miserum
1832 1551 1973 1619 est?
2040 1552 2180 1618 Nos
2211 1574 2326 1618 au-

379 1648 518 1706 tem
561 1640 760 1706 verbo
872 1641 932 1705 ei
977 1639 1214 1718 edocti,
1272 1637 1444 1702 nihil
1501 1637 1716 1717 aliud,
1774 1659 1972 1723 quam
2027 1658 2147 1722 per
2187 1660 2328 1704 mo-

376 1736 808 1793 mentaneum
863 1724 1105 1791 doloris
1149 1745 1413 1790 sensum
1426 1776 1444 1804 ,
1514 1725 1586 1789 in
1628 1725 1834 1794 vitam
1889 1723 2329 1790 immortalem

380 1833 462 1879 ac
517 1813 769 1878 beatam
831 1813 1114 1898 quietem
1171 1812 1544 1896 ingressum
1600 1811 1814 1895 ipsam
1869 1831 2043 1891 esse,
2099 1817 2330 1877 contra

372 1897 909 1976 reclamabimus,
966 1898 1283 1962 miserum
1327 1918 1469 1962 esse
1511 1896 1724 1962 mori?
1815 1894 1877 1962 Ο
1924 1917 2041 1962 nos
2087 1896 2328 1980 septies

365 1984 666 2062 miseros,
751 2004 869 2048 uos
912 1983 1164 2050 cunetis
1199 1981 1583 2049 mortalibus
1626 1982 2151 2062 calamitosiores,
2194 1988 2329 2048 tes·

362 2075 557 2136 tatur
586 2070 688 2134 Pa
761 2090 838 2134 us
882 2069 948 2153 (l
989 2068 1139 2134 Oor.
1183 2073 1277 2146 15,
1323 2066 1431 2150 19)
1454 2119 1472 2148 ,
1519 2069 1574 2134 si
1608 2068 1974 2153 praesentis
2009 2065 2334 2133 duntaxat

364 2155 555 2222 vitae
597 2153 837 2222 fiducia
878 2153 1205 2222 nitamur!
1295 2154 1380 2219 In
1436 2152 1599 2233 alto,
1643 2154 1929 2238 inquies,
1965 2153 2334 2255 pinguique
2381 2191 2388 2268 Ι

367 2241 511 2307 otio
549 2239 774 2307 viriles
815 2240 974 2305 istos
1016 2239 1340 2328 igniculos
1383 2240 1597 2306 iacere
1641 2239 1833 2306 facile
1866 2240 1984 2306 tib1
2024 2239 2155 2305 esti
2198 2260 2332 2304 non
2381 2271 2388 2296 ι

1566 247 1695 314 DE
1741 247 2257 315 FUGIENDIS
2301 247 2784 317 IMPIORUM
2827 247 3179 317 SACRI&

4250 256 4376 319 278

2435 456 2623 514 secus
2667 458 2743 503 ae
2801 436 2882 503 de
2925 435 3092 504 bello
3146 439 3218 503 in
3265 439 3501 505 umbra
3550 438 4024 525 philosophari:
4076 448 4144 505 at
4197 441 4254 507 si
4310 443 4384 506 in

2434 544 2575 588 rem
2605 529 3019 606 praesentem
3052 530 3330 591 ventum
3358 524 3573 604 suerit,
3621 525 3814 591 aliter
3847 527 4108 592 sentias.
4170 527 4380 612 Equi-

2434 606 2585 673 dem
2627 630 3001 693 quanquam
3042 608 3239 693 longe
3279 609 3553 675 meliora
3595 608 3677 675 de
3720 611 3861 676 eius
3893 611 4184 695 bonitate
4217 612 4382 678 mihi

2431 694 2759 778 polliceor,
2797 694 2981 761 cuius
3022 695 3265 761 virtute
3299 696 3520 761 omnia
3554 717 3918 780 possumus,
3976 718 4098 762 nec
4134 696 4379 778 dubito,

2432 801 2821 864 quocunque
2862 801 2969 845 me
3013 779 3284 846 tandem
3324 782 3702 848 certaminis
3747 782 4125 849 discrimine
4163 784 4392 866 impli-

2432 866 2570 932 cari
2611 866 2999 948 permiserit,
3045 867 3204 949 quin
3247 866 3561 948 eundem,
3604 889 3799 952 quem
3845 868 4026 935 dedit
4067 868 4379 949 animum,

2432 950 2518 1016 ad
2551 958 2926 1017 extremum
2947 973 3156 1036 usque
3194 953 3498 1036 spiritum
3531 955 3619 1019 sit
3654 957 4191 1021 confirmaturus:
4229 955 4380 1021 nolo

2430 1044 2656 1103 tamen
2699 1038 2770 1101 in
2813 1058 2922 1102 me
2965 1038 3186 1104 oculos
3225 1038 3546 1105 coniicias.
3614 1039 3767 1105 Non
3801 1043 3976 1106 enim
4012 1062 4091 1106 ea
4125 1040 4241 1105 tibi
4277 1062 4382 1107 so-

2429 1122 2574 1188 lum
2613 1142 2924 1206 propono,
2970 1145 3137 1207 quae
3177 1124 3251 1188 in
3294 1125 3631 1191 umbratili
3673 1148 3820 1192 mea
3862 1128 4077 1212 quiete
4118 1147 4381 1192 mecum

2432 1209 2560 1274 sim
2601 1207 2983 1275 meditatus:
3031 1207 3147 1275 sed
3189 1231 3354 1293 quae
3398 1211 3522 1276 sibi
3568 1232 3823 1295 semper
3857 1213 3929 1278 in
3966 1211 4200 1277 mediis
4235 1234 4383 1279 cru-

2431 1293 2633 1373 cibus,
2680 1295 2960 1379 ignibus,
3006 1295 3297 1360 ferarum
3340 1295 3621 1363 lanienis
3635 1349 3654 1378 ,
3700 1299 4115 1366 subiecerunt
4157 1299 4383 1364 invicti

2429 1380 2558 1445 Dei
2599 1387 2943 1465 martyres.
3014 1379 3314 1461 Quorum
3348 1382 3796 1449 recordatione
3831 1385 3960 1451 nisi
3995 1406 4136 1450 sese
4170 1385 4385 1451 aeuis-

2434 1472 2617 1544 sent,
2677 1472 3012 1532 aeternam
3054 1467 3184 1532 Dei
3225 1469 3599 1550 veritatem,
3662 1475 3809 1549 [pag.
3848 1475 3957 1550 44]
4014 1491 4214 1553 quam
4265 1491 4383 1537 suo

2433 1552 2755 1636 sanguine
2778 1551 3035 1617 sortiter
3063 1552 3517 1655 obsignarunt,
3548 1556 3811 1656 perfide,
3850 1553 4020 1621 dioto
4053 1556 4244 1656 citius
4272 1554 4386 1622 ab·

2432 1644 2839 1790 ἓὲἕὲξΐέἓθ
2875 1638 3436 1807 ἓζὲἓρίΐῖιὲξῗὲ
3458 1641 4069 1810 ἓωέἓιῖῗῗὲἓὲ
4090 1649 4386 1794 xm

2434 1808 2814 1876 deseramus
2828 1860 2845 1889 ,
2900 1830 3097 1900 quam
3152 1810 3246 1878 sic
3299 1817 3607 1880 testatam
3650 1815 4226 1899 consignatamque
4270 1836 4384 1882 no-

2431 1894 2535 1959 bis
2587 1892 3029 1962 tradiderunt:
3087 1895 3203 1962 sed
3248 1904 3458 1964 artem
3501 1897 3890 1980 docuerunt,
3948 1922 4077 1984 qua
4114 1899 4385 1965 Domini

2633 1980 2646 1994 ’
2701 1981 2738 1995 ”’
2818 1981 2988 2062 freti,
3029 1983 3570 2068 inexpugnabiles
3614 1993 3845 2053 contra
3887 1991 4092 2050 totam
4135 1986 4382 2064 mortis,

2433 2066 2696 2145 inferni,
2742 2067 2989 2147 mundi,
3037 2065 3324 2136 Satanae
3370 2071 3571 2138 aciem
3608 2072 4055 2138 consistamus.
4118 2071 4302 2138 Vale.
4332 2072 4383 2158 ¹)

2576 2252 2636 2320 1)
2673 2253 2835 2323 Vale,
2872 2253 3018 2310 aocet
3047 2255 3113 2310 in
3146 2254 3236 2337 ed.
3256 2257 3529 2327 principe.

2193 2408 2224 2462 l
2260 2408 2453 2464 Petri
2485 2407 2547 2463 2:

362 2496 491 2552 Vos
527 2495 658 2551 estis
691 2511 861 2564 genus
898 2496 1157 2567 electum,
1193 2497 1376 2567 regale
1423 2495 1809 2564 sacerdotium,
1858 2510 1990 2618 garing
2021 2500 2387 2618 &amman

2341 2491 2976 2619 οριιιιιέἓωαςὲιιζιξιίἶόοιιίε,
3025 2501 3084 2551 ut
3130 2496 3356 2552 virtutes
3393 2499 3655 2553 enarretis
3692 2496 3861 2568 illius,
3908 2498 4000 2567 qui
4036 2511 4135 2553 vos
4171 2455 4386 2553 vocavit

2445 2580 2480 2618 u

3878 5242 3974 5296 18*
