4984 5975
416 251 543 312 505

412 443 592 501 rant.
662 433 799 501 Sed
841 434 951 501 hie
994 434 1188 500 homo
1228 440 1344 512 [fol.
1390 440 1499 514 47]
1544 436 1793 518 peccati
1829 442 1897 501 et
1938 435 2011 499 in
2042 434 2376 501 veteribus

413 520 551 587 illis
593 520 926 603 nequitiae
966 520 1236 587 latebris
1279 519 1494 587 01111110
1514 541 1781 604 00111010
1813 529 1883 586 01
1926 521 2146 586 01111110
2187 540 2376 602 11101-

424 627 542 673 sus
597 605 939 672 demersus
1006 613 1106 672 est
1120 658 1135 685 ,
1192 605 1496 672 tenebras
1563 628 1818 691 quoque
1870 605 2019 672 illas
2071 606 2374 685 somniat,

372 704 385 716 “
416 692 657 777 quibus
699 690 1024 756 mundum
1080 700 1567 774 excaecaverat,
1621 694 1841 776 itaque
1867 760 1872 763 ,
1896 691 2210 776 quidquid
2256 712 2374 755 an-

420 778 641 846 nuerit
675 785 744 843 et
785 778 1115 861 principes
1158 786 1227 842 et
1264 778 1423 843 alios
1469 780 1691 846 statim
1727 777 2089 845 credituros
2134 784 2369 861 sperat.

419 865 527 930 De
564 863 879 947 religione
921 863 1081 947 quid
1122 863 1378 928 dicam?
1467 865 1640 931 Nam
1690 866 1747 930 si
1791 872 1859 929 et
1898 863 2140 930 fiducia
2179 864 2372 927 timo-

415 970 618 1033 reque
658 947 789 1015 Dei
831 955 1084 1015 constat
1123 970 1284 1015 vera
1321 949 1550 1034 religio
1592 964 1661 1016 et
1703 972 1787 1016 ex
1820 971 1981 1018 vera
2023 949 2164 1014 eius
2203 948 2372 1013 noti-

280 1085 287 1091 .
417 1036 514 1100 tia
554 1036 864 1115 nascitur,
902 1034 1136 1118 quibus
1172 1037 1579 1120 argumentis
1620 1056 1692 1101 se
1726 1035 1933 1101 fidum
1974 1036 2116 1101 eius
2157 1041 2371 1102 custo-

419 1119 569 1186 dem
608 1120 912 1187 ostendet
942 1120 1157 1205 papa?
1204 1129 1271 1186 et
1314 1122 1459 1205 quis
1496 1122 1841 1189 coelestem
1887 1120 2070 1187 illam
2111 1121 2370 1203 sapien-

416 1207 599 1287 tiam,
645 1227 815 1290 quae
858 1206 989 1271 Dei
1046 1207 1326 1274 oraculis
1369 1208 1771 1285 continetur,
1828 1207 1935 1273 vel
1979 1204 2368 1284 aboleverat,

415 1293 526 1359 vel
554 1292 913 1359 christiano
941 1293 1179 1375 populo
1203 1292 1608 1359 abstulerat?
1667 1291 1836 1376 Quis
1876 1292 1960 1358 ab
2003 1293 2199 1357 unius
2238 1291 2372 1358 Dei

415 1379 791 1445 reverentia
831 1377 1220 1461 divinaeque
1261 1379 1429 1463 legis
1468 1377 1898 1459 observantia,
1943 1377 2028 1443 ad
2071 1378 2371 1462 tyranni-

418 1463 522 1530 dis
558 1483 717 1530 suae
759 1463 1145 1547 obsequium
1181 1464 1479 1530 homines
1516 1463 1920 1531 abduxerat?
1983 1463 2150 1546 Quis
2184 1474 2370 1528 men-

416 1560 519 1616 tes
557 1549 904 1615 hominum
958 1550 1029 1614 in
1080 1558 1431 1616 extraneas
1487 1550 1763 1617 fiducias
1817 1571 2090 1633 spesque
2143 1549 2371 1614 inanes

425 1634 849 1702 distrahendo
901 1656 1163 1701 omnem
1217 1634 1371 1701 fidei
1430 1637 1875 1718 sinceritatem
1941 1634 2367 1718 corruperat?

420 1721 575 1787 Non
616 1728 719 1787 est
762 1719 1045 1787 difficilis
1067 1722 1422 1805 responsio,
1465 1722 1582 1789 ubi
1625 1723 1846 1805 palam
1880 1729 1982 1786 est
2026 1741 2147 1787 nec
2192 1718 2371 1785 aliud

418 1808 632 1892 magis
685 1828 925 1892 urgere
979 1815 1417 1890 protestantes
1475 1828 1672 1891 quam
1712 1818 1788 1872 ut
1830 1807 2193 1874 Christiani
2232 1825 2372 1870 om-

412 1913 534 1959 nes
579 1900 649 1958 et
701 1913 772 1958 se
815 1891 1163 1976 discipulos
1205 1894 1336 1958 Dei
1391 1915 1531 1960 esse
1573 1895 1997 1960 meminerint
2047 1899 2116 1958 et
2157 1893 2229 1956 in
2272 1892 2372 1974 ip-

416 1980 552 2045 sius
589 1977 812 2045 schola
844 1977 1057 2044 indies
1091 1981 1405 2062 proficere
1440 1979 1748 2045 studeant
1761 2004 1776 2060 ;
1814 2000 2010 2062 quam
2046 1988 2120 2043 ut
2140 1976 2371 2043 Chris-

415 2071 525 2130 tus
565 2086 738 2131 unus
780 2065 1096 2148 magister
1137 2084 1212 2131 ac
1256 2064 1589 2150 legislator
1627 2065 1954 2142 audiatur,
2011 2064 2186 2130 solus
2229 2064 2371 2147 ipse

416 2150 681 2235 plenam
723 2148 998 2216 docendi
1040 2149 1434 2233 iubendique
1469 2152 1884 2216 autoritatem
1920 2150 2161 2216 habeat
2172 2173 2189 2229 ;
2225 2149 2372 2233 qui-

417 2256 675 2319 cunque
728 2236 868 2301 eius
919 2236 1283 2302 ministerio
1326 2237 1721 2321 funguntur,
1780 2237 1901 2303 sub
1945 2237 2085 2302 eius
2126 2236 2371 2319 magis-

416 2321 583 2387 terio
619 2343 689 2387 se
733 2321 1142 2401 contineant;
1186 2342 1386 2406 quam
1429 2330 1505 2388 ut
1545 2342 1772 2390 omnes
1805 2322 2113 2387 mortales
2147 2327 2214 2387 et
2247 2319 2372 2385 sibi

416 2407 576 2557 18010
621 2413 689 2472 01,
730 2406 1035 2473 omnibus
1063 2407 1295 2473 ahenis
1331 2408 1593 2474 auxiliis
1637 2408 1833 2474 diffisi
1877 2417 2081 2475 totam
2124 2409 2197 2471 in
2238 2427 2370 2471 uno

479 2492 687 2559 bristo
730 2491 1038 2559 fiduciam
1082 2492 1366 2559 defixam
1408 2494 1715 2573 habeant,
1760 2495 1832 2559 in
1875 2515 1954 2560 ea
1986 2493 2369 2570 consistant,

418 2600 502 2644 ne
556 2578 696 2644 ulla
750 2579 820 2644 vi
877 2577 1210 2644 dimovere
1265 2601 1335 2645 se
1392 2579 1548 2645 inde
1592 2581 1832 2645 sinant.
1921 2580 2106 2646 Haec
2149 2578 2372 2643 omnia

418 2671 639 2729 autem
682 2671 869 2729 tanto
912 2664 1188 2744 fervore,
1233 2672 1435 2730 tanta·
1459 2666 1832 2744 acerbitate,
1878 2673 2063 2729 tanta
2106 2665 2285 2730 rabie
2330 2683 2370 2727 a

414 2769 583 2834 papa
633 2750 1038 2833 impugnari,
1097 2761 1173 2815 ut
1215 2752 1371 2816 satis
1414 2759 1749 2835 appareat,
1793 2752 2014 2835 ipsum
2055 2771 2175 2834 pro
2215 2751 2366 2829 aris,

415 2843 492 2900 ut
533 2835 791 2916 dicitur,
837 2845 906 2900 et
946 2836 1105 2902 focis
1149 2835 1472 2903 dimicare.
1552 2838 1658 2902 Ita
1701 2858 1859 2903 sane
1903 2844 2003 2902 est
2043 2826 2196 2919 quia
2236 2857 2367 2900 non

416 2921 594 2988 aliud
647 2942 926 3007 regnum
985 2943 1055 2988 se
1120 2922 1361 2990 habere
1418 2923 1544 2990 sibi
1608 2925 1909 2991 conscius
1959 2931 2094 3001 001,
2170 2942 2367 3007 0110111

418 3007 590 3091 011οᾶ
640 3006 922 3074 nefando
966 3009 1303 3094 sacrilegio
1349 3019 1649 3094 ereptum
1695 3008 1965 3075 Christo
2019 3007 2144 3074 sibi
2186 3029 2366 3073 arro·

497 3094 628 3175 vit3
670 3100 932 3159 tantum
976 3093 1101 3159 sibi
1143 3095 1440 3180 deperire
1483 3095 1679 3175 videt,
1725 3104 2045 3179 quantum
2079 3094 2364 3174 honoris,

415 3116 782 3265 ffgmtafis,
840 3181 1172 3264 potentiae
1226 3179 1492 3248 Christo
1554 3183 1682 3265 ipsi
1732 3181 2064 3247 tribuitur.
2162 3181 2363 3264 Ergo,

415 3287 499 3331 ne
540 3286 742 3351 quam
785 3265 866 3330 de
921 3267 1066 3332 istis
1108 3267 1504 3333 Antichristi
1547 3267 1934 3351 corruptelis
1975 3265 2365 3349 particulam

416 3358 778 3436 repurgent
820 3354 1118 3436 germani
1161 3353 1510 3436 principes,
1554 3354 1769 3437 potius
1805 3365 1873 3417 et
1906 3352 2189 3436 patriam
2224 3359 2364 3416 tur-

419 3438 587 3502 cicae
640 3436 1011 3504 crudelitati
1064 3440 1371 3504 atrociter
1412 3437 1801 3505 vastandam
1854 3436 2140 3523 prodant
2182 3444 2250 3501 et
2293 3457 2364 3501 se

416 3524 587 3606 ipsos
653 3525 723 3587 in
787 3524 1232 3589 voluntarium
1297 3525 1687 3608 supplicium
1754 3524 2014 3589 dedant.
2124 3523 2217 3587 Et
2276 3543 2364 3586 ne

416 3608 572 3692 quid
627 3609 1071 3692 impudentiae
1126 3610 1451 3693 reliquum
1508 3612 1730 3689 faciat,
1790 3610 1990 3676 audet
2032 3631 2104 3674 os
2150 3610 2363 3691 impu-

416 3716 589 3773 rum,
648 3695 861 3780 primo
903 3695 977 3759 in
1021 3693 1290 3761 dubium
1330 3714 1564 3763 vocare
1607 3697 1741 3761 utri
1792 3697 1929 3761 sint
1972 3696 2364 3759 inimiciores

416 3780 713 3860 Christo,
769 3789 1210 3866 protestantes
1256 3804 1342 3846 an
1386 3783 1670 3861 Turcae,
1730 3780 1965 3847 deinde
2013 3782 2209 3846 etiam
2256 3778 2364 3844 de-

416 3867 603 3933 finire
656 3866 804 3932 illos
848 3887 990 3932 esse
1043 3866 1265 3933 hostes
1319 3869 1568 3933 nomini
1610 3868 1965 3933 christiano
2007 3876 2072 3932 et
2113 3866 2364 3948 priores

416 3960 481 4018 et
533 3953 957 4019 nocentiores.
1060 3950 1239 4033 911111
1293 3952 1447 4019 huic
1511 3959 1804 4018 monstro
1858 3951 2099 4019 facias?
2190 3950 2364 4017 Oen-

416 4039 735 4104 tendasne
779 4038 1142 4104 rationibus
1185 4039 1279 4102 sic
1318 4046 1751 4122 prosternere,
1799 4045 1877 4103 ut
1916 4038 2166 4122 pudore
2209 4058 2364 4103 con-

414 4126 632 4191 fusum
676 4125 938 4208 penitus
972 4124 1418 4191 obmutescat?
1486 4123 1622 4190 Sed
1666 4123 1821 4209 quid
1854 4124 2153 4209 proficies
2189 4119 2365 4206 apud

419 4211 797 4294 desperatae
836 4209 1341 4277 inverecundiae
1385 4210 1705 4276 bestiam?
1755 4232 1843 4275 an
1885 4211 2096 4294 magis
2141 4208 2362 4292 eligas,

417 4308 682 4363 ostensa
724 4295 941 4379 palam
984 4296 1128 4362 eius
1183 4295 1585 4379 turpitudine
1639 4296 1853 4362 facere
1904 4302 2100 4379 prout
2154 4315 2364 4359 mere-

419 4392 544 4461 tur,
589 4392 667 4447 ut
708 4383 794 4447 sit
837 4382 1140 4448 omnibus
1184 4381 1330 4447 odio
1366 4390 1434 4447 et
1467 4381 1943 4448 exsecrationi?
2014 4379 2230 4460 Quam
2267 4380 2363 4444 fa-

415 4468 537 4535 cile
576 4466 647 4532 id
688 4468 875 4547 foret,
921 4470 977 4533 si
1020 4468 1315 4533 omnium
1356 4487 1548 4533 aures
1591 4467 1676 4533 ad
1710 4466 2107 4533 audiendum
2143 4472 2369 4531 essent

418 4564 690 4620 erectae.
794 4553 967 4618 Nam
1020 4555 1075 4620 si
1121 4576 1197 4620 ea
1240 4574 1369 4637 qua
1425 4552 1610 4618 decet
1661 4553 1977 4618 orationis
2035 4552 2365 4636 gravitate

416 4662 490 4706 00
531 4638 951 4705 vehementia
992 4640 1370 4722 explicetur,
1417 4660 1614 4723 quam
1647 4637 2004 4703 miserabili
2048 4637 2365 4705 servitute

416 4726 670 4792 animas
726 4726 1013 4790 tenuerit
1066 4736 1131 4789 et
1187 4725 1401 4792 adhuc
1444 4733 1665 4791 teneat
1702 4725 1994 4807 captivas
2050 4743 2363 4788 romanus

418 4812 709 4895 pontifex
723 4862 739 4889 ,
793 4817 952 4892 quot
992 4810 1379 4893 laqueorum
1431 4813 1802 4893 retiumque
1858 4809 2208 4894 generibus
2254 4828 2363 4874 eas

414 4899 636 4963 trahat
670 4902 784 4977 [fol.
810 4901 920 4976 48]
964 4898 1035 4960 in
1071 4897 1363 4974 exitium,
1399 4898 1636 4981 quibus
1669 4896 2178 4979 inquinamentis
2211 4915 2361 4978 pro·

419 4984 746 5049 sanaverit
796 4980 1134 5066 religionis
1186 4990 1449 5046 nostrae
1504 4984 1855 5065 puritatem
1869 5034 1883 5059 ,
1940 5000 2137 5064 quam
2179 4980 2361 5044 nefa-

418 5070 532 5136 riis
575 5067 935 5134 mendaciis
975 5065 1108 5132 Dei
1149 5066 1495 5131 veritatem
1536 5068 1931 5147 obscurarit,
1987 5088 2184 5151 quam
2236 5066 2362 5130 im-

417 5156 526 5239 pio
590 5156 813 5221 furore
869 5160 1316 5219 renascentem
1382 5151 1575 5218 hodie
1638 5161 2099 5237 persequatur,
2164 5170 2363 5236 quam

1906 243 2429 313 CONSILIUM
2469 243 2760 312 PAULI
2802 241 2929 310 ΠΙ.

4305 252 4430 316 506

2479 433 2800 500 scelerata
2840 431 3113 497 audacia
3156 439 3384 498 sancta
3418 430 3548 496 Dei
3590 433 3909 516 mysteria
3950 436 4020 499 in
4063 436 4322 502 foedam
4363 443 4434 505 et

2477 519 2823 601 profanam
2885 516 3428 583 nundinationem
3498 520 3917 599 converterit,
3998 520 4269 588 dubium
4333 529 4436 590 est

2478 604 2727 672 scilicet
2770 605 2928 688 quin
2971 611 3150 670 totus
3176 602 3481 682 mundus,
3528 610 3606 668 ut
3621 602 4024 687 ipsissimum
4057 608 4466 676 Antichris-.

2478 697 2623 755 111111
2683 698 2750 754 01
2809 689 3047 755 diaboli
3092 690 3428 767 vicarium,
3489 711 3640 754 cum
3694 693 4046 774 apostatica
4102 715 4223 759 sua
4278 694 4434 762 sede

2480 776 2640 840 diris
2683 775 2986 840 omnibus
3031 775 3367 841 devoveat.
3458 773 3637 854 Quid
3695 777 3751 840 si
3795 778 3970 843 vitae
4024 780 4429 861 pontificum,

2478 863 2593 946 qui
2626 860 3123 946 quadringentis
3174 861 3497 926 continuis
3544 862 3737 928 annis
3780 863 4204 948 tyrannidem
4243 886 4432 931 exer-

2478 955 2775 1026 cuerunt,
2822 947 3106 1012 fideliter
3146 948 3227 1012 ob
3272 947 3490 1013 oculos
3532 948 3905 1030 ponantur?
3995 947 4174 1032 Quid
4218 952 4273 1016 si
4315 951 4436 1018 illa

2477 1032 2658 1100 dictu
2701 1031 3061 1116 audituque
3105 1032 3462 1109 horrenda,
3508 1053 3701 1098 omne
3746 1055 3953 1119 genus
3996 1036 4286 1104 facinora
4327 1058 4434 1103 10-

2473 1119 2904 1185 censeant-ur?
2994 1117 3176 1199 911111
3226 1120 3284 1184 01
3335 1117 3654 1183 hodierna
3697 1118 4021 1186 duntaxat
4061 1122 4283 1188 curiae
4325 1144 4433 1190 ro-

2474 1226 2712 1270 manae
2756 1205 2950 1270 facies
2994 1203 3410 1286 proferatur?
3459 1226 3544 1269 an
3588 1205 3714 1270 erit
3754 1205 3892 1271 ulla
3934 1216 4123 1273 tanta
4163 1208 4272 1274 vel
4313 1230 4432 1291 pa-

2475 1292 2709 1355 tientia
2743 1290 2850 1356 vel
2887 1289 3254 1372 stupiditas,
3290 1310 3456 1373 quae
3492 1311 3625 1356 non
3661 1301 3954 1357 extrema
3974 1292 4431 1378 indignatione

2475 1374 2789 1441 ebulliat?
2882 1375 3014 1442 Sed
3060 1377 3215 1459 quia
3259 1386 3326 1441 et
3369 1397 3559 1442 aures
3603 1385 3669 1441 01
3701 1378 3872 1444 001111
3904 1377 4132 1443 multis
4173 1380 4428 1462 desunt,

2473 1483 2595 1527 1100
2640 1461 2876 1545 ubique
2930 1462 3112 1528 locus
3156 1460 3374 1543 datur,
3394 1460 3637 1526 liberae
3680 1463 3977 1543 veritati,
4034 1466 4435 1532 conscientia

2473 1548 2739 1612 interim
2783 1555 3014 1613 nostra
3057 1555 3122 1613 et
3163 1546 3483 1613 bonorum
3527 1549 3820 1613 omnium
3864 1549 4238 1616 testimonio
4278 1573 4432 1618 con-

2474 1635 2638 1698 tenti
2686 1634 2909 1712 simus,
2954 1654 3163 1717 usque
3216 1632 3373 1698 dum
3408 1655 3669 1699 omnem
3717 1635 3915 1701 istam
3959 1635 4309 1722 caliginem
4354 1659 4430 1704 ac

2473 1719 2732 1804 fumum
2755 1719 3080 1785 Dominus
3114 1718 3367 1803 fulgore
3399 1719 3627 1786 vultus
3663 1721 3765 1785 sui
3804 1720 4128 1788 discutiat.
4203 1722 4432 1804 Quan-

2473 1824 2672 1887 quam
2717 1825 2838 1870 nec
2882 1813 2993 1870 eo's
3044 1805 3246 1888 ipsos,
3293 1805 3404 1890 qui
3449 1814 3607 1872 sunt
3640 1806 3782 1872 eius
3825 1808 4196 1892 praestigiis
4238 1808 4432 1875 fasci-

2473 1892 2636 1970 nati,
2682 1890 2790 1956 vel
2833 1890 2905 1954 in
2948 1890 3237 1956 tenebris
3281 1890 3518 1974 quibus
3564 1891 3857 1958 obvoluti
3902 1902 4058 1958 sunt
4098 1892 4277 1975 latet,
4321 1913 4430 1959 10-

2475 1997 2742 2041 manam
2787 1975 3040 2042 curiam
3085 1977 3178 2042 sic
3221 1978 3401 2042 omni
3446 1977 3766 2043 scelerum
3812 1999 4053 2063 genere
4097 1979 4427 2061 refertam,

2473 2070 2553 2126 ut
2596 2068 3009 2145 contemptus
3043 2062 3173 2127 Dei
3219 2070 3287 2127 et
3328 2064 3496 2127 meri
3530 2063 3899 2130 lucianismi
3935 2071 4004 2130 et
4038 2066 4430 2149 epicurismi,

2474 2167 2673 2229 quam
2714 2147 3109 2214 christianae
3151 2148 3415 2231 pietatis
3458 2148 3681 2214 schola
3719 2149 3948 2217 haberi
3988 2153 4211 2232 possit.

2579 2275 2590 2286 Ι
2652 2318 3240 2384 Reverendissimus
3284 2321 3520 2404 legatus
3575 2325 3665 2385 est
3703 2320 3899 2386 huius
3937 2322 4302 2404 sententiae,
4359 2328 4430 2388 ut

2473 2403 2803 2470 concilium
2868 2409 3009 2470 ante
3069 2406 3278 2470 omnia
3343 2411 3771 2471 convocaretur
3835 2412 3891 2472 et
3939 2406 4263 2473 celebretur
4318 2408 4429 2476 hoc

2472 2509 2653 2554 anno.

2593 2597 2598 2612 ’
2646 2607 2871 2690 91111111
2911 2611 3017 2675 1110
3062 2608 3184 2675 sibi
3229 2619 3492 2695 arroget
3535 2610 3865 2677 indicendi
3907 2611 4165 2678 concilii
4206 2616 4424 2696 ponti-

2472 2697 2582 2759 fex
2598 2747 2614 2774 ,
2673 2693 2829 2778 quid
2875 2695 3224 2761 Gaesarem
3285 2696 3366 2761 de
3426 2696 3779 2762 indictione
3844 2696 4093 2763 frustra
4145 2699 4422 2783 fatigat?

2470 2780 2707 2845 Faciat
2749 2782 2889 2864 ipse
2932 2781 3105 2864 quod
3147 2783 3349 2848 iactat
3382 2783 3484 2847 sui
3519 2804 3660 2848 esse
3703 2784 4022 2866 muneris,
4053 2805 4177 2851 nec
4221 2783 4425 2851 Oaro-

2469 2866 2576 2931 lus
2609 2867 2972 2951 Augustus,
3009 2888 3131 2933 nec
3165 2865 3628 2933 Ferdinandus
3663 2867 3910 2934 Caesar
3941 2870 4421 2954 repugnabunt.

2472 2950 2656 3034 Quid
2697 2972 2856 3052 ergo
2900 2959 3113 3020 cessat
3153 2953 3366 3019 facere
3384 3006 3398 3031 ,
3459 2961 3740 3038 utroque
3783 2954 4184 3038 approbante
4226 2963 4424 3041 atque

2470 3040 2670 3104 etiam
2691 3038 3063 3118 adiuvante,
3144 3038 3274 3104 uod
3308 3040 3468 3107 adeo
3503 3043 3947 3106 necessarium
3981 3043 4214 3124 putat?
4276 3043 4422 3109 Imo

2469 3122 2626 3223 011111
2682 3125 2890 3190 veluti
2945 3147 3064 3208 per
3100 3060 3477 3191 ¹ludibrium
3533 3125 3616 3191 ab
3669 3127 3829 3211 ipsis
3874 3127 4066 3210 petit,
4124 3127 4299 3211 quod
4350 3130 4425 3194 in

2465 3231 2759 3294 ipsorum
2800 3217 3125 3294 potestate
3167 3232 3308 3277 esse
3351 3211 3592 3296 negat?
3680 3213 3935 3295 Nempe
3976 3220 4053 3277 ut
4093 3215 4306 3298 magis
4349 3235 4426 3281 ac

2468 3296 2682 3379 magis
2723 3304 2962 3378 pateat,
3003 3293 3174 3380 quod
3215 3298 3351 3362 iam
3394 3297 3586 3362 toties
3612 3298 3899 3364 diximus
3943 3298 4129 3364 inani
4170 3300 4426 3366 concilii

2469 3381 2737 3445 nomine
2771 3382 2989 3446 fucum
3027 3382 3258 3463 faeere,
3297 3383 3454 3466 quia
3487 3383 3630 3449 sine
3665 3384 3880 3449 colore
3912 3382 4131 3467 aliquo
4165 3384 4424 3450 obstare

2469 3467 2725 3549 nequit,
2784 3488 2871 3532 ne
2912 3474 3239 3533 conventu
3283 3467 3363 3534 110
3407 3467 3724 3551 religione
3766 3468 3991 3534 h‘abito
4044 3468 4422 3552 germanica

2468 3552 2648 3617 natio
2693 3552 2891 3617 saluti
2934 3574 3089 3617 suae
3132 3554 3448 3619 consulat.

2641 3721 2730 3787 Et
2781 3724 2849 3787 in
2904 3725 3290 3789 conventibus
3348 3724 3730 3790 Germaniae
3787 3723 3949 3788 nihil
3998 3726 4075 3788 de
4127 3725 4420 3808 reliyione

2468 3813 2788 3887 tractetur,
2840 3814 2913 3873 ut
2959 3810 3180 3891 foedus
3233 3810 3667 3876 catholicorum
3707 3815 4012 3892 auyeatur
4055 3816 4112 3876 et
4149 3810 4422 3878 corrobo—

2468 3900 2642 3959 retur
2651 3918 2673 3975 ;
2714 3899 2785 3959 ut
2827 3914 2895 3958 eo
2933 3894 3176 3977 foedere
3214 3902 3391 3962 aucto
3433 3899 3847 3978 protestantes
3889 3896 4171 3962 omibus
4210 3898 4419 3963 modis

2469 3980 2555 4045 ad
2599 3985 2717 4061 [fol.
2752 3985 2858 4058 49]
2905 3981 3290 4047 concordiam
3332 3982 3714 4047 alliciantur.
3787 3980 4054 4047 Interim
4095 4002 4235 4048 vero
4278 4003 4419 4048 cou-

2468 4066 2762 4135 cludatur
2826 4086 2966 4131 cum
3028 4087 3067 4130 r
3137 4088 3169 4133 e
3231 4067 3562 4133 Gallorum
3627 4073 3682 4132 et
3734 4067 4110 4151 eolliyantur
4164 4068 4417 4133 auxilia

2469 4154 2754 4219 omnibus
2807 4173 2882 4217 cx
2912 4155 3067 4233 part
3247 4158 3455 4219 contra
3506 4154 3795 4218 Turcam.
3883 4152 4078 4219 Illud.
4114 4154 4302 4219 etiam
4343 4154 4416 4217 in
4511 4228 4518 4239 ι

2465 4238 2592 4321 fine
2634 4259 2760 4304 non
2801 4239 3198 4304 omittendum
3237 4244 3356 4305 est.-
3397 4240 3557 4320 quod
3602 4245 3931 4320 antequam
3976 4238 4205 4320 Spirae
4256 4245 4417 4305 trac-

2470 4330 2639 4390 tatus
2680 4323 3038 4389 amicabiles
3068 4325 3482 4406 perficiantur
3536 4330 3590 4388 et
3642 4324 3960 4389 auxilium
4001 4325 4259 4406 imperii
4290 4330 4417 4391 sta-

2470 4411 2746 4489 biliatur,
2774 4409 3055 4490 elapsum
3095 4412 3215 4474 erit
3241 4414 3480 4490 tempus
3500 4411 3857 4477 occurrendi
3889 4410 3999 4475 hoc
4033 4430 4198 4476 anuo
4250 4411 4419 4476 Tur-

2468 4516 2576 4562 eae
2590 4547 2606 4574 ‚
2662 4501 2719 4561 et
2762 4515 2925 4560 auno
2967 4496 3240 4577 sequenti
3292 4496 3596 4579 negotium
3638 4496 3875 4577 auxilii
3910 4494 4156 4577 serendi
4184 4496 4414 4577 poterit

2466 4582 2694 4647 melius
2735 4582 2998 4646 tractari
3038 4581 3461 4648 communibus
3493 4582 3666 4660 voti-3,
3706 4587 3916 4647 contra
3948 4581 4254 4648 homnem
4287 4583 4411 4646 iui-

2466 4668 2714 4732 micum.
2803 4666 2884 4731 Iu
2929 4667 3033 4730 his
3087 4671 3287 4730 tamen
3333 4667 3615 4733 munibus
3656 4666 3994 4749 praefatus
4034 4668 4414 4733 reverendis-

2466 4774 2611 4819 mus
2660 4752 2895 4835 leyatus
2949 4752 3205 4816 remittit
3254 4773 3317 4816 se
3366 4752 3679 4836 sinyulari
3718 4753 4097 4834 prudentiae
4148 4753 4414 4819 serenis·

2464 4842 2780 4906 simarum
2831 4840 3232 4903 maiestatum
3272 4859 3562 4918 suarum,
3619 4838 3846 4920 quibus
3897 4839 4106 4903 omnia
4144 4837 4412 4919 feliciter

2463 4926 2804 5008 0011111190νο
2842 4928 3024 5004 optat.

2636 5061 2924 5126 Valeant
2990 5061 3196 5144 igitur
3259 5061 3854 5145 superstitiosorum
3918 5056 4260 5122 hominum
4325 5057 4407 5123 de

2467 5148 2776 5217 ecclesiae
2832 5145 3203 5264 calamitate
3258 5147 3557 5230 querelae
3571 5199 3588 5227 ,
3635 5146 3716 5210 de
3756 5142 4136 5209 idololatriis
4178 5164 4405 5225 super-
