4984 5975
616 309 743 372 471

1755 490 1770 505 ο
1824 491 1839 510 t
1896 490 1911 505 ο
1966 491 1980 506 α

800 496 1157 564 Caeterum
1200 492 1372 578 qued
1414 511 1551 558 nen
1592 510 1817 557 emma
1859 489 2199 576 sigillatim
2239 509 2591 588 recensue-

628 588 819 662 runt,
920 601 1043 647 uae
1097 578 1206 647 vel
1245 579 1321 643 in
1363 576 1690 657 doctrina,
1746 575 1855 644 vel
1897 576 1972 641 in
2014 575 2242 642 ordine
2284 596 2361 641 ac
2395 574 2590 641 disci·

631 669 819 754 plina
968 666 1135 732 ‘ctae
1167 662 1595 750 perditaeque
1630 662 1943 731 ecclesiae
1972 661 2451 741 desiderabant,
2473 682 2589 728 cu-

630 756 739 821 ius
771 752 1140 854 ‘aequitatis
1189 750 1366 849 erit,·
1405 769 1516 816 ees
1572 757 1921 850 prepterea
1962 746 2369 847 criminari?·
2398 768 2590 831 prae-

627 843 1707 1021 fflssssuffoffifflfflbssss
1733 834 2217 1003 ffiffxfffflff
2199 832 2594 1020 ³⁹:222&

628 1008 1638 1182 ssssfflfflfasfflffaffit
1671 1012 2151 1176 εᾚζξίᾞ
2183 1004 2496 1157 gomet
2473 1025 2595 1155 13:⁴3:

634 1182 929 1284 minibus
943 1233 962 1261 ,
1001 1186 1443 1281 protestantes
1477 1179 1726 1262 optima
1748 1176 1888 1328 {ilde
1922 1176 2596 1329 rzfissssrfhefflossss

631 1276 1142 1439 Zssffl
1161 1263 2058 1435 pffssffifflffiffefflpssssunnz,
2087 1355 2267 1415 roos
2297 1368 2593 1452 aggere.

812 1522 1037 1606 Itaque
1075 1522 1242 1588 nihil
1279 1519 1419 1587 cum
1462 1522 1555 1588 eis
1595 1521 1992 1588 tractandum
2028 1521 2147 1587 erit
2186 1520 2263 1586 de
2303 1520 2600 1603 reliyione

640 1630 840 1694 quum
879 1610 1009 1676 sint
1043 1613 1344 1691 tanquam
1386 1606 1705 1691 anquillae
1738 1606 2013 1673 lubricae
2055 1611 2114 1671 et
2146 1605 2312 1671 nihil
2350 1606 2601 1671 omuino

648 1697 802 1764 ceni
836 1696 909 1761 iu
948 1694 1242 1762 manibus
1284 1693 1721 1759 catholicorum
1762 1691 1977 1758 haberi
2006 1693 2256 1774 poterit.

817 1836 939 1909 [fol.
971 1836 1038 1911 8]
1082 1832 1216 1897 Hic
1261 1852 1331 1897 se
1372 1830 1585 1914 aperit
1625 1829 1894 1907 malum,
1936 1826 2113 1894 unde
2138 1835 2416 1894 manant
2433 1828 2602 1894 istae

634 1919 986 2004 lacrymae.
1059 1916 1254 1983 Clare
1289 1916 1472 1982 videt
1504 1922 1727 1981 actum
1762 1914 1845 1980 de
1879 1935 2081 1999 regno
2124 1935 2242 1980 sue
2283 1915 2598 1996 pontifex,

635 2007 697 2070 si
718 2003 926 2069 semel
950 2001 1029 2068 de
1059 2001 1373 2086 religione
1408 2001 1801 2084 colloquium
1838 1999 2102 2083 aliquod
2134 2007 2454 2065 tentetur:
2492 2020 2599 2065 ec-

638 2087 1045 2155 currendum
1077 2087 1315 2152 merite
1350 2094 1591 2163 censet,
1630 2107 1861 2151 verum
1901 2088 2045 2152 sine
2077 2093 2431 2171 praetextu
2465 2106 2599 2150 nen

640 2181 875 2258 petest.
966 2172 1384 2240 Obtendatur
1437 2194 1594 2257 erge
1643 2172 1751 2238 vel
1783 2174 1929 2237 iure
1973 2171 2080 2236 vel
2123 2171 2366 2236 iniuria
2379 2222 2394 2248 ‚
2447 2192 2600 2255 pro-

636 2267 956 2327 testantes
992 2259 1302 2343 anguillis
1337 2279 1480 2324 esse
1513 2259 1726 2343 magis
1745 2257 2048 2338 lubricos,
2084 2257 2313 2341 plenos
2347 2258 2600 2323 flexuo-

644 2347 737 2413 sis
789 2345 1081 2424 astuu'is,
1137 2346 1208 2409 in
1253 2352 1553 2428 apertum
1599 2343 1829 2409 deduci
1883 2365 2017 2409 non
2071 2364 2281 2427 posse.
2378 2345 2600 2426 Atque

647 2433 948 2515 exceptio
989 2433 1060 2496 in
1104 2440 1415 2514 promptu
1441 2437 1562 2509 est,
1609 2451 1733 2496 nec
1752 2439 2022 2513 captum
2056 2430 2259 2495 fuisse
2302 2450 2602 2511 unquam

646 2518 1207 2602 experimentum,
1268 2526 1334 2580 et
1385 2524 1823 2599 protestantes
1876 2517 2057 2598 ipsos
2108 2515 2335 2580 multis
2401 2515 2599 2581 decu-

639 2603 887 2669 mentis
930 2601 1403 2685 comproboese,
1447 2600 1615 2667 nihil
1658 2621 1729 2667 se
1766 2601 1982 2686 magis
2025 2621 2357 2683 quaerere,
2398 2621 2600 2683 quam

639 2709 874 2755 veram
917 2697 984 2755 et
1027 2688 1390 2772 simplicem
1433 2686 1989 2769 disceptationem.
2081 2685 2259 2767 Quid
2302 2706 2459 2770 erge
2498 2705 2601 2751 se-

643 2781 915 2859 quetur,
960 2774 1089 2840 nisi
1132 2773 1494 2857 pessimum
1536 2794 1818 2856 anguem
1860 2772 1971 2838 hic
2013 2770 2222 2837 latere
2235 2823 2252 2851 ,
2299 2769 2474 2856 qued
2518 2772 2600 2837 ab

638 2860 822 2927 omni
865 2859 1186 2943 colloquio
1240 2866 1583 2941 tantopere
1630 2857 1941 2922 abherret
1981 2858 2309 2941 pontifex,
2366 2864 2436 2922 et
2485 2857 2602 2922 ubi

848 2946 1073 3030 aliqua
1115 2950 1216 3010 est
1269 2944 1678 3009 tractationis
1693 2995 1711 3022 ,
1767 2942 1852 3010 ad
1915 2964 2061 3009 eam
2118 2942 2603 3028 impediendam

646 3031 831 3099 velut
871 3031 956 3095 ad
999 3030 1441 3096 certissimum
1480 3026 1857 3095 incendium
1899 3027 2225 3095 accurrit?

824 3199 1879 3284 Sedetsuperioviaunoreyia
1940 3199 2603 3283 maiestasprosua

638 3287 882 3371 pietate
923 3292 1193 3368 optasset
1234 3306 1308 3351 ae
1349 3292 1660 3368 ¹§percas-et
1691 3286 1992 3352 suadente
2014 3284 2385 3352 Mau-chione
2418 3286 2605 3352 bran-

648 3373 1063 3456 denburqenei
1107 3372 1353 3437 electore
1389 3371 1672 3454 aliquam
1706 3372 1879 3436 viam
1910 3371 2270 3437 concordiae
2279 3392 2471 3454 posse
2504 3373 2605 3437 im

644 3460 866 3525 veniri.
969 3457 1198 3525 Verum
1251 3458 1321 3521 in
1352 3459 1568 3540 primo
1608 3458 1826 3523 limine
1866 3458 2093 3522 iterum
2133 3458 2490 3523 adversarii
2530 3459 2604 3523 in

644 3544 921 3628 lapidem
941 3545 1344 3628 impeyerunt,
1366 3543 1747 3609 ostendentes
1777 3564 1970 3624 quam
2001 3542 2279 3609 alienum
2315 3544 2603 3610 animum

645 3630 910 3697 habeant
960 3652 1003 3696 a
1057 3630 1385 3696 concordia
1398 3680 1414 3709 ,
1469 3631 1699 3712 quippe
1750 3630 1864 3711 qui
1907 3649 2162 3696 excusso
2215 3630 2402 3695 semel
2453 3631 2601 3714 iuqo

642 3717 1029 3784 obedientiae
1044 3766 1060 3795 ,
1118 3736 1240 3781 non
1284 3716 1686 3797 reformatum
1719 3734 2034 3780 summm
2064 3716 2448 3798 pontificem,
2491 3716 2603 3781 sed

654 3802 927 3883 nullum,
971 3804 1096 3867 no'n
1136 3807 1396 3868 remotos
1430 3800 1668 3866 abusus
1700 3801 1947 3883 aliquos
1978 3822 2024 3867 a
2064 3800 2205 3866 sede
2244 3802 2602 3883 apostolica,

657 3888 771 3953 sed
805 3889 1012 3970 ipsam
1052 3888 1257 3953 sedem
1301 3889 1704 3969 apostolicam
1735 3887 2106 3953 destructam
2147 3887 2350 3953 velint.

825 4004 975 4087 Quo
1015 4006 1255 4073 indicio
1300 4008 1679 4092 apparuisse
1721 4006 1845 4073 hee
1889 4007 2088 4085 dicet,
2133 4007 2304 4091 qued
2347 4016 2600 4092 protes-

655 4098 894 4170 tantes,
943 4113 1145 4175 quum
1189 4093 1270 4158 de
1313 4093 1660 4159 eoncordia
1704 4108 1930 4159 autore
1974 4093 2362 4160 Marchiene
2402 4094 2599 4160 bran-

653 4177 1094 4261 denburgensi
1151 4179 1540 4263 agitaretur,
1594 4180 1666 4244 in
1707 4180 1848 4264 ipse
1890 4178 2118 4244 limine
2160 4178 2597 4264 impegerint?

645 4263 753 4330 Ne
795 4264 866 4328 in
910 4284 985 4329 ee
1023 4271 1374 4344 conventu,
1419 4265 1532 4348 qui
1566 4270 1725 4331 tunc
1766 4265 2128 4348 premissus
2162 4287 2239 4332 ac
2258 4264 2601 4332 condictus

643 4349 801 4429 fuit,
858 4349 1307 4433 praesiderent
1357 4352 1613 4416 romani
1665 4351 1992 4434 pontificis
2033 4351 2254 4436 legati,
2297 4352 2599 4416 nemina-

639 4435 765 4500 tim
806 4445 1124 4501 caverunt
1162 4442 1600 4519 protestantes
1613 4488 1631 4516 ,
1683 4435 1882 4520 idque
1923 4437 2221 4503 fecerunt
2262 4457 2342 4503 ea
2382 4457 2598 4517 causa,

645 4541 733 4586 ne
771 4540 966 4605 quem
1010 4520 1385 4587 defectionis
1440 4544 1481 4588 a
1522 4543 1684 4589 vera
1726 4522 1980 4590 Christi
2025 4522 2321 4589 doctrina
2364 4529 2431 4588 et
2465 4522 2599 4588 dis-

645 4606 891 4691 ciplina
911 4627 1102 4672 reum
1124 4615 1421 4691 egerunt,
1443 4629 1639 4691 quem
1660 4608 1815 4675 fidei
1835 4606 2252 4692 proditorem,
2286 4609 2601 4675 ecclesiae

644 4699 1051 4759 vastatorem
1108 4713 1251 4758 esse
1304 4692 1558 4775 dicunt,
1612 4717 1763 4761 eum
1805 4715 1925 4779 pre
1965 4694 2262 4780 legitime
2306 4695 2601 4762 antistite

641 4786 712 4844 et
749 4778 963 4863 capite
1007 4778 1115 4844 vel
1156 4779 1448 4864 recipere
1481 4780 1589 4846 vel
1623 4802 1975 4866 agnoscere
2008 4780 2411 4847 viderentur.
2481 4782 2599 4845 In-

639 4865 838 4931 terim
872 4871 1095 4930 tamen
1127 4864 1400 4931 minime
1433 4875 1904 4953 repugnanmt,
1941 4867 2101 4950 quin
2122 4874 2191 4932 et
2224 4866 2601 4950 pontificem

646 4949 896 5017 Caesar
939 4948 1306 5031 advocaret,
1352 4959 1418 5017 et
1458 4954 1597 5020 eius
1637 4954 1891 5039 legates
1935 4952 2314 5019 admitteret
2355 4952 2438 5018 ad
2482 4972 2600 5016 au·

647 5035 957 5103 diendam
1012 5036 1547 5121 disceptationem
1560 5092 1579 5121 ‚
1649 5037 1843 5105 mede
1900 5037 1969 5103 id
2021 5040 2210 5105 fieret
2272 5038 2417 5104 sine
2481 5058 2602 5104 suo

641 5142 966 5189 censensu
1019 5143 1095 5190 ae
1149 5124 1689 5207 comprobatione.
1784 5124 1965 5190 Hine
2016 5124 2265 5209 colligit
2314 5144 2435 5208 pre
2481 5144 2601 5189 suo

640 5208 891 5291 pudere
934 5210 1144 5276 benus
1180 5209 1288 5278 hic
1329 5233 1559 5296 nepos,
1598 5218 2037 5296 protestantes
2079 5231 2353 5277 excusse
2397 5208 2603 5276 semel

2126 299 2654 368 CONSILIUM
2692 298 2986 367 PAULI
3022 300 3153 367 m.

4519 301 4640 364 472

2692 487 3099 557 obedientiae
3142 490 3298 575 iuge
3349 509 3486 554 nen
3538 487 3970 554 reformatum
4023 507 4356 554 summum
4397 489 4650 571 pontifi-

2695 593 2865 655 cem,
2922 575 3038 641 sed
3079 575 3356 655 nullum,
3399 595 3537 642 nen
3573 579 3858 639 remotes
3902 571 4144 640 abusus
4185 593 4228 638 a
4267 572 4424 639 sede
4465 594 4648 659 apes-

2694 660 2910 740 teliea,
2936 660 3053 727 sed
3074 661 3296 728 sedem
3317 661 3528 744 ipsam
3553 658 3955 726 destructam
3976 663 4096 738 [fol.
4122 665 4184 737 9]
4208 658 4397 726 velle.
4451 656 4647 727 Sum-

2692 766 2878 812 mum
2936 747 3204 832 quidem
3253 746 3630 831 pontificem
3685 744 3795 812 vel
3834 743 4197 830 principem
4239 744 4651 812 sacerdotum

2694 832 2918 899 vecari
2955 834 3126 899 sacri
3164 853 3448 899 canones
3491 836 3739 910 vetant,
3782 852 3905 898 nec
3937 830 4119 896 aliud
4151 830 4520 898 concedunt
4547 853 4650 898 ro-

2692 939 2890 985 mano
2932 919 3265 1004 episcope,
3300 938 3500 1003 quam
3542 922 3622 983 ut
3659 924 3932 984 vocetur
3971 918 4224 1000 primae
4266 917 4439 983 sedis
4482 917 4651 1003 epis·

2696 1025 2913 1090 copus.
3000 1005 3336 1071 Nimirum
3376 1003 3588 1070 sancti
3626 1002 3757 1069 viri
3796 1004 3909 1087 qui
3952 1002 4076 1069 hec
4110 1001 4496 1069 sanciebant
4527 1025 4653 1071 usu

2694 1092 2840 1176 ipse
2884 1090 3093 1158 edocti
3137 1097 3356 1170 erant,
3427 1110 3563 1155 non
3604 1109 3795 1172 posse
3835 1110 4046 1154 unum
4089 1087 4426 1155 hominem
4470 1097 4653 1157 tanto

2697 1177 2883 1243 oneri
2902 1198 3130 1262 parem
3152 1197 3295 1242 esse
3315 1183 3393 1241 ut
3411 1175 3613 1241 tetius
3633 1174 3942 1241 ecclesiae
3961 1174 4075 1239 vel
4093 1174 4653 1258 gubernationem,

2698 1263 2808 1330 vel
2873 1263 3355 1348 praefecturam
3368 1313 3385 1341 ,
3453 1261 3562 1327 vel
3620 1260 4096 1344 inspectionem
4162 1260 4290 1327 sibi
4342 1271 4650 1328 sumeret.

2700 1346 2838 1415 Sed
2889 1350 3149 1414 utinam
3199 1347 3307 1414 vel
3349 1346 3603 1413 Romae
3654 1345 3766 1411 vel
3802 1345 4097 1430 Eugubii
4146 1353 4320 1412 esset
4360 1348 4476 1431 qui
4516 1370 4653 1413 em-

2701 1434 2890 1500 nium
2952 1434 3380 1501 ecclesiarum
3434 1439 3779 1515 paternam
3843 1431 4367 1517 pastoralemque
4427 1454 4654 1500 curam

2703 1542 2779 1586 ac
2833 1519 3339 1588 sollicitudinem
3380 1540 3583 1603 quum
3638 1517 3834 1601 paule
3887 1518 4271 1601 susciperet,
4328 1519 4528 1584 simul
4586 1541 4657 1586 ac

2704 1608 3073 1672 sustineret.
3102 1607 3151 1691 ¹)
3239 1605 3414 1670 Nam
3458 1605 3571 1688 qui
3617 1605 3709 1670 sic
3752 1603 3925 1669 feret
3961 1614 4378 1687 comparatus
4421 1613 4500 1670 ut
4544 1627 4656 1689 po-

2702 1701 2938 1758 testate
2981 1713 3101 1758 sua
3140 1691 3215 1756 in
3258 1690 3780 1756 aedificationem
3793 1695 3828 1768 ,’
3864 1710 3992 1754 nen
4035 1690 4300 1754 ruinam
4341 1699 4658 1776 uteretur,

2700 1779 2796 1844 ita
2813 1778 3084 1863 reliquis
3118 1776 3442 1861 episcopis
3476 1776 3561 1840 ad
3595 1772 4000 1858 implendam
4033 1795 4221 1840 suam
4253 1776 4656 1844 functionem

2703 1862 3099 1943 adiumento,
3134 1884 3266 1928 nen
3291 1857 3761 1946 impedimento
3786 1869 3986 1927 esset:
4022 1866 4183 1927 tunc
4204 1869 4380 1927 certe
4412 1884 4486 1929 re
4513 1863 4656 1947 ipsa

2704 1948 3116 2016 declararent
3155 1954 3614 2032 protestantes,
3661 1968 3732 2013 se
3760 1968 3892 2011 nen
3927 1967 4164 2030 cupere
4197 1946 4458 2013 nullum
4493 1970 4655 2031 pen-

2702 2036 2944 2101 tificem
2978 2032 3092 2100 sed
3126 2035 3338 2119 magis
3371 2033 3818 2111 reformatum,
3855 2054 3931 2098 ac
3963 2053 4117 2099 vere
4151 2054 4504 2114 summum,
4552 2037 4655 2119 qui

2704 2143 2880 2187 nunc
2938 2122 3203 2186 omnino
3247 2119 3468 2184 nullus
3511 2129 3637 2198 est;
3698 2116 3920 2183 sedem
3965 2118 4385 2201 apostolicam
4428 2141 4502 2185 se
4550 2144 4654 2188 cu-

2701 2227 2858 2290 pere
2881 2228 3015 2271 nen
3050 2204 3469 2283 destructam,
3513 2203 3629 2270 sed
3659 2202 3829 2269 b'ene
3870 2204 4262 2282 restitutam,
4286 2225 4453 2287 quae
4477 2207 4655 2272 mille

2703 2292 3212 2375 inquinamentis
3267 2297 3701 2373 conspurcata
3764 2297 3833 2354 et
3875 2290 4243 2372 profanata,
4313 2311 4356 2354 a
4408 2294 4656 2360 sanctis

2702 2377 3009 2461 apostolis
3044 2377 3127 2442 ad
3160 2375 3483 2443 Satanam
3526 2375 3851 2476 transl-ata
3883 2383 4002 2440 est.
4040 2375 4277 2475 ’quue
4324 2374 4491 2443 adeo
4527 2379 4656 2444 iam

2700 2461 3673 2615 {S‘ffiffissffinffuffissoesss
3696 2468 4106 2626 ῗιῗῖἓζΐ,
4133 2481 4657 2629 Ἔῗέῗιίειὲἳθῗ

2701 2636 3049 2719 quominus
3092 2635 3185 2717 pii
3228 2643 3588 2699 cenventus
3641 2631 3983 2716 aliquoties
4023 2633 4158 2697 iam
4203 2654 4242 2697 a
4283 2642 4653 2718 protestan-

2703 2722 2878 2787 tibus
2923 2719 3128 2785 habiti
3170 2720 3239 2784 in
3275 2718 3419 2785 luce
3454 2726 3651 2802 atque
3686 2717 3890 2784 oculis
3931 2717 4272 2783 hominum
4305 2740 4654 2786 versaren-

2701 2813 2828 2870 tur.
2919 2804 3171 2871 Contra
3214 2825 3371 2870 vere
3415 2805 3472 2869 si
3515 2810 3823 2870 excutere
3855 2803 4099 2884 liceret,
4144 2824 4308 2886 quae
4342 2807 4655 2888 pontificii

2704 2890 3161 2957 conventicula
3215 2889 3320 2956 his
3371 2890 3607 2974 viginti
3660 2890 3853 2955 annis
3909 2897 4024 2954 aut
4076 2890 4358 2974 amplius
4414 2891 4502 2957 ad
4547 2915 4584 2958 e

2701 2976 3123 3062 primendum
3176 2975 3595 3061 evangelium
3648 2975 4048 3053 habuerunt,
4125 2997 4260 3042 nen
4314 2985 4492 3044 esset
4550 3000 4586 3044 o

2705 3084 2972 3130 scurum
3026 3084 3225 3147 quam
3278 3063 3807 3131 reformationem
3849 3063 3956 3129 vel
3998 3063 4286 3147 cogitent
4334 3064 4444 3130 vel
4489 3066 4656 3131 ferre

2705 3156 2969 3234 queant.
3057 3149 3288 3233 Neque
3341 3155 3563 3215 tamen
3621 3149 3713 3215 sie
3758 3148 3973 3213 latent
4026 3170 4254 3214 eorum
4300 3152 4653 3234 nequitiae,

2705 3235 2862 3319 quin
2905 3234 3127 3319 palam
3169 3236 3256 3300 sit
3420 3233 3608 3301 vibus
3655 3256 3731 3300 ac
3774 3235 3985 3314 sanis,
4040 3254 4150 3300 eos
4191 3255 4327 3300 nen
4368 3236 4657 3320 aliquem

2706 3321 2814 3388 vel
2849 3342 3185 3387 summum
3221 3342 3301 3386 ve
3353 3321 3654 3386 infimum
3689 3341 3726 3384 e
3772 3320 4133 3403 iscopatum
4177 3328 4509 3405 appetem,
4548 3321 4656 3389 sed

2707 3428 2934 3474 everso
2992 3406 3378 3491 sublatoque
3429 3407 3687 3490 episcop
3760 3406 3773 3420 '
3830 3425 4107 3472 munere
4160 3405 4283 3472 sub
4339 3409 4485 3474 eius
4539 3430 4655 3474 ne-

2704 3494 2883 3559 mine
2939 3491 3359 3578 tyrannidem
3413 3513 3687 3576 prorsus
3730 3491 4300 3558 antichristianam
4342 3495 4649 3560 stabilire.

2697 3577 2948 3653 ,Sedem
2994 3600 3147 3645 vere
3184 3577 3623 3662 apostolicam,
3668 3585 3892 3644 utrum
3928 3577 4181 3644 salvam
4224 3581 4490 3663 cupiant
4531 3601 4652 3645 nec

2702 3687 2806 3745 ne,
2842 3664 3004 3731 satis
3044 3664 3219 3730 clare
3476 3673 3627 3729 ente
3653 3671 3771 3742 est,
3806 3663 3978 3747 qued
3998 3662 4362 3729 doctrinam
4396 3686 4439 3730 a
4469 3686 4656 3732 sane-

2702 3751 2791 3816 tis
2840 3772 2880 3816 a
2966 3750 3151 3816 stolis
3362 3749 3517 3814 ‘tam
3579 3771 3714 3815 non
3771 3749 3983 3815 solum
4036 3749 4166 3833 ipsi
4212 3770 4351 3815 nen
4404 3751 4654 3831 docent,

2704 3842 2823 3901 aut
2899 3835 3213 3902 ecendam
3247 3835 3482 3902 saltem
3515 3843 3766 3916 curant,
3802 3834 3921 3901 sed
3939 3835 4273 3902 sceleratis
4305 3836 4656 3922 impiisque

2701 3920 3061 3988 mendaciis
3103 3922 3379 3988 miseras
3429 3921 3775 3987 hominum
3817 3928 4070 3988 mentes
4119 3920 4532 4004 dementant,
4583 3943 4656 3989 ae

2702 4007 3134 4075 conscientias
3187 4005 3491 4091 perdunt,
3550 4013 3797 4073 rectam
3840 4027 3916 4071 ac
3958 4007 4313 4074 salutarem
4369 4008 4658 4096 discipli-

2702 4114 2860 4158 nam
2901 4113 3037 4158 nen
3079 4093 3270 4158 mede
3311 4093 3566 4158 nullam
3610 4100 3949 4174 exercent,
4006 4093 4123 4160 sed
4165 4094 4538 4162 innumeris
4579 4094 4656 4159 li-

2701 4178 3003 4246 bidinum
3049 4177 3369 4262 exemplis
3405 4184 3626 4243 tetum
3650 4179 3973 4245 mundum
4009 4188 4462 4262 corrumpunt.
4519 4181 4657 4247 De-

2701 4265 2900 4349 nique
2943 4286 3079 4330 nen
3123 4265 3321 4329 aliam
3354 4264 3605 4335 habent
3644 4264 4023 4345 doctrinam,
4061 4265 4189 4330 nisi
4226 4287 4360 4349 qua
4402 4269 4657 4332 animas

2698 4352 2773 4416 in
2828 4352 3103 4416 exitium
3152 4351 3613 4435 praecipitent,
3667 4370 3804 4415 nen
3846 4351 4043 4416 aliam
4087 4351 4474 4435 disciplinae
4506 4373 4657 4436 spe-

2703 4438 2897 4515 ciem,
2952 4438 3082 4502 nisi
3139 4438 3556 4522 tyrannicam
3602 4436 3706 4503 vel
3749 4438 3964 4520 potius
4008 4436 4397 4504 carnificum
4439 4438 4656 4504 saevi-

2702 4524 2892 4603 tiam;
2934 4543 3151 4606 neque
3183 4522 3288 4588 his
3322 4523 3659 4589 maleficiis
3694 4524 4004 4602 contenti,
4050 4523 4208 4588 tetis
4242 4524 4478 4589 animis
4521 4522 4654 4589 huc

2702 4607 3113 4687 incumbunt,
3155 4629 3283 4693 quo
3327 4615 3669 4688 vexentur,
3714 4609 4236 4675 exterminentur
4268 4607 4422 4675 deni
4463 4630 4571 4688 ue,
4617 4629 4659 4674 e

2700 4694 2919 4760 medie
2970 4694 3288 4760 tollantur
3330 4688 3698 4778 quicunque
3738 4696 4070 4781 puriorem
4113 4693 4368 4761 Christi
4449 4695 4658 4759 ectri-

2703 4800 2859 4845 nam
2898 4779 3396 4866 legitimumque
3460 4777 3770 4846 ecelesiae
3839 4779 4136 4847 ordinem
4189 4780 4296 4846 vel
4357 4798 4659 4846 asserere

2702 4874 3048 4946 conantur,
3105 4865 3214 4932 vel
3257 4865 3637 4945 admittunt,
3690 4866 3801 4932 vel
3860 4864 4242 4947 defendunt,
4302 4866 4404 4934 vel
4444 4866 4657 4931 etim

2702 4953 3032 5036 requirere
3075 4950 3335 5017 audent.
3915 5024 3922 5029 ‚

2840 5155 3247 5237 „Haec-satis
3279 5155 3503 5211 obscure
3536 5156 3686 5212 dicta
3718 5162 3851 5214 enuit
3880 5173 4050 5229 neque
4081 5157 4369 5224 affirmare
4399 5158 4658 5212 authu:

2704 5231 2909 5283 oeaewn
2941 5240 3092 5280 onim
3123 5240 3190 5279 ex
3216 5231 3380 5294 parte
3413 5240 3610 5282 eanum
3643 5241 3773 5283 esee.
