4984 5975
1637 1654 1656 1665 .
1718 1526 3151 1705 PRoLEQoMENA.

2180 1907 2592 1993 CAPUT
2652 1910 2729 1994 1:

546 2112 1545 2213 COLLECTIONES
1599 2112 2519 2211 TRACTATUUM
2572 2112 3124 2215 CALVINI
3177 2117 4366 2221 THEOLOGICORUM

1831 2266 2016 2363 ΑΝ
2019 2264 2473 2363 TEHAC
2527 2267 3058 2366 EDITAE.

447 2418 969 2556 opuscula-10.
1016 2470 1279 2536 calvini
1331 2469 1700 2555 theologica
1754 2470 1894 2547 sive
1937 2473 2257 2542 traoams
2301 2467 2519 2535 varios
2560 2468 2850 2535 minores
2891 2470 3178 2553 primum
3218 2471 3574 2554 separatim
3618 2452 3845 2538 oditos'
3869 2474 4006 2540 iam
4046 2476 4191 2558 ipso
4235 2484 4469 2546 autore

445 2582 802 2666 superstite
844 2589 913 2648 et
953 2588 1104 2666 post
1146 2582 1290 2648 eius
1328 2588 1610 2647 mortem
1652 2580 1880 2666 plures
1934 2580 2337 2647 coniunctim
2380 2577 2487 2645 edi
2530 2600 2862 2646 curavere.
2952 2580 3139 2663 Quae
3192 2581 3515 2649 editiones
3558 2583 3730 2649 varii
3783 2591 3942 2650 sunt
3993 2587 4259 2669 generis
4273 2639 4292 2666 ‚
4342 2589 4469 2656 sed

443 2693 632 2761 nulla
674 2714 903 2760 earum
945 2692 1100 2759 talis
1138 2699 1216 2758 ut
1255 2693 1331 2758 in
1373 2712 1454 2759 ea
1494 2692 1882 2777 simpliciter
1921 2689 2295 2758 recudenda
2337 2691 2746 2774 acquiescere
2798 2694 3146 2776 possimus.
3236 2695 3458 2777 Atque
3512 2694 3624 2760 hic
3676 2715 3814 2761 non
3866 2697 4094 2781 magni
4147 2702 4468 2766 momenfi

443 2826 555 2871 res
597 2812 701 2871 est
741 2803 914 2888 quod
956 2804 1067 2871 vel
1106 2803 1181 2868 in
1222 2802 1754 2889 locupletissimis
1803 2801 2120 2887 opuscula
2170 2801 2490 2871 nonnulla
2538 2800 2994 2871 desiderantur
3034 2826 3202 2889 quae
3255 2805 3533 2872 fortasse
3586 2806 3662 2872 in
3712 2806 3887 2874 hanc
3938 2808 4180 2875 seriem
4232 2811 4471 2877 referri

445 2915 854 2998 debuissent3
899 2916 1063 2982 haec
1107 2916 1286 2981 enim
1326 2915 1638 2983 facillimo
1679 2915 1941 3001 negotio
1978 2914 2255 2981 caeteris
2298 2912 2542 2980 addere
2584 2922 2978 2998 poteramus.
3044 2915 3266 2982 Multo
3299 2918 3514 3003 magis
3548 2937 3670 2983 nos
3711 2916 3989 2984 offendit
4024 2919 4217 3004 quod,
4260 2942 4469 3005 quum

445 3028 769 3096 calvinus
810 3027 1067 3095 libellos
1110 3049 1261 3094 suos
1304 3028 1469 3094 alios
1509 3027 1718 3093 latino
1761 3047 2095 3106 sermone,
2141 3025 2306 3092 alios
2349 3025 2587 3110 gallico
2634 3029 3122 3112 conscripserit,
3178 3049 3405 3096 omnes
3460 3028 3614 3094 illae
3666 3029 3986 3097 editiones
4038 3052 4148 3099 eos
4200 3034 4470 3101 nonnisi

446 3139 765 3205 alterutro
807 3139 1165 3223 eodemque
1207 3139 1403 3205 unico
1447 3138 1794 3217 exhibent,
1846 3139 1942 3203 ita
1983 3136 2232 3204 scilicet
2275 3144 2352 3203 ut
2390 3139 2730 3205 versiones
2774 3138 2856 3204 ab
2899 3139 3043 3205 aliis
3084 3140 3296 3207 factae
3350 3141 3599 3222 passim
3651 3141 4025 3228 archetypis
4077 3143 4329 3211 mixtae
4370 3145 4469 3213 le-

445 3257 706 3336 gantur.
775 3248 966 3331 Quae
998 3272 1204 3334 quum
1235 3252 1330 3316 ita
1363 3250 1517 3331 sint,
1561 3251 1706 3316 iure
1740 3249 1987 3316 dixeris
2029 3249 2281 3315 nullam
2315 3269 2606 3332 unquam
2643 3257 3048 3318 tractatuum
3085 3249 3358 3317 illorum
3398 3251 3848 3320 collectionem
3887 3254 4264 3321 institutam
4300 3277 4466 3338 esse,

443 3371 616 3446 quae
658 3382 772 3428 eos
811 3383 888 3427 re
928 3382 1090 3429 vera
1131 3360 1215 3428 ad
1257 3383 1412 3429 suas
1453 3362 1868 3428 authenticas
1920 3361 2166 3428 formas
2217 3381 2564 3445 expressos
2614 3362 2689 3426 in
2738 3383 2949 3428 unum
3002 3384 3239 3448 corpus
3292 3362 3645 3447 redegerit.
3730 3364 3938 3430 Nobis
3977 3386 4153 3446 vero,
4200 3374 4278 3433 ut
4332 3368 4467 3433 iam

441 3473 518 3538 in
559 3474 776 3558 prima
817 3481 1044 3539 nostra
1086 3473 1489 3556 praefatione
1532 3473 2067 3558 significavimus,
2111 3471 2307 3557 plane
2352 3472 2483 3539 alia
2522 3473 2636 3539 via
2687 3472 3122 3558 ingredienda
3162 3472 3445 3555 videtur,
3491 3481 3560 3540 et
3576 3475 3950 3560 ·unicuique
3990 3477 4305 3560 opusculo
4322 3493 4327 3504 ’
4344 3499 4468 3545 sua

441 3585 661 3668 prima
701 3595 770 3651 et
807 3604 970 3650 vera
1007 3585 1206 3650 facies
1244 3583 1356 3651 vel
1399 3582 1724 3651 servanda
1765 3583 1873 3651 vel
1927 3583 2351 3651 restituenda.
2442 3582 2802 3662 Caeterum
2843 3584 2926 3652 de
2967 3585 3240 3652 consilio
3298 3593 3524 3652 nostro
3577 3607 3737 3653 mox
3789 3586 3983 3672 plura
4036 3586 4276 3654 dicturi
4327 3589 4468 3673 prl-

441 3715 631 3761 mum
673 3717 794 3780 pro
833 3716 1014 3762 more
1059 3696 1429 3780 antiquiora
1469 3697 1598 3761 ista
1639 3702 2039 3761 tractatuum
2077 3713 2354 3779 corpora
2395 3695 2735 3780 sigillatim
2778 3696 3265 3764 recensebimus
3307 3704 3377 3764 et
3419 3699 3787 3765 accuratius
3830 3697 4288 3784 describemus.

2431 4003 2488 4070 I.

2026 4172 2355 4241 nmmo
2399 4153 2872 4242 GALLASII.

755 4348 1024 4415 Primus
1078 4348 1196 4431 qui
1248 4347 1329 4414 do
1379 4347 1739 4414 minoribus
1793 4346 2056 4415 calvini
2120 4346 2381 4432 scriptis
2444 4345 2724 4414 iunctim
2787 4345 3059 4414 odendis
3115 4349 3434 4433 cogitasse
3488 4325 3755 4414 videtur
3803 4348 3931 4413 fuit
3978 4348 4292 4416 Nioolaus
4345 4348 4461 4416 dee

445 4459 715 4528 Gallars
759 4459 1159 4545 (Gallasius)
1199 4459 1389 4526 verbi
1432 4458 1640 4526 divini
1684 4459 1858 4542 apud
1894 4458 2320 4525 Genevenses
2361 4458 2685 4538 minister,
2722 4459 2919 4532 *cuius
2960 4479 3201 4525 nomen
3244 4459 3319 4523 in
3359 4457 3669 4525 thesauro
3711 4459 4046 4544 epistolico
4088 4459 4462 4527 calviniano

443 4571 973 4655 frequentissime
1021 4578 1332 4638 occurret.
1422 4571 1492 4636 Is
1546 4572 1679 4636 iam
1732 4590 1903 4636 anno
1946 4570 2247 4637 MDLH.
2308 4571 2465 4636 satis
2521 4569 2816 4654 amplum
2858 4570 3165 4637 volumen
3219 4569 3683 4652 opusculorum
3734 4570 4022 4654 collegae
4074 4570 4182 4636 sui
4221 4572 4295 4636 in
4336 4591 4464 4654 pu-

445 4682 694 4749 blicum
737 4682 920 4748 exire
961 4682 1155 4749 iussit
1197 4683 1387 4750 cuius
1431 4682 1666 4747 titulus
1709 4681 1819 4749 hic
1860 4688 1991 4748 est:
3622 4771 3631 4784 1

757 4797 1262 4883 IOANNIS
1354 4795 1636 4881 GAL-
1667 4793 1675 4909 Ι
1711 4797 1885 4881 uini
1985 4798 2399 4910 opuscula
2500 4798 2782 4882 omnia
2879 4799 2969 4880 in
3046 4795 3056 4908 Ι
3136 4827 3397 4880 vnum
3489 4797 3888 4881 volumen
3987 4797 4364 4882 collecta.
4445 4792 4457 4906 Ι

451 4921 696 5005 Quibus
735 4922 992 4988 accessit
1031 4920 1277 4989 libellum
1318 4941 1487 4987 nuno
1518 4922 1808 5005 primm
1848 4922 2069 5002 editus,
2110 4921 2213 4987 De
2253 4914 2673 4988 aeta-nava
2707 4919 3389 5005 praedestina-itione,
3442 4922 3755 4988 odmen-3
3787 4918 4118 4985 Albertum
4158 4918 4460 5004 Piyhium

453 5030 876 5114 flunmen-sent,
920 5038 976 5097 et
1015 5032 1353 5118 Georgium
1391 5031 1691 5098 Simdmn.
1730 5032 1740 5118 Ι
1781 5020 2087 5099 Locorum
2118 5052 2339 5099 sacrae
2377 5032 2747 5115 Soriptmae
2786 5033 2861 5097 in
2900 5031 3004 5097 hic
3035 5032 3352 5116 opusculis
3386 5032 3573 5099 obiter
3607 5031 4149 5114 interpretator-tm
4185 5029 4456 5111 indaesst

447 5151 698 5222 (luzinc
729 5152 1101 5224 typographi.)
1190 5142 1659 5212 GENEVAE.
1701 5143 1711 5228 Ι
1748 5144 1951 5227 Apud
1992 5145 2293 5213 Ioannem
2339 5143 2719 5211 Gerardum.
2760 5144 2770 5228 Ι
2808 5142 2901 5208 Μ.
2943 5142 3028 5208 D.
3075 5143 3230 5210 Ln.

660 5245 882 5302 coms·
906 5263 1091 5316 opem.
1171 5248 1286 5302 νοτ.
1333 5247 1393 5301 ν.
4003 5241 4049 5294 Β
