4984 5975
455 237 600 304 LII
1633 234 2180 303 TRAGTATUS
2226 234 2812 304 THEOLOGIGI
2854 235 3297 303 MINORES.

453 447 585 492 non
626 427 936 492 inutiliter
977 445 1230 506 operam
1274 425 1715 490 collocaturum
1757 424 2148 503 existimavi,
2193 425 2255 489 si
2293 444 2507 489 eorum
2550 424 2858 490 desiderio
2902 425 3266 508 satisfacere
3307 437 3591 507 conarer,
3633 431 3815 509 atque
3857 425 4158 509 efficerem
4200 431 4270 492 ut
4309 425 4473 507 quod

460 539 639 603 nobis
679 538 941 603 seorsim
973 537 1300 600 videbatur
1334 535 1635 617 scriptum
1677 535 1936 602 caeteris
1979 535 2168 600 etiam
2211 536 2778 601 communicaretur.
2870 535 3174 600 Nostrum
3215 537 3383 601 enim
3417 542 3508 601 est
3547 515 3771 604 curare
3811 557 3887 603 ac
3926 538 4169 603 studere
4209 542 4280 601 ut
4314 537 4473 602 veri-

456 653 561 714 tas
614 649 821 732 mayis
865 667 941 714 ac
979 647 1185 731 mayis
1225 646 1540 713 elucescat.
1627 644 1714 710 In
1754 665 1874 728 quo
1916 645 2070 711 dum
2115 666 2370 729 operam
2407 645 2700 729 impendo
2740 665 2963 726 meam,
3008 645 3185 711 bonis
3225 647 3512 712 omnibus
3547 653 3802 731 ⁸oratum
3840 668 3937 714 me
3974 647 4295 734 facturum
4335 667 4473 714 con-

458 759 605 840 fido.
699 759 878 841 Quod
914 760 977 824 si
1017 758 1339 823 nonnullis
1380 756 1531 824 haec
1571 758 1784 822 minius
1827 761 2053 822 ornata
2091 758 2487 839 videbuntur,
2532 759 2798 841 coyitare
2834 757 3127 824 debebunt
3166 777 3263 823 me
3311 778 3438 823 non
3481 759 3548 823 in
3582 779 3651 824 eo
3686 760 4004 826 studuisse
4043 764 4115 824 ut
4168 759 4475 825 orationis

466 875 837 936 ornamenta
877 869 1316 950 conquirerem,
1359 868 1471 934 sed
1508 872 1581 932 ut
1615 867 1883 949 fideliter
1922 868 2270 948 redderem,
2323 873 2381 934 et
2420 870 2782 951 scriptorem
2823 870 3039 950 ipsum
3091 868 3379 934 imitarer
3421 871 3535 952 qui
3567 870 3966 952 populariter
4004 870 4154 936 haec
4194 870 4470 938 scribens

462 982 654 1048 etiam
696 980 1066 1046 rudioribus
1115 999 1248 1045 sese
1299 979 1795 1045 accommodavit.
1890 978 2100 1059 Quare
2143 981 2294 1061 pios
2349 979 2604 1045 lectores
2652 984 2903 1063 royatos
2954 980 3139 1045 velim
3188 985 3259 1044 ut
3294 1000 3426 1045 rem
3480 981 3690 1062 ipsam
3743 987 3801 1048 et
3851 983 4214 1050 sententiam
4264 982 4475 1066 ’παρῶ

462 1112 656 1174 quam
698 1091 886 1158 verba
927 1092 1258 1157 attendant.
1354 1088 1566 1155 Simul
1616 1088 1727 1154 hoc
1767 1089 2074 1155 maiorem
2127 1091 2197 1154 in
2238 1090 2489 1155 modum
2519 1097 2665 1174 peto
2708 1096 2892 1174 atque
2946 1090 3188 1159 obsecro
3227 1096 3303 1157 ut
3333 1111 3510 1173 puro
3552 1111 3630 1158 ac
3669 1087 3906 1154 sincero
3945 1095 4224 1160 veritatis
4264 1094 4474 1160 studio

460 1204 636 1270 ducti
679 1204 893 1270 omnia
933 1202 1137 1287 legant
1178 1200 1501 1279 attentius,
1555 1218 1635 1264 ne
1663 1200 2112 1281 praeiudicata
2156 1202 2367 1283 opinio
2410 1222 2511 1267 eos
2551 1222 2767 1268 verum
2806 1221 3045 1268 cemere
3077 1223 3205 1268 non
3245 1204 3445 1284 sinat,
3483 1208 3556 1270 ut
3595 1203 3666 1271 id
3706 1204 3955 1270 tandem
3995 1206 4160 1286 quod
4200 1205 4475 1271 studiose

465 1315 801 1398 inquirunt
832 1317 1260 1396 assequantur.
1361 1311 1587 1377 Valete.
1681 1308 1812 1376 Gal.
1859 1308 2131 1377 Ianuar.
2176 1311 2463 1380 MDXL
2478 1313 2551 1379 V.

2173 1761 2586 1847 CAPUT
2654 1763 2766 1846 X.

458 1939 996 2040 EUSEBH
1047 1938 1718 2038 PAMPHILI
1783 1939 2600 2039 EXPLICATIO
2679 1939 3260 2039 CONSILII
3312 1938 3725 2038 PAULI
3776 1939 3961 2036 ΠΙ.
4027 1939 4475 2037 ΡΟΝΤΙ-

456 2075 828 2213 FIOIS,
873 2074 1411 2175 ROMANI
1477 2077 1751 2176 PRO
1820 2075 3080 2312 ΒΠΤΙΤῙὲξίΑΝἶὸΒΔΙΕΑΤΙ
3135 2074 3673 2173 CAROLO
3740 2075 3858 2172 V.
3911 2074 4475 2171 IMPERA-

771 2415 946 2481 Ecce
999 2414 1134 2479 iam
1178 2414 1461 2482 alterum
1505 2415 1802 2482 libellum
1857 2416 1939 2483 ab
1984 2402 2293 2482 omnibus
2336 2422 2739 2482 tractatuum
2782 2413 3306 2482 calvinianorum
3359 2411 3842 2480 collectionibus
3884 2414 4313 2494 exsulantem,
4357 2435 4477 2481 suo

464 2535 686 2593 autem
741 2526 919 2591 inter
970 2533 1258 2593 caeteros
1308 2525 1451 2593 loco
1518 2528 1793 2594 minime
1846 2527 2211 2612 indignum.
2316 2526 2445 2592 Oui
2499 2525 2895 2609 ψευδωννμία
2951 2547 3150 2592 causa
3201 2526 3404 2592 fuisse
3447 2524 3709 2591 videtur
3722 2576 3739 2604 ,
3790 2525 4068 2591 fortasse
4117 2526 4318 2592 etiam
4359 2545 4474 2591 ex-

465 2644 698 2704 tranea
737 2638 937 2721 orig-0,
979 2656 1106 2720 quo
1161 2637 1383 2704 minus
1425 2661 1465 2704 a
1525 2636 2005 2724 genevensibus
2061 2637 2444 2717 editoribus,
2502 2637 2799 2704 Gallasio
2851 2643 2921 2702 et
2962 2637 3139 2703 Beza
3155 2688 3170 2714 ,
3230 2637 3872 2720 argentoratensium
3916 2636 4182 2704 calvini
4225 2636 4473 2704 studio-

461 2769 615 2816 rum
655 2754 725 2814 et
763 2748 1069 2815 laborum
1110 2748 1331 2815 minus
1374 2749 1541 2815 bene
1582 2749 1827 2833 gnaris,
1872 2748 2144 2833 reliquie
2188 2748 2519 2832 opusculis
2562 2748 3042 2834 adiungeretur.
3117 2748 3257 2831 Ipsi
3299 2769 3440 2829 nos,
3493 2748 3795 2828 fatemur,
3839 2766 3996 2815 casu
4027 2748 4243 2832 potius
4277 2771 4476 2833 quam

466 2861 549 2927 de
589 2858 918 2927 industria
958 2867 1345 2943 quaerentes
1386 2861 1459 2925 in
1501 2859 1693 2925 illum
1736 2859 2107 2927 incidimus.
2192 2861 2439 2941 Exstat
2477 2860 2660 2925 enim
2710 2860 2780 2924 in
2823 2859 3125 2926 omnibus
3166 2856 3466 2945 Operum
3508 2858 3773 2927 calvini
3827 2858 4221 2927 editionibus
4266 2862 4473 2946 scrip-

460 2978 607 3039 tum
644 2970 908 3055 aliquod
963 2970 1359 3056 polemicum
1402 2971 1514 3038 cui
1562 2972 1794 3038 titulus
1838 2978 1967 3039 est:
2025 2971 2497 3038 Admonitio
2540 2970 2773 3038 Pauli
2816 2971 2944 3038 ΠΙ.
3001 2971 3077 3037 Ρ.
3123 2970 3207 3037 R.
3255 2970 3350 3036 ad
3387 2970 3767 3039 Oarolum
3809 2970 4239 3040 Gaesarem
4282 2978 4474 3039 caett.

462 3083 660 3166 Quod
701 3103 910 3167 quum
953 3083 1196 3150 diserte
1248 3080 1332 3146 ad
1380 3103 1630 3149 annum
1670 3087 1835 3147 1544
1879 3083 2233 3162 referatur,
2290 3085 2512 3149 mirati
2565 3104 2792 3150 sumus
2842 3084 2914 3149 in
2956 3083 3250 3168 catalog-o
3304 3083 3732 3150 bibliothecae
3785 3082 4084 3150 Ienensis
4137 3083 4476 3169 exemplar

461 3195 821 3273 recenseri,
876 3193 1049 3278 quod
1104 3194 1263 3259 anni
1326 3198 1490 3259 1540
1541 3202 1771 3260 notam
1823 3215 1983 3280 prae
2032 3215 2103 3260 se
2170 3196 2340 3261 ferre
2384 3195 2726 3262 diceretur.
2828 3195 3044 3280 Igitur
3086 3196 3268 3261 omni
3324 3193 3662 3280 diligentia
3709 3195 3881 3261 facta
3922 3192 4087 3261 illud
4128 3196 4475 3262 nobiscum

464 3304 1078 3374 communicandum
1120 3306 1477 3390 petivimus
1530 3313 1596 3371 et
1650 3297 1804 3373 mox
1851 3308 2219 3391 accepimus
2274 3328 2358 3372 ex
2402 3307 2757 3372 autoritate
2799 3308 3092 3390 supremi
3132 3307 3519 3373 vinariensis
3560 3305 3861 3391 gubernii
3901 3305 4222 3390 praesulis
4264 3308 4345 3373 L.
4387 3306 4470 3373 B.

464 3417 549 3484 de
589 3417 947 3483 Watzdorf
981 3436 1380 3496 concessum,
1426 3418 1534 3483 cui
1576 3438 1832 3484 summo
1856 3419 2001 3485 viro
2045 3418 2304 3503 publice
2347 3417 2633 3484 hocloco
2677 3417 2930 3485 debitas
2969 3419 3215 3503 gratias
3258 3417 3633 3501 persolvere
3678 3417 3997 3484 volumus.
4051 3416 4360 3502 Inspecto
4402 3424 4474 3483 et

465 3529 830 3596 accuratius
874 3529 1249 3594 examinato
1303 3528 1520 3595 libello
1564 3528 1681 3595 illo
1695 3581 1711 3594 .
1735 3529 1992 3595 ienensi
2044 3550 2200 3595 mox
2253 3550 2372 3613 pro
2415 3537 2595 3595 certo
2637 3537 2705 3594 et
2747 3529 3120 3596 indubitato
3175 3530 3529 3596 habuimus
3575 3550 3729 3595 eum
3770 3529 4036 3595 omnino
4083 3528 4291 3595 alium
4332 3550 4477 3595 esse

462 3660 663 3725 quam
704 3640 816 3723 qui
859 3639 1060 3724 vulgo
1096 3639 1324 3705 eodem
1373 3640 1639 3706 nomine
1679 3640 1908 3708 venire
1951 3640 2118 3707 solet
2132 3692 2148 3719 ,
2203 3648 2270 3707 et
2324 3662 2395 3706 re
2439 3661 2599 3706 vera
2641 3640 3087 3707 calvinianum
3127 3642 3471 3725 ingenium
3511 3642 3790 3724 spirare,
3835 3648 3975 3706 tam
4019 3661 4104 3706 ex
4145 3640 4479 3707 sermonis

463 3751 690 3820 vivida
732 3760 801 3817 et
842 3741 1128 3837 eleganti
1167 3750 1475 3817 facundia
1517 3751 2029 3836 agnoscendum,
2087 3772 2284 3836 quam
2326 3753 2396 3817 in
2439 3752 2756 3819 acerrimo
2801 3751 3181 3836 fervidoque
3237 3751 3695 3837 disputationis
3742 3754 3991 3835 impetu
4033 3752 4478 3834 conspicuum.

463 3864 630 3929 Mox
670 3864 888 3943 etiam,
931 3884 1097 3946 quae
1141 3885 1226 3929 ex
1267 3863 1547 3928 lectione
1586 3863 1772 3930 nobis
1815 3871 1975 3929 nata
2011 3864 2290 3947 suspicio
2325 3871 2484 3943 erat,
2527 3885 2674 3930 eam
2715 3863 3228 3930 luculentissimo
3261 3873 3332 3930 et
3364 3865 3728 3931 certissimo
3763 3863 4073 3929 historiae
4106 3862 4479 3930 testimonio

462 3975 848 4043 confirmari
885 3974 1186 4040 vidimus.
1276 3972 1413 4040 Sed
1459 3982 1612 4039 ante
1655 3976 1878 4040 omnia
1918 3975 2137 4058 ipsum
2179 3975 2498 4054 libellum,
2548 3975 2736 4042 cuius
2782 3998 2869 4041 an
2914 3975 3045 4041 alia
3086 3975 3328 4043 alicubi
3374 3974 3777 4059 exemplaria
3820 3981 4085 4041 exstent
4124 3974 4477 4054 nescimus,

470 4084 772 4171 pluribus
816 4084 1272 4150 describemus.
1363 4086 1623 4151 Titulus
1667 4094 1795 4152 est:

637 4201 648 4212 ·
778 4179 1489 4292 CONSILI-lvu
1530 4196 2015 4264 ADMoDvM
2072 4198 2580 4285 PA-qmm
2626 4209 2845 4264 mm
2888 4211 2987 4264 111.
3058 4197 3460 4281 pommus
3504 4196 3810 4277 Romane,
3846 4196 4063 4261 aarum
4097 4194 4482 4280 Imaum·

466 4306 542 4372 in
588 4306 603 4387 Ι
654 4305 895 4389 Belyis,
937 4325 1059 4387 per
1119 4303 1517 4372 Cardinaleni
1566 4308 1930 4390 fcernesium
1978 4309 1991 4391 Ι
2049 4308 2372 4390 Pontificis
2423 4315 2722 4392 nepotem,
2769 4331 2894 4394 pro
2944 4313 2951 4390 Ι
3006 4309 3407 4376 Lutheranis.
3459 4308 3471 4391 Ι
3520 4309 3726 4374 Anno.
3775 4307 3787 4379 Ι
3843 4311 4008 4372 1540
4061 4307 4074 4391 Ι
4390 4304 4485 4371 Et

467 4427 764 4483 Evssssn
811 4425 1168 4480 PAMPHILI
1213 4427 1550 4484 mvsmm
1599 4420 1610 4504 Ι
1658 4420 1905 4485 consilii
1937 4421 2059 4501 pia
2096 4424 2152 4485 et
2192 4421 2505 4487 salutans
2542 4420 2553 4506 1
2590 4422 2935 4503 eaepluatio.
3335 4408 3348 4422 ’

776 4528 1024 4592 Forma
1064 4530 1397 4593 octonaria
1436 4531 1670 4609 minor,
1716 4532 2177 4614 quaterniones
2220 4552 2336 4597 sex
2381 4541 2532 4599 cum
2575 4532 2842 4599 dimidio
2886 4534 2982 4618 (A
2999 4532 3213 4616 —Gr),
3257 4531 3412 4597 folia
3436 4535 3537 4610 51,
3581 4529 3751 4595 nulli
3792 4529 4097 4595 foliorum
4138 4537 4253 4595 aut
4292 4527 4481 4613 pagi-

466 4659 706 4705 narum
749 4638 1027 4703 numeri.
1114 4639 1380 4706 Folium
1423 4643 1785 4708 secundum
1830 4642 2097 4708 exhibet
2143 4643 2614 4725 praefationem
2658 4665 2825 4728 quae
2870 4644 3110 4710 dicitur
3151 4642 3464 4726 Epistola.
3555 4641 3873 4724 Sequitur
3912 4642 4052 4726 ipse
4095 4647 4315 4707 textus
4357 4638 4482 4704 du-

468 4751 627 4835 plici
681 4757 986 4835 typorum
1049 4771 1288 4835 genere
1343 4774 1722 4837 expressus,
1781 4756 1877 4819 ita
1931 4761 2009 4818 ut
2063 4754 2308 4820 maiore
2369 4752 2751 4820 charactere
2793 4775 3063 4836 romano
3106 4753 3448 4820 Pontifiois
3491 4752 3838 4818 consilium
3873 4774 3994 4837 per
4027 4753 4291 4831 breves,
4343 4750 4483 4816 imo

469 4860 713 4945 passim
767 4859 1216 4940 brevissimas,
1267 4873 1334 4928 et
1389 4863 1603 4947 quoad
1656 4867 1866 4949 ipsam
1920 4864 2232 4949 phraseos
2298 4865 2617 4949 syntaxin
2681 4865 3013 4949 disruptas
3071 4871 3294 4930 textus
3349 4871 3572 4947 partes
3588 4915 3604 4943 ,
3680 4865 3932 4930 minore
3987 4870 4213 4931 autem
4263 4862 4487 4927 italico

471 4974 613 5039 sive
656 4971 913 5037 cursivo
971 4971 1054 5038 ad
1109 4974 1404 5057 singulas
1446 4978 1784 5060 pertinens
1829 4977 2135 5041 refutatio
2190 4975 2464 5042 alternis
2508 4975 2760 5043 vicibus
2815 4976 3179 5059 descriptae
3235 4976 3521 5041 veniant.
3608 4975 3695 5040 In
3738 4977 3870 5041 fine
3914 4975 4179 5061 legitur:
4235 4972 4485 5039 Datum

465 5083 807 5151 Bethuliac
849 5082 1085 5150 Iudeac
1127 5085 1319 5152 Anno
1381 5091 1537 5153 1541
1596 5087 1813 5153 Mense
1857 5085 2116 5153 Martio.
2206 5086 2689 5172 Typographus
2727 5108 2882 5155 vero
2934 5086 3344 5170 subscripsit:
3399 5096 3823 5153 IMPRESSVM
3864 5097 4009 5153 PER
4049 5083 4481 5171 ΙΟΗΔΝΝΕΜΙ

4446 5397 4485 5423 Q
