4984 5975
548 260 629 321 23
640 262 669 321 1
2073 251 3028 320 PSYOHOPANNYOHIA.
4432 251 4554 313 232

544 455 616 510 et
673 446 843 510 hanc
900 465 1043 510 esse
1099 446 1240 509 eius
1292 443 1837 522 misericordiam,
1896 442 2065 525 quod
2108 442 2422 525 eripimur
2464 461 2505 506 a

546 533 781 597 mortis
822 528 1134 605 faucibus.

720 658 1072 740 Quartum:
1130 656 1210 723 Si
1253 657 1568 722 direxerit
1613 656 1697 723 ad
1741 677 1896 723 eum
1940 677 2051 722 cor
2091 677 2287 720 suum
2306 707 2322 736 ,
2368 656 2500 739 spi-

547 746 748 810 ritum
806 751 873 809 et
927 745 1159 807 flatum
1202 743 1487 808 hominis
1529 741 1613 808 ad
1657 765 1728 808 se
1771 742 2017 821 trahet,
2065 741 2321 807 deficiet
2361 763 2501 807 om-

545 832 649 895 nis
691 850 841 895 caro
884 829 1102 907 simul,
1148 837 1216 893 et
1248 830 1496 894 homo
1479 851 1551 892 ιιι
1595 830 1883 895 cinerem
1916 834 2290 894 revertetur
2328 826 2496 927 (1⁰b:

547 916 837 997 34,14).
926 915 1116 996 Quae
1158 913 1362 980 verba
1405 916 1463 979 si
1508 914 1587 979 de
1629 915 1865 981 iudicio
1909 915 2265 998 accipiunt,
2311 914 2499 996 quasi

544 1001 815 1099 dicatur,
860 1000 1196 1065 hominem
1232 1000 1372 1065 eius
1414 1001 1515 1064 ira
1557 1000 1842 1080 dissolvi,
1890 1000 2115 1080 disiici,
2163 997 2496 1079 confundi,

543 1094 612 1152 et
653 1086 725 1151 in
773 1086 1058 1150 ιιιιιιιιιιιι
1103 1086 1299 1164 abire,
1346 1085 1496 1169 plus
1538 1086 1673 1152 illis
1715 1086 2065 1152 concedam
2108 1106 2305 1185 quam
2344 1105 2494 1168 pos-

544 1173 773 1237 tulent.
865 1170 944 1237 Si
996 1171 1379 1257 intelligunt
1413 1172 1748 1256 spiritum,
1796 1171 1865 1237 id
1901 1179 2001 1237 est
2035 1173 2339 1251 animam,
2374 1191 2495 1254 per

540 1268 824 1323 mortem
861 1257 945 1322 ad
981 1258 1204 1323 Deum
1249 1257 1492 1334 redire,
1531 1264 1597 1323 et
1630 1260 1894 1337 flatum,
1931 1256 2002 1321 id
2036 1265 2137 1322 est
2179 1257 2490 1323 virtutem

541 1353 780 1421 motus,
805 1363 923 1408 seu
958 1343 1229 1408 vitalem
1256 1309 1702 1427 agitationem,
1739 1342 2041 1409 recedere
2075 1341 2158 1407 ab
2194 1342 2489 1407 homine:
2505 1390 2514 1397 -

538 1428 709 1493 nihil
756 1429 1059 1513 reluctor.
1125 1427 1202 1494 Si
1245 1429 1671 1508 contendunt,
1718 1430 2004 1495 animam
2040 1429 2273 1510 perire,
2310 1429 2494 1493 forti-

541 1522 644 1580 ter
689 1514 986 1581 reclamo,
1054 1513 1454 1597 Quanquam
1508 1515 1700 1598 paulo
1752 1516 1949 1580 etiam
2008 1536 2197 1580 secus
2254 1514 2499 1579 habent

540 1599 863 1666 hebraica.
931 1600 1184 1665 Verum
1217 1621 1448 1665 eorum
1483 1600 1722 1668 cavilla
1755 1606 2106 1667 contentus
2149 1599 2496 1684 depulisse,

548 1707 681 1751 non
724 1687 1036 1768 insequar
1081 1685 1364 1769 longius.

719 1814 1005 1879 Vibrant
1047 1821 1114 1879 et
1156 1813 1284 1879 alia
1323 1813 1659 1896 quaedam,
1698 1812 1812 1879 sed
1851 1815 2086 1880 obtusa
2128 1814 2284 1879 tela:
2330 1835 2499 1897 quae

547 1919 669 1964 nec
722 1900 993 1976 feriunt,
1052 1908 1122 1964 et
1174 1905 1425 1964 terrent
1478 1920 1610 1965 non
1662 1900 1961 1965 multum.
2052 1898 2279 1965 Oitant
2320 1901 2498 1965 enim

543 1984 890 2063 nonnulla,
937 1984 1208 2049 minime
1252 1985 1335 2049 ad
1371 2006 1511 2050 rem
1554 1986 1888 2067 facientia,
1935 2006 2138 2069 eaque
2174 2007 2259 2051 ex
2312 1986 2497 2051 libris

2607 441 2896 507 incertae
2929 439 3099 517 fidei,
3138 448 3368 522 quarto
3404 438 3657 503 Esdrae
3693 446 3760 504 et
3795 437 4079 504 secundo
4122 438 4555 504 Machabaeo-

2606 548 2784 604 rum,
2829 525 3063 608 quibus
3105 524 3275 589 nihil
3330 524 3508 590 aliud
3551 545 3940 607 responsum
3982 523 4315 603 volumus,
4360 544 4556 607 quam

2606 578 2784 696 quod²
2800 612 2985 696 prius
3022 610 3452 677 disseruimus
3489 610 3570 676 de
3603 610 4095 675 resurrectione.
4161 607 4556 693 Quanquam

2604 698 2712 764 hio
2767 696 3071 764 omnibus
3126 719 3196 763 se
3249 695 3564 780 produnt,
3612 715 3805 779 quam
3849 696 3986 762 sint
4025 694 4282 778 perdita
4322 696 4552 775 fronte,

2604 784 2715 867 qui
2769 783 3089 861 Esdram,
3146 804 3353 865 quum
3396 790 3571 848 totus
3614 792 3837 847 noster
3880 783 3994 859 sit,
4053 780 4138 847 ad
4180 802 4250 846 se
4293 781 4555 846 trahere

2603 869 2865 936 audent.
2957 868 3510 934 Maeliabaeorum
3554 867 3755 933 libros
3800 888 3919 952 pro
3963 887 4033 932 se
4086 867 4379 951 proferre
4423 887 4555 932 non

2600 964 2945 1021 verentur:
2994 955 3108 1020 ubi
3151 955 3467 1019 Ieremias
3506 960 3805 1019 mortuus
3843 954 4199 1018 Dominum
4233 960 4552 1036 precatur,

2599 1063 2716 1124 pro
2776 1041 3202 1125 belligerante
3257 1040 3527 1124 populo,
3513 1063 3526 1077 ·
3590 1040 3704 1105 ubi
3769 1040 4217 1105 instituuntur
4272 1059 4391 1121 pro
4443 1037 4555 1102 de-

2599 1128 2844 1193 functis
2866 1127 3209 1205 orationes,
3253 1131 3370 1205 [fol.
3399 1129 3505 1204 51]
3545 1127 3805 1226 quibus
3821 1147 3862 1190 a
3870 1125 4164 1226 ‘peccatis
4195 1125 4552 1191 solvantur.

2596 1213 2866 1279 Habent
2919 1213 3088 1277 forte
3144 1222 3212 1276 et
3261 1213 3415 1276 alia:
3475 1211 3593 1277 sed
3647 1210 3811 1276 mihi
3865 1212 4230 1311 incognita.
4299 1210 4396 1278 Ut
4450 1211 4555 1274 oui

2599 1318 2830 1363 eorum
2873 1306 3240 1363 commenta
3281 1298 3500 1363 omnia
3542 1296 3765 1362 videre
3809 1318 3943 1363 non
3989 1298 4165 1363 conti
4217 1298 4279 1361 t.
4370 1294 4556 1360 Nihil

2600 1404 2758 1449 sane
2801 1384 3109 1468 praeterii
3146 1385 3376 1461 sciens,
3415 1382 3588 1466 quod
3624 1383 4048 1467 simpliciores
4083 1318 4308 1447 νθῗιιιει
4343 1380 4553 1467 gradu

2601 1469 2897 1549 deiicere,
2939 1469 3051 1534 vel
3095 1489 3359 1535 movere
3401 1477 3640 1553 posset.
3730 1468 3920 1535 Istud
3963 1490 4232 1534 rursum
4276 1468 4549 1533 lectores

2599 1577 2826 1621 omnes
2887 1556 2969 1639 (si
3013 1556 3126 1639 qui
3167 1562 3389 1619 tamen
3431 1560 3656 1637 erunt)
3709 1555 4024 1620 memoria
4083 1560 4310 1618 tenere
4364 1553 4543 1618 volo.

2601 1640 3086 1724 Catabaptistas
3131 1640 3339 1724 (quos,
3378 1640 3462 1706 ad
3505 1661 3698 1705 omne
3741 1661 3950 1724 genus
3993 1640 4394 1723 flagitiorum
4438 1637 4549 1703 de-

2601 1726 3016 1811 signandum,
3054 1728 3422 1792 nominasse
3456 1727 3615 1792 satis
3652 1728 3780 1811 est)
3816 1747 3958 1792 esse
3998 1725 4317 1810 praeclari
4352 1723 4550 1789 huius

2602 1812 2925 1897 dogmatis
2948 1820 3225 1878 autores.
3294 1812 3539 1878 Merito
3564 1813 3741 1877 enim
3773 1809 3965 1877 debet
3999 1811 4186 1877 nobis
4222 1830 4365 1875 esse
4404 1829 4549 1875 sns-

2601 1907 2896 1983 pectum,
2942 1897 3257 1982 quidquid
3311 1919 3352 1962 a
3394 1899 3511 1962 tali
3554 1898 3813 1963 officina
3898 1897 4194 1962 rodierit:
4242 1916 4406 1980 quae
4447 1902 4548 1960 tot

2601 1992 2904 2069 portenta
2945 1993 3012 2050 et
3045 1985 3361 2067 fabricata
3403 1991 3504 2049 est
3545 1991 3614 2048 et
3656 1984 3837 2066 quoti
3906 2004 3942 2048 e
3985 1983 4356 2049 fabricatur.

2404 2377 2685 2433 FINIS.
