4984 5975
2122 346 2777 415 PROLEGOMEN
2779 349 2861 414 A.
3621 341 3630 354 '
4156 348 4515 418 xxxvl]

484 535 728 605 docebit
767 538 1233 622 scnpturamm
1273 536 1549 603 omnium
1578 536 1950 620 penitiorem
1992 533 2479 623 intelliqentiam.
2572 535 2836 603 Summa
2887 537 3266 623 yalbicamm
3308 537 3708 605 ecclesiarum
3750 537 3989 622 afflicta
4038 538 4302 606 conditio
4343 539 4518 623 effla·-

479 649 650 735 qitot
685 654 760 714 ut
798 648 878 714 ab
920 647 1202 715 omnibus
1242 647 1719 714 contentionibus
1761 649 2025 716 avocetis
2055 648 2288 733 potius.
2380 647 2557 714 Nam
2602 648 2719 715 tali
2766 669 2958 733 opera
2985 649 3305 733 plurimos
3355 669 3573 732 eosque
3622 649 3882 716 eximios
3932 654 4334 717 assectatores
4381 670 4515 717 cas-

484 765 734 828 trenam
780 756 1019 826 chrisa
1060 758 1474 827 conmutatis.
1565 758 1656 825 Ec
1690 766 1912 841 tamen,
1954 760 2049 826 mi
2084 759 2436 842 Marciano,
2474 759 2738 826 liberum
2771 781 2894 845 per
2934 781 3032 826 me
3069 761 3282 844 fuerit,
3323 765 3540 826 amm
3582 760 3753 842 velis,
3796 765 3910 826 aut
3942 761 4163 828 edendi
4194 766 4307 826 aut
4338 761 4515 844 diffe-

491 870 695 938 rendi.
799 870 986 937 Volui
1028 876 1253 952 tamen,
1296 871 1462 954 quod
1503 871 1662 936 mihi
1701 872 2031 953 viderettor,
2089 871 2283 939 obiter
2319 871 2620 938 indicare.
2707 872 2893 939 Haec
2949 872 3078 939 ille.
3166 871 3376 938 Vides
3430 893 3581 938 eum
3633 871 3808 956 loqui
3864 871 3945 939 de
3999 873 4168 940 libro
4216 871 4518 938 nondum

491 981 700 1065 edito,
747 990 818 1048 et
858 982 1125 1067 quidem
1168 983 1418 1050 autoris
1462 984 1572 1069 qui
1615 983 1787 1049 nihil
1831 991 2029 1050 antea
2070 983 2418 1068 theologici
2462 985 2835 1068 argumenti
2879 985 3230 1067 scripserit.
3320 983 3449 1049 Cui
3503 983 3779 1051 suadere
3830 992 4105 1051 conatur
4144 990 4221 1049 ut
4262 982 4346 1049 ab
4388 984 4517 1050 8110

495 1096 721 1181 potius
764 1102 1153 1181 argumento
1196 1091 1542 1161 literarum
1584 1095 1975 1161 industriam
2030 1096 2407 1180 auspicetur
2421 1147 2440 1176 ,
2496 1117 2692 1180 quam
2736 1115 2777 1159 a
2817 1095 3134 1180 polemico
3177 1094 3319 1176 illo,
3377 1094 3730 1162 dubiorum
3783 1102 3851 1160 et
3902 1096 4198 1162 rixarum
4250 1096 4514 1161 foecun-

498 1204 789 1273 dissimo.
876 1204 1139 1290 Scripta
1192 1213 1294 1271 est
1343 1206 1547 1292 igitur
1601 1207 1877 1291 epistola
1927 1206 2044 1273 illa
2099 1215 2253 1272 ante
2308 1207 2551 1273 editam
2602 1207 3098 1273 Institutionem
3112 1259 3128 1287 ,
3193 1206 3486 1290 viditque
3541 1206 3775 1289 Oapito
3829 1205 4515 1293 Psychopannychiae

490 1318 835 1401 exemplar
872 1339 1076 1384 manu
1119 1319 1469 1402 scriptum,
1527 1316 1692 1383 illud
1734 1320 1951 1403 ipsum
1994 1320 2270 1386 fortasse
2314 1319 2394 1384 de
2436 1341 2563 1403 quo
2607 1309 2954 1386 Calvinus
2983 1320 3055 1383 in
3107 1318 3317 1385 literis
3376 1317 3459 1384 ad
3502 1316 3917 1384 Libertetum
3971 1316 4142 1383 datis
4195 1318 4380 1401 quasi
4432 1317 4516 1384 de

486 1451 709 1514 nuper
759 1430 1122 1513 conscripto
1176 1428 1458 1496 necdum
1524 1429 1669 1498 aliis
1726 1429 2021 1498 exhibito
2073 1430 2381 1514 loquitur.
2472 1431 2823 1498 Caeterum
2876 1437 3133 1497 constat
3187 1429 3574 1515 Capitonem
3631 1427 4093 1512 Anabaptistis
4146 1450 4279 1494 non
4333 1429 4516 1494 omui

485 1547 789 1626 tempore
832 1561 1053 1624 aeque-
1078 1540 1411 1607 infensum
1455 1541 1656 1607 fuisse
1701 1562 1777 1607 ac
1818 1541 2089 1627 plurimi
2132 1541 2309 1609 illius
2354 1543 2585 1608 aetatis
2640 1541 2930 1628 theologi
2945 1593 2962 1623 ‚
3020 1543 3114 1606 ita
3165 1552 3240 1607 ut
3293 1544 3513 1608 minus
3567 1538 3941 1605 mirandum
3983 1539 4306 1619 videatur,
4362 1560 4517 1605 08111

480 1673 615 1738 pro
660 1673 780 1720 sua
813 1658 1002 1737 parte
1045 1651 1228 1719 hunc
1271 1673 1520 1718 novum
1564 1660 1630 1719 et
1671 1653 2138 1720 vehementem
2179 1654 2504 1738 impetum
2550 1653 2630 1719 ab
2675 1653 2909 1720 iisdem
2955 1660 3255 1720 avertere
3299 1650 3644 1719 studuisse.

800 1763 930 1830 111.
1022 1761 1305 1830 Duabus
1364 1763 1498 1831 11118
1552 1764 1888 1849 primariis
1943 1763 2343 1833 editionibus
2399 1765 2852 1833 deficientibus
2908 1766 3105 1831 tertia
3158 1763 3741 1850 Argentoratensis
3798 1762 3986 1830 uobis
4037 1781 4159 1848 pro
4215 1768 4513 1846 tempore

489 1876 804 1962 princeps
843 1877 923 1941 fit
965 1874 1050 1940 ad
1092 1875 1278 1942 cuius
1315 1874 1514 1942 fidem
1557 1883 1817 1943 textum
1856 1877 2082 1944 recudi
2126 1877 2520 1944 curabimus.
2611 1876 2933 1962 Sumptus
2973 1877 3151 1943 illius
3202 1876 3358 1942 fecit
3397 1874 3842 1941 Wendelinus
3895 1873 4009 1939 ille
4048 1873 4356 1940 Rihelius
4396 1872 4510 1957 qui

484 1987 694 2054 etiam
738 1985 1238 2052 Institutionem
1280 1986 1709 2053 christianam
1752 1990 2012 2074 saepius
2053 1989 2238 2074 prelo
2280 2010 2399 2056 suo
2442 1989 2714 2057 subiecit
2758 1996 2826 2055 et
2866 1990 2972 2056 cui
3015 1988 3339 2118 Calvinus
3382 1987 3527 2054 sine
3571 1986 3766 2053 dubio
3803 1985 4010 2054 libelli
4050 1986 4227 2073 typis
4265 1986 4511 2051 iterum

484 2097 849 2166 mandandi
891 2099 1032 2182 ipse
1074 2099 1203 2164 fuit
1244 2105 1449 2165 autor.
1538 2100 1801 2165 Titulus
1844 2109 1971 2165 est:

816 2197 1274 2283 VIVERE
1330 2195 1343 2302 Ι
1396 2210 1653 2278 APVD
1716 2209 2205 2278 CHRIS'PVM
2245 2210 2254 2297 Ι
2290 2221 2447 2289 non
2506 2197 2852 2289 dormire
2899 2197 3184 2290 animis
3240 2205 3588 2304 sanem,
3648 2195 3786 2312 qm·
3834 2195 3848 2301 Ι
3900 2195 3981 2285 in
4016 2192 4179 2312 fide
4226 2188 4516 2286 671115·ιὶ

478 2326 890 2419 dessedum
947 2333 959 2439 Ι
1012 2321 1397 2418 Assertio
1452 2332 1464 2438 Ι
1518 2340 1788 2408 Ioannis
1845 2337 2133 2406 Caluini.
2227 2348 2535 2416 (Emblema
2552 2347 2844 2415 officinae.)
2951 2346 3474 2403 ARGENTORATI
3526 2363 3631 2417 per
3702 2344 4095 2402 Vuendclinun·
4147 2346 4157 2414 Ι
4214 2343 4511 2400 3171011881.

479 2469 658 2525 Anno
690 2467 768 2523 M.
801 2468 868 2522 D.
903 2467 1078 2525 XLII.

802 2563 1053 2629 Forma
1094 2560 1247 2628 libri
1291 2570 1394 2628 081
1435 2564 1766 2630 octonaria
1808 2563 2025 2628 minor
2069 2582 2268 2646 quam
2310 2562 2506 2628 hodie
2548 2562 3040 2629 sedecimariam
3084 2560 3467 2629 diceremus.
3530 2559 3880 2627 Emblema
3913 2560 4091 2626 idem
4131 2560 4300 2626 illud
4341 2560 4516 2644 quod

481 2676 566 2742 in
622 2675 1122 2761 Prolegomenis
1175 2675 1359 2740 Tem.
1417 2674 1473 2740 I.
1527 2695 1675 2760 pag.
1735 2673 2024 2741 XXXII
2077 2672 2558 2758 descripsimus.
2646 2674 2822 2759 Typi
2873 2673 3138 2741 cursivi.
3226 2672 3421 2739 Folia
3484 2671 3976 2756 praeliminaria
4027 2684 4170 2738 octo
4229 2671 4325 2759 (a)
4375 2692 4514 2740 8011

486 2795 849 2853 numerata
905 2785 1223 2852 exhibent
1278 2783 1442 2852 duas
1496 2786 1931 2870 praefationes
1944 2837 1961 2865 ,
2018 2784 2542 2851 aurelianensem
2600 2793 2668 2852 et
2721 2784 3151 2851 basileensem
3165 2835 3182 2863 ,
3241 2784 3624 2851 charactere
3681 2785 3841 2850 satis
3892 2782 4130 2868 grandi
4185 2791 4511 2853 exaratas.

488 2899 751 2965 'l'extus
793 2897 1160 2965 absolvitur
1201 2919 1320 2963 sex
1364 2897 1902 2979 quaternionibus
1944 2905 2013 2963 et
2055 2894 2323 2963 dimidio
2377 2897 2679 2984 (A—G),
2733 2896 2907 2963 foliis
2959 2897 3327 2962 numeratis
3375 2901 3479 2974 51,
3532 2896 3604 2961 in
3646 2917 3920 2979 quorum
3978 2895 4211 2962 ultimo
4266 2898 4512 2982 legitur

482 3009 892 3096 typosfflphi
935 3009 1350 3095 subscriptio:
1413 2991 1919 3112 Araentorati
1962 3020 2119 3112 per
2189 2991 2738 3089 Vuendelinum
2796 2990 3198 3087 Rihelium.
3317 2990 3544 3086 Amo
3603 2988 3704 3086 M.
3737 2990 3833 3086 D.
3859 2989 3937 3086 Χ
3934 2990 4090 3086 LII.
4203 3008 4511 3093 Sequun-

482 3129 613 3187 tur
653 3121 821 3188 duae
857 3122 1140 3207 paginae
1180 3120 1396 3188 albae:
1440 3121 1594 3188 folio
1636 3120 1871 3188 ultimo
1915 3142 2106 3189 verso
2142 3121 2386 3188 iterum
2422 3121 2776 3189 exhibetur
2794 3120 3152 3189 Riheliana
3192 3119 3309 3185 illa
3336 3121 3661 3200 Nemesis,
3705 3121 3917 3187 forma
3956 3120 4152 3204 paulo
4197 3142 4395 3205 quam
4441 3122 4513 3186 in

478 3233 686 3299 titulo
724 3233 1143 3319 elegantiore.
1232 3233 1485 3299 'sextus
1530 3233 1925 3319 dispescitur
1964 3233 2039 3298 in
2081 3233 2529 3319 paragraphos
2571 3233 2713 3302 sive
2759 3233 3082 3301 sectiones
3095 3283 3114 3313 ,
3174 3250 3312 3298 11011
3354 3230 3620 3316 quidem
3672 3234 3970 3299 numeris
4013 3233 4356 3301 distinctas
4395 3232 4513 3300 sed

479 3344 774 3410 maiores
816 3343 1106 3411 unciales
1150 3342 1375 3410 literas
1417 3364 1577 3429 prae
1620 3365 1692 3411 80
1732 3346 2038 3425 ferentes,
2082 3366 2281 3429 quam
2325 3344 2716 3413 divisionem
2757 3366 2983 3411 omnes
3027 3343 3361 3425 editiones<
3382 3345 3786 3429 ,posteriores
3830 3354 4200 3411 servarunt.

803 3455 1028 3522 Huius
1066 3454 1371 3521 editionis
1413 3456 1820 3541 exemplaria
1862 3455 2010 3536 duo,
2056 3455 2341 3523 alterum
2379 3458 2729 3536 turicense,
2777 3455 3061 3522 alterum
3103 3455 3705 3541 guelferbytanum,
3750 3455 3835 3521 ad
3869 3477 4106 3523 manus
4140 3464 4331 3521 erant
4368 3462 4512 3523 tex-

477 3573 636 3634 tum
672 3567 1307 3653 recognoscentibus.

801 3677 923 3745 lv.
1012 3678 1238 3745 Editio
1279 3678 1532 3745 Rihelii
1576 3679 1864 3749 secunda
1905 3680 2190 3747 11108810
2230 3686 2383 3764 post
2421 3679 2709 3764 priorem
2750 3680 2994 3764 prodiit
3036 3679 3226 3746 titulo
3269 3700 3444 3747 novo
3490 3686 3559 3780 et
3599 3680 3797 3765 plane
3842 3679 4112 3746 ridiculo
4153 3679 4508 3764 insignita:

804 3788 1543 3858 PSYOHOPANNY-
1568 3787 1800 3878 ΙΟΗΙΑ,
1840 3799 1990 3870 QVA
2022 3800 2502 3859 REFELLITVR
2544 3799 2711 3870 Qvo·
2735 3791 3055 3878 lrundam
3086 3768 3547 3875 imperitorum
3587 3813 3788 3872 error,
3831 3792 3945 3875 qui
3982 3792 4117 3857 ani·
4148 3791 4325 3873 111188
4360 3798 4512 3877 post

483 3910 777 3968 mortem
817 3923 1027 3986 usque
1070 3901 1154 3967 ad
1196 3902 1352 3968 ulti-
1376 3896 1598 3987 {mum
1630 3900 1949 3970 iudicium
1991 3902 2232 3972 dormi-
2258 3901 2367 3989 110
2419 3910 2675 3989 putant.
2717 3901 2728 3989 Ι
2765 3912 3128 3969 LIBELLVS
3171 3911 3374 3974 ANTE
3421 3913 3713 3969 SEPTEM
3748 3911 3760 3980 Ι
3800 3925 3978 3965 annos
3999 3912 4345 3981 conpositae,
4362 3928 4515 3968 nunc

480 4026 677 4077 tanen
710 4036 831 4092 pn-
857 4022 1033 4089 'mum
1078 4038 1141 4077 m
1198 4023 1368 4078 tuem
1428 4021 1658 4077 aeditua
1688 4020 1699 4093 ι
1728 3996 2073 4093 Autlwre
2130 3996 2429 4094 Ioanne
2492 3993 2834 4093 Caluino
2957 4008 3287 4094 (smum)
3348 4023 3875 4081 ARGENTORATI
3939 4024 4088 4081 PER
4141 4013 4511 4100 mmm-1

480 4134 662 4189 linum
694 4133 977 4191 Rihelium.
1063 4135 1225 4191 Auno
1257 4136 1334 4192 M.
1371 4135 1438 4191 D.
1472 4135 1639 4191 XLV.

802 4236 1090 4304 Cuinam
1130 4236 1344 4302 editor
1387 4237 1512 4303 hoc
1551 4258 1672 4304 suo
1713 4235 2055 4305 mendacio
2096 4238 2322 4305 fucum
2363 4239 2580 4307 facere
2620 4236 2912 4323 potuerit
2963 4237 3144 4302 haud
3198 4238 3391 4306 facile
3446 4238 3711 4305 dixeris.
3798 4240 3998 4305 Patet
4047 4246 4302 4319 tamen,
4358 4238 4513 4306 Cal-

482 4347 731 4415 vinum
772 4349 991 4432 ipsum
1034 4348 1235 4415 huius
1275 4348 1431 4416 libri
1472 4358 1825 4434 patronum
1864 4349 2248 4433 neutiquam
2289 4350 2510 4432 fuisse,
2554 4357 2623 4415 et
2661 4371 2831 4435 quae
2872 4349 2945 4415 in
2987 4371 3064 4416 eo
3106 4351 3351 4433 passim
3405 4358 3755 4416 occurrunt
3803 4351 4119 4419 lectiones
4162 4352 4511 4431 variantes,

486 4480 611 4526 eas
652 4457 907 4525 nullam
951 4460 1076 4526 sibi
1115 4460 1313 4527 fidem
1357 4461 1691 4528 vindicare
1733 4481 1942 4544 posse.
2009 4461 2242 4545 Itaque
2277 4483 2436 4529 sane
2478 4463 2825 4530 miraberis
2864 4483 3108 4528 nomen
3146 4460 3843 4549 Psychopannychiae,
3888 4470 4086 4546 atque
4121 4461 4304 4545 adeo,
4347 4483 4515 4547 quae

482 4569 659 4636 illud
696 4572 767 4635 in
810 4571 1003 4637 titulo
1050 4573 1363 4656 sequitur,
1410 4572 1885 4657 expositionem
1930 4575 2305 4658 argumenti
2345 4576 2420 4641 in
2461 4574 2860 4641 recentiores
2903 4573 3219 4640 editiones
3273 4573 3642 4653 transiisse,
3703 4575 3833 4641 nisi
3884 4575 4161 4642 fortasse
4211 4576 4286 4640 in
4337 4573 4514 4641 basi-

478 4682 699 4749 leensi
743 4681 1027 4749 editione
1072 4684 1204 4749 iam
1251 4670 1579 4751 exstiterit
1631 4684 1796 4751 11800
1850 4684 2216 4767 inscriptio,
2278 4708 2318 4752 a
2360 4685 2639 4753 Calvino
2693 4707 2869 4752 anno
2919 4688 3081 4750 1542
3137 4693 3407 4750 mutata.
3498 4683 3836 4770 Quidquid
3889 4687 4008 4767 sit,
4065 4694 4339 4765 externa
4392 4708 4515 4753 8118

474 4795 704 4860 forma
746 4793 911 4861 haec
954 4794 1374 4878 praecedenti
1415 4795 1768 4874 simillima,
1814 4795 1907 4860 ita
1948 4802 2026 4861 ut
2065 4768 2293 4891 paucis
2333 4820 2476 4864 rem
2521 4796 2829 4881 expedire
2870 4797 3213 4881 possimus.
3302 4795 3786 4878 Quaterniones
3844 4807 4003 4864 sunt
4042 4807 4186 4864 octo
4229 4799 4515 4884 (A—H)

480 4925 770 4989 quorum
812 4907 1066 4990 primus
1109 4908 1565 4991 praefationes,
1611 4907 1856 4976 caeteri
1896 4915 2158 4974 textum
2215 4910 2585 4991 continent,
2641 4910 2828 4975 08188
2884 4918 3042 4975 sunt
3094 4907 3251 4975 folia
3301 4916 3666 4995 numerata,
3695 4914 3805 4990 543
3860 4917 4203 4992 praeterea
4255 4909 4385 4975 duo
4437 4932 4558 4976 m

479 5015 673 5084 albis
759 5016 948 5083 Folio
1007 5021 1088 5081 54
1144 5039 1338 5085 verso
1394 5018 1665 5105 legitur·
1723 4999 2228 5121 Araentorati
2274 5033 2428 5124 per
2499 5004 3045 5102 Vuendelinum
3115 5001 3493 5100 Bihelium
3552 5000 3826 5100 Mense
3884 5003 4186 5099 Martio.
4249 5019 4512 5089 ANNO

480 5133 677 5194 1545.
770 5127 1128 5214 8008011118
1172 5139 1453 5215 utraque
1494 5133 1740 5218 pagina
1779 5144 2018 5217 vacua,
2075 5136 2387 5201 ultimum
2438 5143 2632 5200 ornat
2672 5133 2997 5200 emblema
3032 5131 3111 5197 de
3156 5153 3287 5216 quo
3331 5135 3509 5200 valet
3563 5132 3738 5217 quod
3790 5133 3924 5199 iam
3980 5153 4179 5218 supra
4234 5146 4510 5199 annota-

474 5240 728 5309 vimus.
819 5241 988 5327 'Pypi
1035 5248 1257 5309 textus
1298 5242 1499 5342 iidem
1544 5265 1620 5310 ac
1660 5244 1733 5310 in
1774 5247 1991 5331 priore
2038 5247 2325 5315 editione
2368 5266 2605 5315 verum
2648 5245 2876 5311 literae
2920 5246 3282 5312 sectionum
3325 5245 3612 5311 initiales
3666 5266 3802 5311 8011
3853 5246 4161 5325 18810108,
4215 5242 4331 5311 8011
4382 5243 4509 5309 mi-
