4984 5975
392 376 514 438 109
800 408 809 413 -
1767 373 2058 440 LIBER
2103 373 2157 437 1.
2248 371 2552 438 CAPUT
2596 370 2787 435 inv,
2851 369 3038 434 XV..
4135 376 4150 397 ¹
4275 340 4398 437 11'0

386 561 793 628 reddiderat:
839 563 1143 640 filiorum,
1189 563 1344 646 quia
1376 562 1754 646 exemplum
1788 562 2180 645 prodiderat,
2217 581 2343 644 quo
2445 559 2572 622 mis
2627 567 2691 622 et
2747 560 3034 641 praecise
3087 560 3159 622 in
3213 559 3424 625 filium
3475 561 4058 642 animadverterat,
4117 563 4397 646 populus

381 658 697 733 parentes
749 649 820 713 in
873 648 1042 713 filios
1098 647 1450 713 crudeliter
1505 649 1850 714 saevirent.
1954 646 2187 712 Simile
2246 655 2345 711 est

378 732 551 800 illud
590 734 794 809 Livii,
841 742 1158 817 quantum
1202 734 1286 798 ad
1327 734 1501 798 filios
1541 735 1852 817 pertinet:
1901 734 2049 797 Tito
2094 732 2353 797 Manlio.
2392 718 2397 789 ἶ

379 821 686 887 venienti
719 821 1006 885 seniores
1040 828 1299 884 tantum
1334 821 1462 884 isse
1497 819 1756 884 obviam
1792 826 2067 894 constat,
2111 820 2344 883 iuven-

379 915 601 972 tutem
645 913 713 971 et
752 916 927 983 tunc,
973 912 1041 969 et
1080 907 1257 969 omni
1293 906 1431 971 vita
1466 903 1718 983 deinde,
1766 914 2130 970 aversatam
2170 925 2341 981 eum,

380 1000 951 1073 exsecratamque.
2290 1016 2295 1027 ·

1114 1246 1419 1313 CAPUT
1468 1246 1621 1310 XV.

565 1385 868 1462 Tarium,
929 1385 1038 1465 qui
1090 1384 1301 1464 filium
1352 1383 1798 1464 deprehensum
1852 1383 1921 1449 in
1966 1384 2340 1464 parricidia,

373 1472 614 1537 exsilio
657 1470 1009 1548 damnavit,
1065 1490 1259 1534 eausa
1311 1470 1552 1551 coqnita
1569 1520 1582 1545 ‚
1638 1490 1812 1533 nemo
1866 1490 1990 1533 non
2042 1469 2340 1550 suspexit,

374 1557 553 1639 quod
596 1561 908 1621 cmitetztus
956 1554 1206 1633 eoesiliO,
1266 1559 1319 1617 et
1373 1555 1596 1619 exsilio
1649 1555 1946 1637 deleyatO,
2006 1551 2342 1618 Massiliae

357 1643 786 1725 parricidam
828 1641 1154 1719 continuit,
1212 1645 1267 1703 et
1308 1661 1523 1705 armna
1567 1641 1668 1705 illi
1701 1640 2045 1722 praestitit,
2103 1644 2341 1720 quanta

358 1734 711 1812 praestare
753 1729 987 1811 inteyro
1038 1725 1279 1791 solebat.
1367 1725 1542 1790 Haec
1597 1726 1942 1791 liberalitas
1995 1726 2188 1807 effecit
2204 1774 2218 1803 ,
2274 1730 2342 1788 ut

370 1818 449 1879 in
472 1834 605 1896 qua
638 1814 887 1879 civitate
916 1832 1239 1893 nunqnam
1272 1812 1437 1877 deest
1457 1816 1768 1894 patronus
1788 1810 2129 1892 peioribus,
2165 1831 2340 1875 nemo

370 1901 730 1978 dubitaret,
775 1899 931 1981 quin
973 1918 1120 1963 reus
1161 1898 1378 1962 merito
1419 1897 1756 1962 damnatus
1811 1902 1992 1973 esset,
2047 1916 2226 1978 quem
2281 1916 2340 1959 is

489 2008 563 2051 er
607 1987 909 2050 damnare
938 1983 1265 2065 potuisset,
1305 1984 1416 2063 qui
1458 1983 1661 2047 odisse
1702 2004 1825 2048 non
1849 1987 2114 2065 poterat.
2204 1980 2340 2045 Hoc

367 2076 525 2155 ipso
567 2069 845 2151 exemplo
898 2068 1081 2147 daha,
1138 2089 1316 2148 quem
1359 2089 1675 2149 compares
1716 2067 1871 2133 bono
1895 2070 2076 2149 patri
2118 2067 2338 2131 bonum

2389 1794 2393 1855 i

355 2161 752 2242 principem.
860 2154 1238 2238 Coyniturns
1285 2156 1362 2218 de
1398 2154 1532 2234 filio
1584 2155 1851 2232 Tarius,
1907 2153 2228 2219 advocavit
2271 2153 2339 2216 in
2387 2172 2391 2233 ξ

365 2243 715 2312 eonsilium
775 2238 1103 2307 Gaesarem
1160 2241 1538 2322 Auyustum.
1628 2246 1772 2318 [pag.
1828 2245 1968 2315 101]
2033 2238 2213 2303 Venit
2267 2239 2337 2301 in

353 2331 953 2413 privatospenateS,
992 2326 1243 2404 assedit,
1269 2345 1433 2406 pars
1467 2325 1664 2391 alieni
1701 2326 1949 2391 consilii
1978 2325 2119 2407 fuit.
2192 2322 2339 2387 Non

366 2415 577 2493 dixit,
625 2416 752 2478 imo
792 2414 864 2477 in
906 2412 1157 2477 domam
1199 2430 1401 2475 meam
1441 2412 1663 2476 veniat.
1761 2412 1935 2492 Quod
1990 2411 2052 2476 si
2100 2410 2338 2492 factum

365 2505 560 2578 esset,
617 2496 913 2565 Caesaris
951 2496 1176 2578 futura
1220 2501 1353 2560 erat
1394 2498 1682 2580 coyniti0‚
1727 2517 1851 2561 non
1882 2497 2112 2579 patris.
2200 2495 2338 2558 Aa·

358 2588 516 2655 ‘dita
559 2606 760 2651 causa
774 2635 788 2663 ,
845 2583 1240 2663 excussisque
1282 2582 1566 2648 omnibus
1580 2634 1594 2662 ,
1648 2587 1705 2646 et
1756 2583 1843 2647 iis
1895 2603 2053 2663 quae
2094 2579 2338 2645 adules-

363 2694 519 2739 cens
550 2691 681 2753 pro
722 2691 787 2735 se
825 2669 1090 2747 dixerat,
1136 2674 1190 2732 et
1235 2669 1320 2731 iis
1363 2668 1588 2749 quibus
1632 2668 2006 2751 aryuebatur
2021 2718 2036 2745 ,
2074 2667 2229 2748 petit
2272 2670 2338 2727 ut

362 2758 747 2824 sententiam
790 2776 977 2820 suam
1018 2755 1280 2835 quisque
1321 2754 1639 2819 scriberet.-
1682 2775 1759 2818 ne
1800 2775 1874 2818 ea
1914 2754 2192 2837 omnium
2231 2750 2337 2821 {ie-

362 2851 481 2925 ret,
537 2863 700 2925 quae
748 2840 1045 2906 Caesaris
1082 2840 1326 2921 fuisset.
1412 2838 1659 2906 Deinde
1702 2841 1897 2921 prius
1948 2859 2138 2921 quam
2193 2858 2338 2917 ape-

361 2933 668 2997 rirent-ur
721 2926 1017 3005 codicilli,
1073 2927 1310 2990 iuravit
1361 2946 1427 2992 se
1477 2926 1663 2992 Tarii
1704 2926 1974 2992 hominis
2017 2925 2338 3006 locupletis

361 3016 828 3084 haereditatem
853 3034 973 3076 non
997 3013 1342 3077 aditurum.
1386 3013 1568 3079 Dicet
1589 3013 1826 3093 aliquis
1835 3012 2075 3094 pusillo
2095 3012 2335 3076 animo:

366 3102 635 3171 Timuit
676 3122 752 3165 ne
792 3100 1110 3164 videretur
1142 3097 1339 3162 locum
1370 3099 1503 3180 spei
1535 3119 1687 3163 suae
1725 3099 1972 3181 aperire
2004 3096 2167 3174 velle,
2207 3095 2333 3177 filii

359 3188 783 3258 damnatione
797 3235 813 3265 ,
868 3205 973 3267 eyo
1029 3189 1240 3248 contra
1281 3184 1488 3249 sentio.
1584 3184 1850 3265 Quilibet
1899 3189 2176 3248 nostrum
2234 3182 2333 3245 de-

359 3279 617 3343 bui-sset
656 3273 961 3336 adversus
1005 3271 1322 3351 opiniones
1362 3271 1677 3353 mali-anas
1716 3271 1875 3335 satis
1913 3268 2185 3350 fiduciae
2226 3266 2335 3332 ha-
2370 3293 2379 3304 ·

358 3365 509 3430 bere
555 3361 633 3424 in
676 3358 832 3423 bona
865 3356 1249 3423 conscientia.
1322 3354 1651 3437 Principes
1684 3356 1882 3421 multa
1914 3354 2121 3419 debent
2149 3355 2335 3418 etiam

354 3451 592 3534 famae
635 3445 807 3510 dare.
895 3441 1149 3506 Iuravit
1206 3461 1273 3508 se
1324 3463 1448 3506 non
1503 3443 1830 3508 aditurum
1882 3439 2332 3504 haereditatem.

364 3534 631 3601 Tarius
671 3529 921 3611 quidem
964 3527 1167 3594 eodem
1222 3529 1323 3593 (lie
1365 3533 1419 3593 et
1461 3529 1727 3610 alter-am
1767 3527 2088 3592 haeredem
2119 3525 2334 3606 perdi-

357 3622 489 3700 dit,
556 3616 670 3682 sed
717 3613 952 3680 Caesar
994 3613 1332 3679 liberta-tem
1374 3616 1704 3679 sententiae
1746 3634 1898 3679 suae
1938 3613 2223 3676 redemit:
2279 3614 2335 3674 et

346 3711 709 3791 postquam
751 3699 1117 3782 approbavit
1150 3701 1493 3782 yratuitam
1518 3701 1666 3765 'esse
1707 3700 2087 3764 severitatem
2130 3718 2330 3774 suam,

356 3792 544 3878 quod
575 3787 869 3871 principi
911 3806 1151 3868 semper
1189 3785 1539 3851 curandam
1582 3791 1683 3864 est,
1730 3785 1896 3850 dixit
1938 3784 2333 3866 releyandum

356 3897 486 3962 quo
528 3874 717 3957 patri
759 3872 1088 3937 videretur.
1125 3895 1136 3906 ·
1181 3871 1328 3936 Non
1362 3872 1643 3952 melleum,
1688 3892 1812 3936 non
1844 3876 2166 3953 serpentes,
2210 3889 2333 3933 non

356 3980 697 4031 carcerem
739 3959 1016 4036 decrevit,
1060 3978 1289 4023 memor
1329 3978 1454 4022 non
1496 3958 1570 4022 de
1612 3979 1729 4039 quo
1763 3962 2042 4035 censeret,
2088 3957 2195 4021 sed
2229 3956 2333 4020 cai

353 4054 429 4118 in
478 4046 755 4115 consilio
796 4048 967 4109 esset.
1057 4043 1434 4108 Mollissimo
1472 4064 1691 4126 ⁸qenere
1718 4063 1957 4125 poenae
1999 4047 2334 4107 contentum

355 4157 502 4204 esse
550 4131 765 4198 debere
795 4135 1047 4211 patrem
1088 4131 1257 4195 dixit
1298 4130 1369 4193 in
1405 4129 1542 4210 filio
1584 4128 2033 4196 adulescentulo
2064 4128 2333 4210 impulso

355 4225 433 4289 in
480 4221 565 4285 id
611 4217 830 4294 scelus,
874 4217 945 4279 in
986 4237 1111 4297 quo
1154 4236 1233 4294 se,
1279 4216 1442 4296 qnod
1473 4217 1839 4295 proximum
1882 4220 2015 4280 erat
2049 4215 2127 4278 ab
2160 4215 2332 4280 inno-

353 4307 601 4383 centia,
650 4302 862 4367 timide
898 4303 1213 4386 yessisset:
1254 4301 1465 4366 debere
1506 4302 1692 4366 illum
1732 4303 1809 4367 ab
1852 4300 2001 4366 urbe
2042 4305 2097 4365 et
2140 4324 2181 4365 a
2211 4322 2332 4384 pa-

353 4392 579 4462 rentis
623 4389 820 4454 oculis
859 4388 1219 4462 submoveri.

551 4509 757 4576 Prius
798 4508 1171 4591 exemplum
1215 4508 1566 4592 proposuit,
1613 4529 1739 4590 quo
1784 4508 2033 4572 malum
2075 4515 2329 4590 patrem

353 4599 569 4667 nobis
629 4594 1041 4661 describeret.
1145 4595 1209 4659 N
1211 4615 1339 4661 unc
1394 4592 1766 4674 exemplum
1819 4595 2128 4677 proponit
2181 4592 2331 4658 boni

353 4684 620 4771 patris:
666 4689 1016 4763 utrumque
1051 4679 1135 4745 ad
1168 4679 1683 4747 confirmandum
1728 4679 1800 4743 id
1843 4679 2014 4763 quod
2058 4678 2329 4758 dixerat,

355 4772 631 4838 bonum
672 4774 928 4850 patrem
973 4788 1114 4832 esse
1154 4768 1263 4854 qui
1319 4787 1790 4850 nonnunquam
1844 4765 2109 4843 blande,
2167 4787 2332 4830 non-

354 4873 722 4939 nunquam
766 4852 1108 4918 minaciter
1150 4853 1523 4938 obiurgaret
1562 4853 1801 4931 filium,
1845 4851 2055 4917 multa
2096 4851 2332 4916 tolera-

353 4951 497 5021 ret,
548 4938 640 5006 ad
678 4939 890 5003 multa
932 4939 1342 5018 conniveret,
1390 4946 1674 5004 tentaret
1716 4940 1938 5003 omnia
1980 4946 2332 5020 antequam

357 5029 624 5096 ultima
677 5025 1103 5107 experiretur.
1194 5025 1515 5091 Attendat
1568 5021 1786 5090 autem
1843 5026 2043 5090 lector
2093 5024 2177 5088 ad
2230 5044 2331 5088 se-

358 5119 550 5181 riem
597 5110 1206 5195 argumentationis.
1274 5113 1797 5196 Argumentatur
1818 5109 2071 5178 Seneca
2102 5109 2183 5174 ab
2217 5132 2332 5175 au-

359 5200 672 5267 toritate.
760 5195 952 5261 Facit
1004 5196 1180 5260 enim
1238 5217 1320 5260 ex
1376 5197 1715 5262 hominum
1768 5198 2072 5279 opinione
2126 5198 2332 5280 quod-

359 5287 538 5352 dam
576 5282 761 5365 quasi
800 5280 1287 5365 praeiudicium.
1353 5283 1732 5360 Erixonem,
1776 5284 1932 5364 quia
1967 5304 2196 5366 aspere
2230 5284 2331 5347 ni-

2386 2296 2393 2411 i

2446 644 2742 727 graphiis
2804 643 3105 708 confodit.
3195 644 3375 728 Ergo
3443 648 3650 729 patris
3715 649 3990 713 saevitia
4053 650 4394 719 hominum

2446 730 2750 811 opinione
2794 729 3160 812 improbata
3203 743 3321 796 est.
3410 732 3722 811 Rursum,
3770 736 3821 798 si
3861 735 4140 798 Tarium
4170 756 4396 800 omnes

2447 814 2920 892 laudaverunt,
2980 816 3136 897 quia
3194 816 3312 880 filii
3358 818 3680 882 nefarium
3727 820 3981 885 facinus
4024 820 4276 893 modice
4319 842 4395 883 ac

2446 901 2646 964 etiam
2683 905 2860 964 intra
2893 900 3161 965 modum
3201 910 3344 979 [pag.
3383 910 3521 980 1021
3571 905 3853 986 punivit:
3898 904 4100 990 igitur
4135 905 4394 988 publico

2446 984 2706 1050 decreto
2752 988 2958 1069 patris
3003 987 3430 1053 mansuetudo
3484 991 3840 1072 approbata
3894 1002 4010 1057 est.
4102 989 4293 1072 Quod
4338 993 4395 1057 si

2447 1072 2689 1136 bonum
2735 1072 3092 1156 principem
3137 1072 3323 1139 decet
3352 1075 3433 1138 ad
3473 1076 3806 1159 exemplar
3839 1078 3988 1142 boni
4022 1078 4228 1159 patris
4263 1078 4393 1142 for-

2446 1158 2632 1235 mari,
2679 1158 2989 1222 nimirum
3033 1159 3535 1225 mansuetudine
3589 1182 3751 1244 opus
3806 1170 3920 1227 est.
4011 1164 4244 1228 Tarius
4288 1162 4394 1228 hic

2446 1242 2529 1307 de
2572 1264 2700 1326 quo
2746 1243 3031 1324 loquitur
3075 1243 3354 1319 Seneca,
3414 1249 3471 1311 is
3525 1256 3626 1311 est
3680 1248 3865 1313 cuius
3907 1250 4209 1313 meminit
4252 1248 4391 1312 Pli-

2447 1330 2592 1394 nius
2626 1330 2800 1394 Hist.
2838 1343 3049 1395 natur.
3087 1330 3196 1399 lib.
3222 1331 3484 1396 XVIII.
3532 1334 3640 1415 qui
3700 1334 3935 1398 humili
3987 1335 4124 1400 loco
4175 1344 4393 1412 natus,

2444 1417 2525 1480 ab
2572 1429 2868 1480 extrema
2922 1425 3305 1501 paupertate
3357 1429 3707 1500 provectus
3752 1418 3836 1483 ad
3879 1441 4210 1484 summum
4263 1421 4394 1484 for-

2444 1508 2647 1565 tunae
2690 1502 3024 1585 fastigium
3071 1504 3500 1569 beneficentia
3535 1506 3822 1588 Augusti
3858 1506 4054 1569 etiam
4095 1504 4391 1571 consula-

2445 1598 2588 1650 tum
2612 1587 2910 1687 ¹adeptus
2955 1602 3072 1653 est.
4137 1620 4152 1638 x

2620 1689 2949 1755 Contentus
2985 1692 3223 1770 exsilic,
3270 1697 3324 1755 et
3365 1693 3587 1757 exsilio
3629 1691 3930 1780 deleqato]
3979 1694 4059 1777 Ip
4107 1694 4228 1759 hoc
4270 1696 4397 1759 fuit

2443 1785 2844 1858 temperatus
2867 1784 3067 1859 pater,
3103 1777 3271 1860 quod
3307 1777 3535 1842 exsilio
3570 1785 3933 1858 contentus,
3971 1782 4203 1846 mortis
4239 1802 4392 1864 poe-

2296 1897 2306 1909 ·
2388 1866 2393 1935 Ι
2444 1883 2595 1924 nam
2641 1864 2910 1939 remisit,
2955 1863 3163 1927 multo
3200 1865 3396 1927 etiam
3431 1867 3660 1947 magis,
3706 1865 3881 1947 quod
3917 1865 4048 1930 tale
4084 1865 4388 1931 exsilium

2386 1964 2393 1989 ⁸
2443 1947 2770 2030 delegavit
2813 1970 2886 2013 ac
2931 1949 3244 2025 definivit,
3292 1969 3527 2031 nempe
3571 1950 3966 2025 Massiliam,
4021 1970 4188 2034 quae
4231 1953 4389 2017 urbs

2442 2034 2710 2116 antiqua
2745 2032 3081 2117 dignitate,
3128 2036 3516 2118 eximiisque
3551 2037 3783 2119 opibus
3818 2040 4012 2119 atque
4046 2059 4392 2102 ornamen-

2442 2119 2527 2184 tis
2572 2120 2882 2202 pollebat:
2929 2130 3002 2183 ut
3039 2118 3244 2185 videri
3291 2123 3578 2202 potuerit
3621 2144 3751 2186 non
3797 2122 4116 2202 exsulare,
4162 2125 4270 2206 qui
4317 2125 4388 2188 in

2442 2225 2594 2269 eum
2641 2206 2851 2270 locum
2902 2206 3228 2288 relegatus
3275 2207 3377 2270 sit.
3447 2208 3744 2273 Massilia
3788 2208 3945 2273 urbs
3990 2217 4090 2274 est
4125 2210 4388 2275 Galliae

2440 2293 2511 2356 in
2549 2305 2803 2374 petroso
2839 2293 2977 2356 loco
3014 2294 3157 2367 sita,
3203 2292 3681 2358 Phocaensium
3721 2294 4106 2371 aedificium,
4148 2295 4228 2359 de
4264 2317 4392 2378 qua

2441 2378 2585 2461 lege
2631 2376 3024 2443 Strabonem
3093 2377 3260 2442 libro
3304 2376 3446 2453 IV„
3505 2380 3840 2444 Iustinum
3881 2378 4049 2445 libro
4103 2381 4389 2459 XLIII„

2442 2464 2879 2546 Pomponium
2923 2463 3170 2528 Melam
3223 2463 3391 2528 libro
3436 2463 3526 2528 II.
3617 2465 3790 2528 Nam
3849 2465 3929 2529 de
3984 2467 4124 2531 eius
4180 2466 4392 2531 laudi-

2440 2551 2563 2614 bus
2610 2549 2838 2616 Oicero
2883 2549 3179 2632 pluribus
3225 2549 3413 2627 locis,
3473 2559 3540 2614 et·
3583 2552 3710 2615 alii.
3800 2551 3882 2615 In
3936 2571 4013 2616 ea
4067 2551 4392 2619 exsulavit

2441 2635 2621 2701 Milo.
2689 2635 2883 2701 Unde
2921 2644 3190 2719 apparet
3221 2657 3330 2700 eos
3362 2638 3470 2718 qui
3509 2634 3719 2701 solum
3764 2636 3984 2700 exsilii
4027 2658 4221 2703 causa
4242 2659 4389 2703 ver·
4470 2676 4482 2687 ·

2440 2729 2681 2799 terent,
2748 2742 2892 2786 eam
2947 2720 3168 2786 sedem
3224 2722 3404 2804 quasi
3465 2724 3869 2805 aptissimam
3926 2720 4276 2806 delegisse,
4334 2724 4390 2787 si

2440 2816 2661 2872 tamen
2704 2830 2836 2872 non
2881 2816 3116 2879 essent
3144 2806 3283 2872 loco
3327 2808 3813 2891 circumscripti.

2612 2910 2700 2975 Et
2721 2908 2964 2998 annua]
3010 2910 3090 2974 Id
3113 2922 3227 2987 est,
3275 2918 3576 2995 sumptus
3621 2931 3891 2990 annuos,
3940 2934 4054 2976 seu
4101 2933 4391 2977 annuam

2440 2997 2839 3081 pensionem.
2930 2998 3043 3063 Sic
3099 2999 3272 3061 enim
3318 3019 3541 3062 annua
3584 2999 3877 3063 absolute
3923 2999 4230 3064 dicuntur
4274 2999 4391 3064 ali-

2437 3092 2664 3149 menta
2715 3085 2786 3147 in
2842 3083 3133 3166 singulos
3188 3105 3411 3148 annos.
3500 3084 3925 3166 Tranquillus
3981 3084 4050 3148 in
4097 3083 4422 3166 Tiberim,

2440 3167 2575 3235 Sed
2611 3179 2679 3234 et
2710 3168 2967 3252 peculio
3002 3190 3305 3235 concesso
3342 3190 3382 3233 a
3415 3179 3620 3252 patre,
3667 3170 4108 3252 praebitisque
4153 3170 4391 3235 annuis

2437 3253 2771 3320 fraudavit
2827 3277 2942 3337 per
2996 3256 3278 3337 speciem
3318 3256 3562 3338 publici
3606 3256 3795 3334 iuris,
3855 3256 4030 3340 quod
4084 3256 4254 3320 nihil
4310 3255 4391 3320 de

2388 3337 2517 3405 ”iis
2563 3342 2908 3425 Augustus
2952 3343 3343 3406 testamento
3388 3345 3685 3407 cavisset.

2617 3443 2808 3524 Quem
2829 3463 3141 3526 compares
3176 3443 3326 3509 bono
3347 3442 3662 3531 principi]
3710 3447 3898 3511 Bono
3942 3444 4226 3528 principi
4247 3444 4388 3508 Au-

2438 3537 2647 3612 gusto,
2715 3528 2959 3593 bonum
3026 3540 3278 3611 patrem
3336 3531 3636 3596 Tarium:
3702 3551 3976 3614 quorum
4035 3531 4105 3593 in
4161 3528 4389 3594 eadem

2399 3635 2405 3640 ·
2437 3636 2634 3679 causa
2677 3614 2845 3679 alter
2886 3614 3133 3679 bouum
3178 3637 3246 3680 se
3290 3624 3549 3699 patrem
3590 3618 3932 3698 praestitit,
3980 3615 4145 3679 alter
4178 3617 4390 3681 instar

2437 3701 2588 3766 boni
2632 3701 2837 3783 patris
2879 3700 3122 3766 bonum
3165 3702 3544 3786 principem.
3623 3721 3650 3754 κ

2614 3803 2988 3886 Coyniturns
3026 3806 3102 3871 de
3140 3805 3274 3886 lilio
3325 3804 3591 3891 Tarius]
3648 3806 4039 3889 Benignitas
4084 3807 4385 3890 Augusti,

2438 3889 2718 3973 et‘quod
2775 3890 2855 3955 de
2911 3890 3045 3955 filio
3101 3892 3540 3973 cognitionem
3584 3893 3758 3975 patri
3803 3894 4127 3974 permisit,
4184 3914 4387 3974 quum

2436 3986 2660 4059 posset
2700 3975 2783 4040 ad
2829 3998 2898 4041 se
2938 3976 3236 4042 trahere:
3284 3973 3456 4059 qu'od
3500 3976 3920 4061 praevidebat
3963 3986 4218 4061 patrem
4263 3980 4388 4041 mi-

2437 4064 2570 4128 tius
2610 4071 2949 4127 acturum:
3010 4075 3404 4127 extraneum
3449 4064 3748 4147 quemvis
3807 4064 4087 4129 iudicem
4131 4085 4386 4129 summo

2435 4151 2579 4214 iure
2623 4169 2816 4231 posse
2857 4148 3396 4214 animadvertere.
3467 4149 3741 4226 Deinde,
3788 4149 3958 4233 quod
3993 4151 4163 4235 patri
4201 4151 4390 4216 affuit

2433 4237 2507 4299 in
2549 4234 2840 4314 consilio,
2882 4243 2950 4300 et
2991 4255 3191 4317 quum
3237 4237 3629 4300 sententiam
3672 4245 4033 4319 rogaretur,
4089 4237 4391 4301 meminit

2437 4322 2542 4386 cui
2585 4322 2656 4385 in
2713 4321 2980 4386 consilio
3037 4321 3313 4387 adesset.
3402 4322 3636 4404 Itaque
3694 4342 3825 4386 non
3886 4329 4142 4386 tantum
4199 4324 4387 4404 quasi

2434 4409 2506 4471 in
2552 4407 2962 4490 parricidam,
3009 4406 3124 4472 sed
3168 4409 3353 4490 quasi
3407 4409 3478 4472 in
3523 4407 3730 4472 filium
3774 4409 4169 4472 sententiam
4214 4407 4384 4472 tulit.

2613 4509 2911 4575 Caesaris
2947 4511 3172 4592 fictura
3214 4516 3345 4574 erat
3398 4508 3687 4596 coynitio]
3746 4511 3827 4574 Id
3881 4519 3984 4576 est
4031 4510 4385 4593 inquisitio,

2437 4615 2736 4663 examen.
2825 4596 3060 4662 Livius
3104 4597 3213 4661 lib.
3261 4596 3348 4660 I.:
3393 4595 3815 4680 cognitiones
3862 4597 4240 4679 capitalium
4285 4618 4388 4661 re-

2436 4704 2587 4747 rum
2629 4703 2749 4765 per
2791 4703 2859 4746 se
2904 4682 3082 4747 solus
3128 4682 3272 4747 sine
3315 4683 3603 4748 consiliis
3651 4681 4012 4748 exercebat.
4103 4683 4387 4748 Iuvena-

2435 4769 2518 4834 lis
2563 4767 2808 4852 Satyra
2850 4767 3076 4835 XVI.:

3188 4870 3487 4925 Iustissima
3522 4872 3891 4936 centurionum

2851 4941 3096 5009 Cognitio
3135 4947 3219 4994 est
3253 4940 3415 5009 igitur
3448 4940 3516 4994 de
3551 4940 3735 4994 milite.

2406 5023 2624 5091 ‘Alias
2660 5028 2955 5110 cognitor
2977 5033 3076 5091 est
3110 5026 3659 5092 familiarissimus
3695 5026 4013 5103 defensor,
4051 5027 4163 5110 qui
4198 5047 4388 5109 prae-

2437 5112 2646 5177 sentis
2690 5133 2954 5178 causam
2994 5114 3196 5191 novit,
3243 5121 3313 5178 et
3356 5114 3448 5178 sic
3485 5119 3707 5178 tuetur
3750 5120 3826 5176 ut
3878 5134 4099 5193 suam,
4157 5122 4233 5177 ut
4286 5113 4418 5192 in-⁸

2437 5204 2842 5280 terpretatur
2885 5198 3214 5264 Asconius
3257 5201 3329 5263 in
3372 5198 3890 5264 Divinationem.
3960 5199 4040 5262 In
4084 5220 4215 5281 qua
4256 5200 4387 5282 sig-

2438 5283 2814 5349 nificatione
2857 5286 3116 5369 saepius
3160 5286 3392 5368 accipit
3435 5285 3681 5351 Cicero.
