4984 5975
2044 1517 2910 1620 EPISTOLA.

772 1721 1015 1792 Merito
1071 1732 1148 1790 tu
1197 1723 1463 1809 quidem
1517 1733 1586 1790 et
1633 1745 1752 1807 pro
1807 1722 2128 1822 singulari
2182 1730 2298 1789 tua
2336 1723 2587 1806 pietate
2631 1732 2859 1808 optare
2919 1725 3088 1791 soles
3101 1777 3117 1805 ,
3175 1732 3256 1792 ut
3296 1728 3670 1810 compositis
3725 1727 4206 1796 dissensionum
4251 1734 4485 1809 turbis,

459 1837 700 1923 quibus
751 1836 1124 1903 miserrime
1178 1834 1372 1901 hodie
1423 1837 1653 1902 iactari
1707 1833 2007 1902 videmus
2063 1834 2433 1914 ecclesiam,
2491 1855 2879 1919 quocunque
2922 1838 3065 1902 fieri
3122 1838 3369 1921 poterit
3419 1838 3613 1903 modo
3655 1846 3878 1922 partes
3920 1840 4098 1906 inter
4142 1864 4213 1907 se
4256 1864 4485 1909 recon-

460 1949 782 2017 cilientur.
873 1946 1009 2013 Sed
1050 1947 1205 2030 quia
1247 1946 1677 2027 concordiam,
1735 1967 1903 2031 quae
1946 1946 2027 2012 ab
2072 1945 2374 2012 omnibus
2419 1947 2789 2029 expetenda
2829 1954 2947 2028 est,
2993 1949 3360 2016 coalescere
3406 1971 3540 2016 non
3583 1971 3772 2034 posse
3816 1957 4014 2035 putas
4028 2002 4044 2030 ‚
4099 1953 4231 2019 nisi
4272 1976 4487 2024 roma-

462 2083 594 2127 nus
635 2060 929 2144 pontifex
972 2060 1045 2124 in
1087 2058 1157 2125 id
1200 2058 1546 2126 conci-lium
1589 2056 2005 2136 adhibeatur,
2062 2057 2173 2124 ubi
2218 2056 2298 2123 de
2340 2059 2793 2141 pacificatione
2837 2067 3072 2143 agetur
3090 2112 3105 2138 ‚
3168 2060 3369 2144 idque
3407 2062 3575 2126 iuris
3620 2082 3695 2128 ao
3738 2062 4007 2129 honoris
4054 2063 4481 2132 deferendum

461 2174 562 2238 illi
606 2173 962 2253 existimas,
1006 2193 1092 2237 ne
1136 2170 1293 2254 quid
1336 2170 1419 2236 de
1461 2170 1797 2253 religionis
1843 2169 2141 2236 doctrina
2184 2169 2291 2235 vel
2334 2169 2645 2235 ecclesiae
2687 2170 3010 2254 regimine
3053 2171 3298 2255 absque
3342 2173 3482 2238 eius
3516 2193 3836 2239 consensu
3876 2179 3947 2238 et
3979 2177 4329 2243 autoritate
4370 2175 4482 2244 de-

461 2284 776 2352 liberetur
790 2335 805 2362 ,
863 2283 936 2347 in
1007 2303 1083 2349 eo
1136 2302 1222 2347 ne
1276 2282 1523 2347 diutius
1580 2303 1787 2360 erres,
1842 2281 2022 2348 volui
2078 2280 2197 2346 tibi
2253 2282 2584 2364 specimen
2629 2280 2939 2347 exhibere
2956 2333 2970 2358 ,
3037 2280 3211 2347 unde
3254 2283 3587 2367 intelligas
3632 2285 3790 2368 quid
3836 2284 4027 2351 nobis
4071 2288 4160 2351 sit
4202 2310 4475 2372 exspec-

460 2396 764 2475 tandum,
822 2395 880 2460 si
927 2395 1018 2461 ab
1076 2395 1215 2460 eius
1259 2400 1427 2459 nutu
1469 2401 1676 2459 totam
1721 2392 1921 2458 huius
1965 2412 2198 2458 causae
2241 2393 2704 2459 tractationem
2747 2393 3209 2478 suspendimus
3226 2445 3243 2474 ,
3300 2394 3455 2460 inde
3501 2396 3678 2461 enim
3718 2395 3912 2463 facile
3960 2397 4227 2482 colliges
4270 2421 4478 2483 quan·

460 2515 607 2573 tum
657 2506 945 2572 tribuere
993 2507 1198 2590 ipsius
1252 2505 1490 2572 iudicio
1544 2505 1912 2571 debeamus.
2011 2504 2157 2571 Hoc
2210 2526 2468 2588 quoque
2524 2503 2810 2587 optabile
2867 2526 3009 2571 esse
3063 2507 3304 2585 fateor,
3363 2526 3501 2571 non
3543 2512 3808 2572 tantum
3843 2515 3921 2574 ut
3963 2530 4083 2575 sua
4127 2510 4483 2577 autoritate

460 2620 913 2699 confirmaret,
967 2616 1283 2702 quidquid
1335 2624 1600 2685 tantum
1660 2616 2088 2683 constitutum
2145 2616 2370 2696 fuerit,
2444 2616 2561 2682 sed
2617 2616 2818 2682 ctiam
2857 2623 2934 2681 ut
2974 2617 3047 2681 in
3092 2614 3387 2683 doctrina
3428 2619 3879 2702 repurganda,
3938 2619 4483 2704 reformandaque

462 2730 764 2810 ecclesia,
831 2738 907 2796 ut
970 2736 1233 2795 tantum
1288 2728 1662 2812 episcopum
1718 2727 1932 2807 decet,
1986 2726 2132 2793 aliis
2183 2728 2485 2794 omnibus
2542 2734 2609 2793 ct
2663 2728 2881 2794 studio
2939 2736 3007 2794 et
3049 2728 3351 2811 exemplo
3395 2735 3463 2794 et
3519 2729 3790 2796 consilio
3834 2732 4136 2814 praeiret.
4227 2731 4483 2797 Verum

461 2840 722 2926 quando
762 2861 1023 2907 omnem
1076 2862 1154 2907 ea
1209 2841 1289 2908 de
1344 2862 1418 2907 re
1472 2861 1659 2925 spem
1707 2840 1896 2906 bonis
1941 2838 2264 2906 abscindit
2279 2890 2294 2914 ‚
2354 2860 2475 2905 nec
2520 2845 2781 2904 tantum
2824 2860 2895 2904 se
2939 2849 3241 2905 autorem
3288 2839 3596 2905 ecclesiae
3643 2842 3716 2905 in
3758 2841 3994 2908 melius
4037 2841 4484 2909 restituendae

458 2973 597 3041 non
640 2954 779 3020 fore
821 2954 1123 3033 ostendit,
1169 2952 1286 3020 sed
1328 2961 1628 3020 extrema
1667 2951 1998 3037 quaelibet
2041 2958 2454 3018 tentaturum
2494 2952 2713 3035 potius
2758 2950 3165 3017 demonstrat
3209 2972 3412 3036 quam
3453 2956 3528 3018 ut
3564 2952 3935 3019 remedium
3971 2953 4233 3039 aliquod
4276 2953 4482 3020 tantis

458 3065 657 3131 malis
700 3066 923 3130 afferri
965 3065 1285 3148 patiatur:
1328 3066 1485 3149 quid
1528 3066 1795 3132 obsecro
1838 3064 2088 3130 frustra
2128 3084 2461 3129 moramur
2474 3114 2491 3142 ,
2539 3062 2700 3129 dum
2740 3085 2946 3147 purae
2988 3070 3380 3148 sanctaeque
3424 3064 3809 3131 concordiae
3852 3064 4068 3151 legem
4107 3065 4250 3150 ipse
4293 3067 4485 3133 nobis

453 3176 880 3261 praescribat.
981 3175 1213 3259 Neque
1267 3197 1422 3244 vero
1477 3177 1737 3260 postulo
1756 3228 1771 3256 ,
1831 3184 1905 3242 ιιι
1961 3176 2042 3241 de
2097 3197 2175 3241 ea
2224 3196 2298 3240 re
2355 3174 2524 3239 mihi
2568 3176 2979 3255 assentiaris,
3026 3175 3142 3273 sed
3184 3182 3260 3241 ut
3319 3175 3665 3242 consilium
3709 3176 3834 3242 hoo
3878 3176 4242 3261 expendas,
4304 3177 4483 3245 unde

453 3285 809 3350 wstimare
849 3286 1062 3371 possis
1104 3307 1190 3351 an
1226 3285 1308 3351 de
1350 3288 1490 3371 ipso
1532 3294 1780 3354 temere
1821 3286 2257 3371 desperemus.
2325 3286 2459 3352 Ubi
2500 3286 2769 3370 legeris
2758 3286 3056 3352 minime
3098 3285 3344 3368 dubito,
3392 3307 3560 3371 quae
3602 3297 3723 3352 tua
3764 3296 3868 3354 est
3910 3288 4276 3372 prudentia,
4322 3290 4484 3372 quin

452 3396 646 3463 facile
688 3396 778 3462 sis
820 3399 1392 3481 pronunciatums,
1436 3397 1609 3463 nibil
1648 3398 1874 3463 minus
1923 3418 2121 3481 quam
2164 3395 2246 3462 de
2297 3397 2411 3462 illo
2453 3397 2528 3461 in
2571 3396 2920 3463 consilium
2963 3396 3336 3464 adhibendo
3383 3397 3810 3505 cogitandum
3856 3418 4030 3479 esse,
4090 3400 4203 3466 ubi
4248 3399 4329 3465 de
4373 3420 4485 3465 re-

454 3509 722 3594 ligionis
767 3509 1206 3593 ecclesiaeque
1247 3510 1666 3576 restitutione
1709 3507 1880 3575 serio
1924 3509 2160 3594 agitur.
2252 3507 2442 3575 Vale.

677 5273 898 5328 Caluini
922 5289 1115 5343 opera.
1189 5273 1300 5330 Vol.
1349 5271 1406 5325 V.
2135 5310 2138 5313 Ἴ
3998 5278 4071 5331 30
