4984 5975
368 344 492 404 400

380 529 668 594 instituti
711 529 952 608 forent,
1007 528 1254 595 multas
1309 529 1431 596 sibi
1484 531 1780 597 fabricati
1826 537 2016 595 erant
2064 529 2332 594 inutiles

382 637 473 680 nu
524 637 626 693 as,
694 613 928 698 quibus
983 617 1274 681 favorem
1331 617 1453 682 sibi
1507 629 1696 681 tuum
1750 616 2199 682 conciliarent:
2261 615 2333 679 in

383 701 496 785 qui
540 722 625 766 us
677 702 772 765 ita
826 701 948 766 sibi
1007 699 1538 784 blandiebantur,
1598 711 1676 767 ut
1729 723 1889 785 prae
1942 701 2071 766 illis
2123 721 2333 783 paene

384 793 896 864 contemnerent,
942 807 1139 869 quam
1184 788 1249 852 in
1295 788 1441 872 lege
1484 796 1602 851 tua
1644 786 2111 853 commendasti
2139 806 2333 852 verae

385 873 673 938 iustitiae
728 872 1055 957 regulam:
1112 873 1271 938 adeo
1325 873 1617 938 humana
1672 875 1959 953 decreta,
2026 881 2332 954 occupato

390 957 593 1025 semel
634 978 870 1042 regn0,
925 959 1056 1023 tuis
1110 959 1317 1042 ipsius
1361 960 1755 1043 praeceptis,
1815 960 1872 1024 si
1927 979 2062 1023 11611
2113 958 2330 1035 fidem,

380 1054 455 1110 at
495 1050 667 1108 certe
712 1043 1133 1108 autoritatem
1177 1044 1664 1128 derogaverant.
1754 1045 1968 1122 Haec,
2028 1045 2330 1122 Domine,

383 1139 462 1195 ut
520 1129 1172 1207 animadverterem,
1204 1139 1275 1194 tu
1332 1130 1498 1194 mihi
1555 1131 1824 1214 spiritus
1881 1132 1976 1194 tui
2036 1130 2334 1193 claritate

386 1215 721 1295 affulsisti3
781 1222 856 1279 ut
911 1214 1461 1297 deprehenderem
1518 1237 1715 1298 quam
1768 1216 1971 1299 impia
2012 1216 2336 1297 noxiaque

386 1308 626 1378 essent,
674 1309 745 1366 tu
789 1301 954 1365 mihi
999 1302 1205 1367 facem
1250 1302 1451 1367 verbo
1495 1310 1608 1366 tuo
1648 1302 2014 1384 praetulisti
2027 1325 2043 1380 ;
2099 1307 2175 1365 ut
2216 1322 2373 1384 prox

385 1388 624 1453 merito
681 1386 1123 1466 abominarer,
1185 1387 1480 1451 animum
1531 1409 1748 1453 meum
1808 1388 2161 1471 pupugisti.
2249 1386 2334 1450 In

384 1473 642 1539 ratione
666 1493 822 1539 vero
860 1472 1188 1537 doctrinae
1226 1473 1576 1551 reddenda,
1602 1473 1785 1538 vides
1808 1472 1963 1555 quid
2001 1473 2333 1539 conscien-

386 1560 480 1626 tia
522 1580 674 1623 mea
715 1560 908 1624 ferat:
967 1579 1102 1623 non
1157 1560 1355 1625 fuisse
1411 1560 1660 1625 scilicet
1701 1558 1864 1624 mihi
1907 1558 2361 1642 propositum,

384 1653 575 1711 extra
629 1665 737 1710 eos
792 1641 1057 1728 evagari
1112 1646 1306 1723 fines,
1366 1666 1525 1728 quos
1579 1644 1883 1711 videbam
1938 1645 2147 1710 servis
2199 1645 2334 1709 tuis

383 1730 687 1796 omnibus
744 1751 884 1795 esse
940 1731 1345 1795 constitutos.
1438 1729 1629 1811 Quod
1684 1752 1840 1815 ergo
1886 1730 2185 1797 didicisse
2228 1750 2335 1794 me

382 1839 463 1883 ex
500 1837 613 1881 ore
647 1824 767 1880 tuo
801 1837 934 1879 non
972 1815 1367 1895 dubitabam,
1412 1816 1693 1881 fideliter
1727 1816 2037 1882 ecelesiae
2073 1817 2335 1899 dispen-

380 1925 525 1969 sare
561 1902 761 1967 volui.
827 1902 930 1966 Eo
966 1909 1141 1966 certe
1183 1923 1290 1966 me
1331 1902 2138 1985 potissimum‘tetendisse
2180 1921 2335 1965 con-

381 1995 534 2069 stat,
579 1988 651 2053 in
697 2009 823 2070 quo
864 1987 1224 2070 plurimum
1270 1987 1612 2052 elaboravi.
1702 1988 1957 2070 Nempe
2018 1998 2094 2051 ut
2151 1988 2335 2051 boni-

382 2077 544 2140 tatis
588 2074 1005 2155 iustitiaeque
1051 2081 1201 2137 tuae
1247 2073 1472 2157 gloria,
1526 2077 1644 2151 [fol.
1684 2079 1791 2154 41]
1838 2073 2149 2138 discussis
2194 2073 2335 2155 qui-

384 2162 509 2226 bus
554 2169 749 2224 antea
791 2159 1219 2243 obtegebatur
1260 2160 1548 2233 nebulis,
1593 2159 1943 2242 conspicua
1987 2161 2333 2237 emineret3

378 2255 458 2311 ut
499 2248 789 2311 virtutes
845 2244 1286 2327 beneficiaque
1342 2244 1592 2310 Christi
1648 2246 1774 2325 tui,
1831 2244 2140 2310 abstersis
2196 2266 2335 2308 om-

378 2332 576 2398 nibus
620 2330 818 2409 fucis,
865 2331 944 2394 ad
990 2330 1261 2414 plenum
1305 2330 1714 2414 effulgerent.
1803 2331 1974 2396 Nam
2033 2339 2099 2394 et
2149 2331 2333 2395 nefas

379 2438 523 2484 esse
569 2415 904 2493 ducebam,
954 2436 1065 2481 eas
1100 2437 1205 2480 res
1249 2416 1319 2479 in
1365 2416 1641 2481 obscuro
1685 2418 1913 2493 iacere,
1960 2418 2193 2500 quibus
2229 2436 2335 2480 66-

379 2501 672 2590 gitandis
716 2521 793 2565 ac
834 2500 1215 2585 reputandis
1268 2522 1557 2566 essemus
1614 2503 1770 2567 nati.
1858 2502 1998 2568 Nec
2046 2502 2336 2587 maligne

378 2597 495 2655 aut
539 2587 831 2653 tenuiter
870 2588 1183 2670 putabam
1229 2586 1641 2666 indicandas,
1702 2609 1977 2670 quarum
2032 2587 2335 2670 amplitu-

381 2675 536 2740 dine
593 2673 790 2757 longe
849 2673 1117 2738 inferior
1160 2683 1331 2739 esset
1390 2675 1602 2738 omnis
1646 2673 1874 2737 oratio.
1962 2674 2101 2738 Nec
2147 2673 2335 2737 dubi-

378 2762 605 2827 tabam
649 2760 717 2823 in
762 2758 896 2823 illis
942 2757 1191 2822 diutius
1233 2758 1530 2823 homines
1573 2758 1892 2838 detinere,
1949 2760 2064 2824 ubi
2107 2780 2333 2824 eorum

375 2867 637 2931 quoque
670 2844 848 2909 salus
880 2844 1220 2909 residebat.
1278 2845 1427 2909 Non
1464 2845 1641 2909 enim
1676 2845 1903 2912 fallere
1937 2853 2157 2928 posset
2190 2867 2335 2911 ora-

377 2933 609 3001 culum
661 2929 856 2995 illud:
913 2930 1083 2996 Esse
1137 2930 1308 2997 hanc
1350 2931 1554 2996 vitam
1603 2939 1964 3009 aeternam,
2021 2952 2212 2998 nosse
2270 2940 2335 2996 te

373 3039 619 3086 verum
639 3018 881 3095 Deum,
907 3026 973 3082 et
997 3038 1189 3100 quem
1212 3016 1452 3081 misisti
1469 3017 1691 3082 Iesum
1712 3017 2053 3083 Christum
2077 3019 2332 3102 (Ioann.

381 3111 481 3185 17,
523 3103 614 3190 3).
731 3101 926 3183 Quod
981 3111 1202 3167 autem
1251 3102 1414 3167 mihi
1473 3102 1552 3167 de
1624 3103 2013 3168 discessione
2084 3106 2163 3170 ab
2230 3127 2335 3171 ec-

377 3191 576 3258 clesia
620 3189 901 3254 obiicere
946 3189 1117 3253 soliti
1174 3195 1360 3266 sunt,
1418 3209 1631 3271 neque
1685 3189 1759 3253 in
1818 3211 1892 3252 eo
1946 3190 2118 3254 male
2171 3191 2336 3255 mihi

377 3275 680 3345 conscius
726 3295 902 3338 sum:
948 3274 1078 3338 nisi
1114 3274 1283 3339 forte
1317 3295 1434 3357 pro
1470 3274 1796 3339 desertore
1839 3274 2179 3340 habendus
2216 3286 2334 3354 est,

378 3364 497 3447 qui
555 3360 675 3426 ubi
731 3359 977 3425 milites
1031 3361 1209 3425 fusos
1255 3381 1330 3425 ac
1373 3359 1626 3443 palatos
1671 3360 1850 3426 videt
1891 3362 2118 3444 procul
2162 3360 2337 3426 ordi-

377 3470 501 3514 nes
548 3445 924 3529 reliquisse,
970 3446 1159 3531 signo
1202 3444 1386 3510 ducis
1427 3443 1708 3526 sublato,
1757 3468 1865 3511 eos
1910 3446 1978 3510 in
2027 3448 2337 3512 stationes

378 3556 539 3601 suas
581 3538 864 3598 revocat.
954 3529 1070 3595 S1c
1123 3531 1301 3596 enim
1356 3530 1636 3614 dispersi
1690 3543 1879 3597 erant
1930 3534 2029 3597 tui
2088 3553 2335 3611 omnes,

377 3619 702 3695 Domine,
759 3623 834 3681 ut
889 3638 1021 3681 non
1076 3614 1269 3682 modo
1323 3617 1598 3699 imperia
1650 3618 1963 3684 exaudire
2013 3639 2147 3683 non
2190 3640 2337 3702 pos-

379 3712 550 3783 sent,
599 3702 715 3769 sed
760 3702 957 3767 etiam
1001 3712 1078 3767 ut
1121 3701 1302 3767 obliti
1345 3702 1811 3786 propemodum
1849 3712 2070 3770 essent
2114 3712 2179 3769 et
2215 3705 2339 3769 du-

379 3793 475 3858 cis
527 3790 663 3869 sui,
722 3795 789 3852 et
829 3788 1132 3866 militiae,
1188 3795 1253 3852 et
1312 3791 1705 3854 sacramenti
1759 3789 2081 3856 militaris.
2171 3791 2337 3875 Eg0‚

379 3885 460 3942 ut
507 3896 623 3940 eos
679 3874 760 3939 ab
805 3894 1027 3939 errore
1082 3873 1484 3957 colligerem,
1541 3896 1673 3939 non
1732 3876 2019 3941 alienum
2075 3877 2338 3960 signum

378 3960 662 4041 sustuli,
707 3960 821 4025 sed
864 3961 1124 4044 insigne
1166 3957 1333 4022 illud
1378 3968 1565 4023 tuum
1611 3962 1958 4038 vexillum,
2003 3962 2173 4045 quod
2218 3984 2337 4027 no-

374 4049 482 4116 bis
530 4045 718 4127 sequi
760 4066 1024 4111 necesse
1062 4054 1178 4123 est,
1225 4046 1280 4109 si
1313 4045 1622 4111 volumus
1655 4047 1725 4111 in
1762 4048 2003 4130 populo
2038 4056 2151 4113 tuo
2186 4071 2336 4115 cen-

377 4135 537 4200 seri.
628 4132 760 4201 Hic
802 4152 1070 4197 manum
1117 4129 1279 4195 mihi
1319 4130 1714 4212 iniecerunt,
1772 4134 1883 4215 qui
1928 4155 2131 4216 quum
2177 4134 2337 4198 alios

375 4221 674 4286 retinere
718 4217 791 4281 in
825 4217 1052 4282 ordine
1089 4216 1418 4294 deberent,
1465 4218 1535 4279 in
1571 4239 1858 4282 errorem
1898 4217 2307 4285 abduxerant
2318 4242 2334 4298 ;

375 4314 446 4373 et
505 4326 715 4389 quum
780 4303 1052 4367 minime
1109 4302 1504 4381 desinerem,
1561 4304 1882 4368 violenter
1935 4308 2333 4370 restiterunt.

371 4392 511 4459 Hic
559 4394 863 4472 coeptum
911 4397 1010 4453 est
1055 4389 1346 4472 graviter
1387 4387 1796 4467 tumultuari,
1842 4390 2046 4456 donec
2070 4389 2161 4455 ad
2201 4390 2333 4456 dis-

372 4478 628 4545 sidium
671 4495 877 4556 usque
917 4483 1247 4540 certamen
1294 4475 1557 4539 exarsit.
1624 4475 1881 4540 Verum
1922 4497 2126 4560 penes
2169 4498 2332 4560 quos

372 4565 463 4629 sit
524 4560 752 4645 culpa,
809 4568 998 4625 tuum
1056 4572 1156 4625 est
1201 4582 1375 4626 nunc
1427 4562 1889 4642 pronunciare,
1946 4584 1983 4625 6
2025 4560 2327 4627 Domine.

368 4649 525 4735 Ego
572 4666 837 4729 semper
874 4653 941 4709 et
976 4647 1193 4711 verbis
1232 4657 1298 4711 et
1330 4646 1520 4711 sactis
1553 4654 1834 4711 testatus
1870 4668 2037 4725 sum,
2083 4656 2330 4731 quanto

367 4732 660 4800 unitatis
700 4730 920 4796 studio
954 4741 1229 4797 tenerer.
1297 4733 1553 4796 Verum
1588 4731 1704 4796 illa
1736 4732 1900 4796 mihi
1943 4746 2083 4796 erat
2125 4733 2329 4799 ecele-

367 4821 511 4886 siae
555 4818 809 4894 unitas,
857 4837 1022 4900 quae
1064 4815 1179 4882 abs
1223 4825 1289 4882 te
1327 4818 1672 4901 inciperet,
1732 4840 1807 4884 ac
1849 4820 1919 4881 in
1962 4826 2028 4882 te
2072 4818 2328 4883 desine-

364 4915 493 4973 ret.
591 4902 869 4984 Quoties
934 4903 1106 4967 enim
1175 4924 1397 4985 pacem
1465 4912 1531 4968 et
1584 4905 2073 4969 consensionem
2140 4904 2327 4970 nobis

365 4988 885 5067 commendasti,
943 4988 1139 5053 simul
1188 4987 1560 5067 ostendisti,
1619 4998 1683 5053 te
1738 4991 2009 5055 unicum
2062 5011 2203 5059 esse
2245 4990 2326 5053 11-
2432 5002 2461 5063 1

360 5078 503 5143 lius
550 5072 1044 5143 conservandae
1086 5074 1440 5139 vinculum.
1527 5076 1672 5155 Me,
1718 5077 1773 5140 si
1816 5096 2044 5159 pacem
2087 5076 2327 5140 habere

362 5164 621 5232 vellem
680 5181 829 5225 cum
874 5159 955 5224 iis
1000 5158 1113 5241 qui
1156 5180 1226 5223 se
1267 5159 1602 5224 iactabant
1643 5160 1951 5226 ecclesiae
1993 5162 2326 5245 praesules

365 5258 439 5315 et
482 5248 647 5315 fidei
687 5245 1056 5323 columnas,
1103 5264 1247 5309 eam
1286 5243 1608 5310 redimere
1651 5248 1989 5330 oportebat
2032 5249 2327 5315 veritatis

1741 343 1870 407 AD
1917 339 2389 408 SADOLETI
2430 339 2989 406 EPISTOLAM.

4251 344 4380 408 410

2433 535 2587 592 tuae
2630 530 3077 613 abnegatione.
3147 529 3426 612 Quidvis
3460 537 3683 595 autem
3716 533 3930 614 potius
3966 531 4385 600 subeundum

2436 635 2579 679 esse
2623 617 2878 694 censui,
2935 637 3133 700 quam
3177 625 3252 681 ut
3294 617 3376 681 ad
3421 617 3735 682 nefariam
3779 617 3977 681 istam
4019 620 4385 699 pactionem

2436 698 2911 765 descenderem.
2983 702 3155 766 Nam
3192 702 3503 768 Christus
3545 703 3683 784 ipse
3726 709 3883 768 tuus
3926 701 4111 769 nobis
4156 704 4384 786 edixit,

2436 788 2632 850 etiam
2669 786 2724 851 si
2760 787 3012 852 coelum
3049 798 3262 854 terrae
3296 789 3784 872 permisceatur,
3828 796 4127 870 oportere
4162 797 4386 857 tamen

2437 873 2712 938 verbum
2755 880 2944 937 tuum
2989 881 3331 942 aeternum
3374 895 3759 957 permanere
3796 875 4065 959 (Matth.
4107 879 4208 956 24,
4249 877 4382 961 35).

2435 958 2665 1040 Neque
2709 978 2869 1023 vero
2919 957 3232 1025 dissidere
3275 982 3382 1023 me
3434 960 3516 1023 ab
3558 960 3830 1025 ecclesia
3883 967 3999 1025 tua
4050 962 4383 1044 putabam,

2437 1045 2594 1126 quia
2636 1043 2800 1107 mihi
2846 1066 2996 1110 cum
3041 1045 3432 1129 primoribus
3485 1045 3618 1110 illis
3672 1045 3913 1111 bellum
3960 1059 4118 1111 erat.
4207 1047 4385 1113 Nam

2437 1137 2505 1195 et
2547 1152 2667 1213 per
2693 1130 2902 1194 filium
2942 1139 3010 1195 et
3038 1153 3157 1214 per
3189 1131 3513 1214 apostolos
3544 1152 4071 1213 praemonueras,
4113 1132 4196 1196 ad
4230 1153 4387 1199 eum

2436 1214 2653 1279 locum
2693 1237 3079 1295 emersuros,
3126 1215 3360 1300 quibus
3403 1217 3945 1282 consentiendum
3978 1219 4247 1284 minime
4282 1240 4387 1285 es-

2438 1309 2556 1365 set.
2644 1301 2797 1366 Non
2845 1300 2923 1365 de
2968 1303 3300 1367 extraneis
3345 1302 3454 1367 ille
3500 1302 3900 1382 hominibus,
3961 1303 4072 1369 sed
4117 1305 4224 1383 iis,
4269 1305 4386 1389 qui

2437 1408 2508 1451 se
2556 1408 2672 1470 pro
2715 1388 3085 1469 pastoribus
3131 1389 3565 1466 venditarent,
3611 1388 4059 1472 praedixerat,
4100 1390 4240 1455 fore
4280 1390 4385 1455 lu-

2437 1493 2555 1556 pos
2589 1493 2858 1554 rapaces
2902 1489 2970 1539 et
3009 1474 3629 1557 pseudoprophetas,
3676 1475 3997 1558 simulque
4032 1475 4385 1544 mandave-

2436 1567 2545 1622 rat
2586 1567 2665 1622 ut
2709 1578 3007 1623 caverem
3046 1560 3312 1642 (Matth.
3353 1564 3409 1638 7,
3456 1562 3579 1642 15).
3646 1561 3779 1626 Ubi
3822 1582 4054 1628 cavere
4100 1562 4384 1640 iubebat,

2439 1667 2522 1708 an
2571 1665 2690 1729 ego
2733 1666 3005 1709 manum
3060 1645 3548 1728 praebuissem?
3638 1647 3776 1713 Nec
3819 1648 4030 1732 magis
4074 1648 4386 1731 pestilen-

2439 1738 2539 1794 tes
2583 1731 2718 1795 fore
2764 1731 3069 1796 ecclesiae
3114 1742 3264 1797 tuae
3309 1732 3528 1797 hostes
3572 1732 4059 1799 denunciabant
4093 1733 4388 1817 apostoli,

2440 1836 2636 1898 quam
2695 1816 3041 1882 intestinos
3084 1819 3194 1900 qui
3254 1819 3375 1883 sub
3430 1826 3766 1901 pastorum
3809 1818 4004 1884 titulo
4049 1818 4387 1884 delitesce-

2439 1909 2590 1965 rent
2636 1901 2810 1979 (Act.
2851 1906 2950 1981 20,
2979 1907 3089 1983 293
3127 1909 3163 1967 2
3188 1904 3365 1969 Petr.
3387 1908 3463 1982 »2,
3495 1910 3516 1967 l
3541 1928 3558 1983 ;
3591 1910 3614 1967 1
3645 1904 3873 1970 1661111.
3914 1909 3971 1984 2,
4005 1905 4129 1990 18).
4203 1904 4388 1986 Quos

2439 1988 2960 2069 pronunciabant
2999 2009 3142 2054 esse
3202 1994 3318 2068 [fol.
3358 1995 3466 2070 42]
3525 1989 3858 2055 habendos
3902 2013 4021 2074 pro
4061 1990 4383 2071 hostibus,

2441 2073 2522 2136 ab
2575 2074 2654 2137 iis
2713 2095 2831 2138 6111·
2874 2073 3274 2160 dubitassem
3319 2097 3425 2140 me
3479 2076 3865 2160 seiungere?
3953 2078 4171 2142 Erant
4220 2077 4388 2142 mihi

2436 2158 2509 2220 in
2553 2158 2756 2225 6611116
2798 2162 3266 2242 prophetarum
3305 2167 3567 2226 tuorum
3623 2163 3951 2245 exempla,
4008 2164 4242 2246 quibus
4284 2163 4388 2227 vi-

2440 2242 2671 2308 debam
2726 2252 2943 2309 tantas
2997 2246 3201 2311 fuisse
3255 2248 3701 2312 contentiones
3766 2270 3917 2313 611111
3982 2248 4223 2314 66661111
4281 2249 4386 2313 6111

2438 2329 2880 2396 sacerdotibus
2925 2353 3000 2397 66
3042 2332 3409 2414 prophetis:
3466 2354 3627 2416 quos
3670 2342 3845 2398 certe
3890 2342 4145 2399 constat
4188 2335 4387 2399 fuisse

2437 2415 2510 2478 in
2575 2417 2815 2500 populo
2881 2417 3228 2484 israelitico
3295 2418 3604 2484 ecclesiae
3658 2419 4008 2501 praesules.
4098 2420 4193 2484 At
4247 2439 4388 2483 non

2434 2500 2581 2565 ideo
2625 2501 2956 2566 habentur
2996 2524 3113 2586 pro
3157 2503 3587 2569 schismaticis
3629 2504 3985 2588 prophetae
4026 2507 4124 2570 tui
4139 2556 4154 2582 ,
4209 2502 4387 2587 quod

2440 2585 2597 2651 dum
2660 2587 3010 2671 collapsam
3073 2589 3457 2674 religionem
3510 2591 3877 2656 instaurare
3934 2591 4190 2670 volunt,
4255 2589 4387 2656 illis

2440 2693 2698 2739 summa
2740 2674 2807 2740 vi
2863 2675 3379 2759 repugnantibus
3421 2696 3556 2741 non
3600 2677 3934 2742 cesserint.
4023 2675 4390 2742 Manebant

2440 2779 2595 2843 ergo
2629 2761 2701 2823 in
2735 2781 2892 2826 vera
2928 2761 3236 2827 ecclesiae
3271 2763 3544 2839 unitate,
3590 2783 3793 2844 quum
3831 2783 3870 2825 a
3904 2762 4239 2828 sceleratis
4282 2782 4388 2826 sa-

2440 2844 2808 2910 cerdotibus
2852 2845 3010 2911 diris
3054 2845 3382 2912 ominibus
3407 2849 3453 2931 ¹)
3502 2847 4001 2927 devoverentur,
4047 2869 4248 2930 quum
4285 2849 4387 2913 in-

2441 2929 2621 3016 digni
2664 2933 3101 3012 censerentur,
3149 2934 3259 3017 qui
3300 2933 3517 3000 16611111
3562 2934 3737 2999 inter
3778 2933 4097 3014 homines,
4144 2933 4388 3000 nedum

2437 3017 2613 3082 inter
2656 3025 2913 3083 sanctos
2956 3018 3294 3084 haberent.
3381 3021 3635 3085 Eorum
3681 3041 3836 3105 ergo
3876 3020 4191 3104 exemplis
4234 3042 4386 3086 con-

2437 3105 2739 3169 firmatus
2785 3104 2878 3169 sic
2921 3105 3212 3183 constiti,
3268 3112 3346 3170 ut
3401 3106 3568 3170 nihil
3610 3127 3717 3172 me
3761 3106 3913 3171 illae
3957 3106 4037 3170 de
4081 3105 4388 3173 ecclesiae

2441 3188 2806 3255 desert-ione
2862 3191 3399 3257 obnunciationes
3452 3192 3753 3259 minaeve
3796 3193 4204 3272 territarent,
4262 3214 4389 3275 qno

2440 3276 2664 3340 minus
2720 3283 3096 3341 constanter
3137 3275 3590 3361 intrepideque
3643 3278 4110 3362 pergerem-iis
4154 3277 4388 3344 adver-

2441 3362 2591 3440 sari,
2628 3364 2741 3443 qui
2784 3361 2905 3426 sub
2940 3369 3277 3445 pastorum
3311 3383 3593 3445 persona
3679 3363 3783 3428 lus
3818 3385 4016 3446 quam
4055 3363 4258 3446 impia
4281 3370 4387 3448 ty-

2442 3446 2718 3511 rannide
2762 3447 3098 3511 ecclesiam
3154 3455 3340 3512 tuam
3396 3448 3615 3532 disper
3660 3447 3872 3513 ebant.
3960 3449 4167 3512 Eram
4211 3448 4388 3512 enim

2441 3532 2605 3596 mihi
2642 3532 2883 3615 optime
2920 3534 3234 3613 conscius,
3270 3542 3512 3617 quanto
3535 3533 3856 3600 uniendae
3892 3534 4201 3598 ecclesiae
4234 3540 4388 3597 tuae

2443 3617 2662 3682 studio
2718 3618 3098 3702 flagrarem,
3170 3619 3364 3685 modo
3420 3617 3797 3686 concordiae
3853 3621 3992 3684 eius
4043 3618 4389 3684 vinculum

2442 3711 2614 3768 esset
2656 3711 2774 3768 tua
2818 3706 3078 3771 veritas.
3149 3704 3281 3787 Qui
3324 3705 3709 3788 subsequuti
3750 3712 3907 3770 sunt
3948 3710 4189 3781 motus,
4236 3712 4313 3767 ut
4348 3724 4388 3769 a

2440 3810 2547 3853 me
2600 3810 2731 3854 non
2779 3797 2936 3853 sunt
2991 3791 3285 3868 excitati,
3343 3793 3439 3856 ita
3489 3813 3617 3856 non
3666 3797 3765 3855 est
3807 3812 3924 3856 cur
3966 3789 4127 3853 mihi
4171 3789 4387 3872 impu-

2440 3882 2683 3939 tentur.
2774 3873 2949 3954 Seis,
2994 3877 3306 3955 Domine,
3369 3899 3473 3943 res
3525 3878 3720 3941 etiam
3774 3877 3916 3959 ipsa
3960 3874 4131 3957 apud
4175 3875 4387 3939 homi-

2441 3982 2558 4026 nes
2600 3968 2842 4025 testata
2876 3967 2996 4042 est,
3043 3970 3119 4026 ut
3161 3962 3326 4026 nihil
3360 3963 3770 4046 quaesierim,
3817 3981 4013 4044 quam
4035 3960 4237 4026 verbo
4271 3969 4387 4027 tuo

2441 4047 2919 4112 controversias
2963 4068 3190 4113 omnes
3246 4047 3493 4124 dirimi,
3549 4068 3674 4130 quo
3728 4045 4093 4112 coniunctis
4149 4044 4390 4112 animis

2440 4141 2717 4216 utraque
2760 4153 2915 4215 pars
2958 4131 3041 4197 ad
3084 4133 3544 4199 stabiliendum
3588 4153 3863 4216 regnum
3902 4139 4092 4196 tuum
4130 4133 4386 4216 conspi-

2440 4226 2647 4284 raret:
2708 4226 2787 4283 ut
2837 4240 2967 4282 non
3025 4219 3471 4297 detrectarim,
3516 4218 3622 4283 vel
3678 4219 3905 4301 capitis
3947 4219 4076 4282 mei
4122 4217 4387 4301 dispen-

2439 4301 2572 4382 dio,
2619 4325 2845 4386 pacem
2891 4305 3197 4370 ecclesiae
3241 4306 3527 4383 restitui,
3587 4305 3642 4368 si
3693 4304 3941 4370 frustra
3993 4305 4382 4369 tumultuari

2439 4389 2883 4472 deprehensus
2916 4390 3140 4456 forem.
3211 4390 3390 4472 Quid
3426 4397 3646 4454 autem
3686 4389 4084 4455 adversarii?
4143 4390 4384 4454 Nonne

2437 4476 2741 4558 protinus
2776 4474 2857 4539 ad
2892 4476 3099 4559 igneS,
3146 4476 3230 4542 ad
3265 4497 3503 4554 cruces,
3550 4475 3633 4540 ad
3666 4474 3915 4560 gladios
3947 4476 4192 4540 furiose
4228 4496 4382 4558 pro-

2434 4560 2830 4626 currerunt?
2917 4561 3154 4627 Nonne
3212 4561 3478 4627 unicum
3542 4560 3663 4626 sibi
3716 4561 4116 4644 praesidium
4160 4564 4226 4626 in
4273 4582 4379 4626 ar-

2430 4646 2559 4711 mis
2602 4653 2669 4711 et
2711 4648 2985 4712 saevitia
3028 4669 3167 4713 esse
3210 4646 3624 4713 iudicarunt?
3688 4648 3926 4712 Nonne
3970 4645 4054 4711 ad
4097 4647 4378 4712 eundem

2430 4732 2720 4797 furorem
2763 4753 2988 4798 omnes
3033 4731 3294 4798 ordines
3337 4733 3774 4817 instigarunt?
3862 4733 3927 4797 N
3928 4754 4099 4797 onne
4150 4753 4377 4803 omnes

2431 4818 2897 4901 pacificationis
2940 4819 3226 4883 rationes
3277 4818 3712 4901 respuerunt?
3801 4820 3901 4884 Ee
3956 4820 4204 4884 factum
4256 4824 4373 4898 est,

2570 5126 2630 5191 1)
2671 5123 2766 5180 Sic
2799 5126 2919 5180 sola
2949 5126 3210 5194 pm’ncepe
3243 5141 3364 5181 eum
3392 5124 3553 5183 Gallo
3577 5128 3677 5195 qui
3694 5126 3881 5180 vertit.-
3915 5124 3968 5177 ia
3994 5123 4100 5176 soit
4125 5138 4185 5177 ce
4210 5122 4372 5202 qu’ilz

2428 5196 2676 5319 ’Ἐξ-61311
2677 5194 2952 5318 3131εέ612
3001 5194 3067 5249 (16
3113 5194 3344 5264 grandes
3390 5196 3778 5250 maledictions.
3852 5191 4069 5245 Caetm·
4099 5190 4224 5246 libri
4261 5207 4372 5245 om-
