4984 5975
582 338 711 401 407

593 523 906 608 colligari.
991 521 1098 585 Ea
1148 524 1372 583 autem
1426 514 1752 601 quomodo
1807 517 1878 579 in
1933 521 2161 581 vestra
2212 521 2400 598 parte
2446 513 2551 580 vel

594 609 849 686 colitur,
894 605 1000 672 vel
1044 601 1418 687 appetitur?
1507 600 1641 667 Ubi
1696 608 1855 665 sunt
1898 609 2154 667 veteres
2207 599 2305 664 illi
2357 619 2551 665 cano-

591 715 746 771 nes,
801 693 1036 776 quibus
1079 689 1288 754 veluti
1343 688 1548 753 frenis
1605 686 1889 770 episcopi
1943 707 2019 753 ac
2067 685 2436 770 presbyteri
2479 686 2550 749 in

593 780 805 844 officio
849 773 1349 842 retinebantur?
1440 770 1781 854 Quomodo
1837 773 2010 854 apud
2054 792 2172 838 vos
2216 770 2553 856 eliguntur

595 862 925 948 episcopi?
985 882 1117 943 qua
1168 857 1598 944 probatione?
1654 878 1784 940 qua
1842 856 2161 923 censura?
2215 878 2345 939 qua
2402 855 2552 920 dili-

595 947 863 1034 gentia?
921 966 1050 1031 qua
1102 943 1455 1011 cautione?
1546 941 1889 1024 Quomodo
1943 943 2203 1008 muneri
2257 963 2376 1030 suo
2425 941 2553 1007 ini-

595 1032 891 1100 tiantur?
947 1054 1077 1117 quo
1133 1029 1404 1096 ordine?
1462 1049 1592 1113 qua
1644 1028 2005 1113 religione?
2094 1029 2382 1093 Tantum
2441 1028 2555 1092 de-

595 1117 915 1204 fungendi
957 1137 1155 1184 881188
1196 1114 1621 1181 iureiurando
1665 1114 2053 1199 adiguntur,
2112 1135 2183 1179 se
2227 1112 2555 1196 pastorale

596 1226 838 1271 munus
882 1204 1200 1269 obituros:
1262 1200 1377 1268 sed
1430 1200 1499 1265 id
1541 1220 1678 1265 non
1719 1201 1790 1265 in
1834 1200 2037 1265 alium
2054 1251 2069 1278 ,
2127 1209 2206 1264 ut
2262 1205 2553 1283 apparet,

596 1293 817 1368 finem,
862 1289 995 1355 nisi
1036 1296 1113 1353 ut
1157 1307 1354 1370 super
1396 1286 1528 1351 alia
1570 1287 1616 1349 fl
1709 1286 1820 1351 ‘tia
1861 1286 2149 1368 periurio
2185 1306 2440 1368 quoque
2484 1306 2556 1349 se

596 1376 1031 1460 obstringant.
1121 1372 1296 1453 Quia
1352 1392 1508 1455 ergo
1561 1392 1670 1437 ecc
1697 1371 1998 1437 esiastica
2048 1390 2324 1436 munera
2365 1371 2555 1434 inva-

597 1460 814 1527 dendo
857 1466 1244 1544 potestatem
1287 1456 1599 1523 videntur
1640 1458 1767 1523 sibi
1808 1457 1975 1522 inire
2020 1456 2206 1522 nulla
2247 1456 2393 1540 lege
2438 1455 2555 1520 ad-

600 1547 933 1625 strictam,
990 1545 1210 1609 omnia
1252 1542 1374 1608 sibi
1417 1544 1487 1607 in
1532 1562 1610 1606 88
1651 1542 1846 1608 118818
1887 1549 2157 1626 putant:
2213 1550 2290 1607 ut
2346 1539 2555 1607 credi-

600 1632 731 1697 bile
775 1633 887 1711 sit,
943 1631 1115 1695 inter
1158 1629 1405 1714 piratas
1451 1649 1526 1694 ac
1568 1627 1859 1693 latrones
1903 1627 2055 1711 plus
2099 1648 2239 1694 8888
2282 1627 2445 1693 111118
2488 1635 2558 1690 81

599 1718 910 1801 politiae,
938 1715 1278 1798 magisque
1323 1714 1543 1779 valere
1601 1714 1810 1798 leges,
1866 1734 2064 1796 quam
2116 1714 2188 1778 in
2243 1713 2555 1777 universo

595 1811 820 1870 vestro
863 1800 1109 1867 ordine.

769 1886 1102 1969 Quoniam
1125 1891 1347 1948 autem
1380 1884 1464 1948 ad
1498 1893 1871 1949 extremum
1891 1884 2180 1963 inducta,
2216 1904 2382 1966 quae
2405 1903 2557 1947 cau-

597 1993 740 2039 sam
785 1980 1078 2037 nostram
1127 1971 1499 2047 sustineret,
1545 1990 1840 2053 persona,
1886 1991 2006 2035 nos
2041 1970 2248 2035 veluti
2273 1975 2438 2033 ‘reos
2473 1968 2558 2033 ad

594 2060 728 2123 Dei
769 2056 1067 2123 tribunal
1111 2056 1355 2132 citasti,
1401 2074 1522 2139 ego
1568 2076 1724 2120 vero
1767 2055 1925 2119 illuc
1970 2064 2035 2120 te
2077 2076 2207 2120 non
2249 2054 2559 2119 dubitan—

599 2152 706 2208 ter
746 2163 998 2210 revoco.
1087 2142 1192 2206 Ea
1247 2141 1420 2205 enim
1471 2140 1660 2204 nobis
1720 2147 1978 2206 constat
2031 2139 2364 2205 doctrinae
2407 2161 2558 2204 nos-

600 2237 743 2294 trae
797 2227 1222 2304 conscientia,
1282 2245 1444 2308 quae
1488 2246 1609 2291 1188
1655 2224 2004 2290 coelestem
2047 2226 2234 2290 illum
2277 2225 2558 2290 iudicem

602 2314 1040 2392 exhorrescat,
1097 2316 1217 2390 [fol.
1246 2316 1354 2389 39]
1411 2332 1450 2375 a
1493 2330 1624 2394 quo
1667 2312 1878 2394 ipsam
1926 2331 2060 2376 non
2107 2310 2364 2376 dubitat
2405 2332 2557 2394 pro·

602 2399 815 2465 diisse.
904 2397 1066 2463 Illas
1111 2405 1331 2461 autem
1383 2397 1665 2479 ineptias
1719 2396 1890 2461 nihil
1941 2405 2266 2476 moratur,
2323 2397 2558 2479 quihus

599 2483 828 2550 ludere
893 2483 1016 2548 tibi
1079 2482 1358 2565 placuit:
1425 2482 1698 2546 minime
1763 2490 1941 2548 certe
2006 2484 2075 2547 in
2129 2482 2288 2548 loeo.
2379 2482 2560 2563 Quid

599 2570 778 2636 enim
820 2570 1034 2653 magis
1075 2568 1546 2650 importunum,
1591 2589 1793 2650 quam
1836 2569 1951 2633 ubi
1982 2568 2053 2632 in
2087 2568 2216 2633 Dei
2251 2587 2558 2652 eonspec-

599 2665 747 2720 tum
789 2661 1070 2721 ventum
1112 2662 1242 2730 est,
1287 2673 1500 2736 nugas
1544 2654 1764 2717 nescio
1808 2675 1970 2736 quas
2012 2654 2443 2732 comminisci,
2490 2660 2561 2718 et

601 2740 1046 2806 defensionem
1097 2737 1284 2803 nobis
1333 2759 1572 2820 parum
1627 2738 1931 2805 idoneam
1986 2740 2331 2824 affingere,
2388 2760 2558 2822 quae

599 2846 756 2890 mox
802 2824 1144 2890 concidat?
1229 2823 1371 2889 Piis
1416 2824 1675 2903 animiS,
1722 2826 1974 2908 quoties
2018 2825 2088 2890 in
2126 2833 2420 2890 mentem
2442 2845 2558 2889 ve-

605 2911 706 2976 nit
746 2909 884 2976 dies
925 2910 1072 2988 ille,
1129 2908 1337 2974 maior
1380 2910 1700 2975 incutitur
1741 2910 2000 2996 religio,
2059 2930 2256 2994 quam
2300 2919 2376 2975 ut
2423 2910 2559 2975 illis

602 2999 698 3062 ita
740 2998 946 3062 otiose
990 2995 1272 3060 delitiari
1314 3004 1516 3061 vacet.
1608 2994 1889 3062 Omissis
1950 3018 2107 3082 ergo
2165 2995 2403 3062 delitiis
2459 3003 2558 3060 ta-

603 3082 780 3147 libus
816 3080 991 3146 diem
1030 3080 1223 3145 illum
1257 3102 1333 3146 co
1383 3082 1633 3160 temus,
1679 3083 1862 3147 cuius
1898 3084 2388 3165 exspectatione
2413 3104 2559 3146 sus-

604 3168 793 3251 pensi
834 3187 1092 3249 semper
1134 3186 1277 3231 esse
1365 3166 1562 3231 ebent
1602 3166 1946 3231 hominum
1986 3168 2207 3233 animi.
2275 3168 2377 3233 Ac
2418 3188 2559 3232 me-

603 3253 1012 3331 minerimus,
1057 3272 1195 3317 non
1236 3253 1332 3316 ita
1373 3250 1673 3319 fidelibus
1716 3274 1858 3318 8888
1895 3250 2357 3336 expetendum,
2399 3253 2561 3337 quin

651 3338 897 3403 rofanis
940 3358 1016 3404 ac
1059 3336 1390 3403 sceleratis
1423 3337 1681 3421 Deique
1724 3339 2282 3422 contemptoribus
2324 3339 2560 3403 merito

630 3423 1036 3489 ormidabilis
1078 3444 1221 3488 esse
1266 3421 1517 3488 debeat.
1585 3425 1802 3490 Aures
1837 3425 2205 3508 arrigamus
2251 3424 2335 3489 ad
2368 3425 2558 3489 illum

606 3509 803 3575 tubae
847 3510 1248 3593 clangorem,
1306 3529 1501 3591 quem
1556 3509 1677 3592 ipsi
1722 3530 1975 3594 quoque
2018 3520 2425 3575 mortuorum
2468 3510 2561 3576 ci-

607 3616 799 3661 neres
843 3616 881 3660 e
936 3594 1256 3678 sepulcris
1312 3595 1449 3659 suis
1501 3594 1872 3660 exaudient.
1961 3597 2224 3662 Mentes
2278 3596 2563 3661 animos-

608 3700 736 3765 que
778 3679 1200 3746 intendamus
1253 3681 1322 3743 in
1376 3680 1568 3744 illum
1608 3679 1923 3760 iudicem,
1987 3683 2101 3765 qui
2154 3680 2293 3748 8818
2335 3681 2563 3747 11111118

609 3766 713 3831 8111
754 3766 1192 3832 illustratione
1234 3771 1490 3849 reteget
1531 3765 1844 3850 quidquid
1899 3768 1969 3831 111
2027 3767 2314 3833 tenebris
2367 3767 2560 3832 latet:

610 3853 954 3933 omniaque
995 3851 1271 3915 humani
1320 3849 1533 3917 cordis
1582 3872 1822 3918 arcana
1870 3853 2246 3936 patefaciet,
2303 3859 2370 3917 et
2424 3853 2563 3918 solo

614 3935 853 4017 spiritu
896 3937 1026 4001 oris
1068 3944 1360 4021 proteret
1400 3958 1626 4002 omnes
1673 3938 1954 4021 iniquos.
2046 3939 2149 4003 Tu
2192 3959 2367 4005 nunc
2411 3937 2564 4005 vide

616 4018 775 4101 quid
820 4041 934 4102 pro
980 4027 1045 4085 te
1088 4042 1164 4087 ac
1205 4023 1337 4087 tuis
1387 4023 1553 4088 serio
1597 4024 2025 4107 respondeas:
2082 4044 2347 4090 causam
2401 4044 2563 4089 sane

613 4112 929 4185 nostram,
974 4115 1050 4170 ut
1091 4108 1220 4172 Dei
1265 4108 1544 4173 veritate
1586 4109 1860 4174 suffulta
1903 4116 2032 4189 est,
2094 4110 2190 4174 ita
2231 4111 2406 4175 iusta
2450 4108 2563 4174 de-

612 4190 821 4256 fensio
855 4191 1124 4257 minime
1146 4189 1418 4259 deficiet.
1480 4194 1585 4259 De
1619 4196 1914 4276 personis
1949 4216 2082 4260 non
2118 4194 2363 4278 loquor,
2401 4216 2563 4277 qua-

611 4297 763 4340 rum
815 4275 991 4342 salus
1047 4299 1182 4341 non
1222 4280 1294 4342 in
1337 4281 1715 4362 patrocinio,
1761 4280 1877 4344 sed
1918 4282 1991 4345 in
2033 4280 2272 4346 humili
2314 4282 2564 4346 confes-

613 4362 795 4425 sione
831 4362 1232 4446 supplicique
1267 4364 1718 4446 deprecatione
1753 4367 1968 4448 posita
2003 4368 2161 4445 erit;
2206 4365 2320 4432 sed
2355 4386 2564 4448 quan-

615 4453 756 4510 tum
800 4446 883 4512 ad
936 4449 1282 4514 ministerii
1338 4471 1604 4516 causam
1658 4452 1921 4532 attinet,
1982 4471 2178 4516 nemo
2238 4453 2363 4517 erit
2411 4473 2565 4517 nos-

613 4539 811 4611 trum,
857 4533 970 4615 qui
1013 4555 1149 4598 non
1191 4535 1284 4599 ita
1323 4555 1441 4616 pro
1484 4557 1555 4601 se
1597 4536 1772 4619 loqui
1816 4538 2039 4620 possit.

785 4619 932 4701 Ego
975 4620 1238 4700 quidem
1282 4640 1432 4685 sum
1473 4629 1804 4705 expertus,
1850 4624 2157 4702 Domine,
2202 4642 2401 4705 quam
2440 4622 2564 4687 dif-

609 4702 783 4768 ficile
828 4704 918 4768 sit
952 4725 1028 4769 ac
1053 4726 1274 4788 grave,
1321 4707 1645 4773 sustinere
1681 4707 1858 4792 apud
1894 4709 2195 4774 homines
2232 4708 2390 4788 eius,
2434 4730 2564 4792 qua

610 4788 681 4853 in
729 4789 923 4855 terris
965 4788 1338 4872 premebar,
1393 4795 1822 4859 accusationis
1864 4793 2186 4859 invidiam
2202 4844 2216 4870 ,
2276 4794 2392 4858 sed
2434 4814 2567 4876 qua

611 4872 856 4941 fiducia
898 4895 1159 4958 semper
1201 4876 1284 4940 ad
1327 4885 1517 4940 tuum
1559 4880 1847 4946 tribunal
1899 4879 2277 4964 provocavi,
2335 4879 2566 4945 eadem

611 4980 791 5027 nunc
835 4981 1056 5027 coram
1099 4968 1167 5026 te
1210 4981 1520 5045 appareo:
1566 4964 1823 5047 quando
1868 4968 1939 5030 in
1978 4965 2218 5031 iudicio
2260 4972 2376 5031 tuo
2418 4986 2566 5030 eam

610 5045 746 5110 scio
791 5068 1071 5131 regnare
1117 5048 1493 5125 veritatem,
1550 5050 1733 5116 cuius
1786 5072 1910 5135 ego
1964 5051 2204 5118 fiducia
2246 5050 2565 5118 subnixus

609 5131 825 5214 primo
871 5132 1142 5218 aggredi
1187 5154 1386 5199 ausus
1428 5153 1603 5196 sum:
1659 5137 1844 5203 cuius
1900 5137 2224 5221 praesidio
2273 5138 2564 5203 instruc-

601 5224 749 5297 tus,
807 5223 1125 5301 perficere
1163 5221 1376 5304 potui,
1434 5218 1746 5302 quidquid
1790 5244 1829 5286 a
1873 5244 1980 5289 me
2022 5225 2091 5288 in
2135 5230 2249 5288 tua
2293 5221 2566 5288 ecclesia

2327 323 2859 392 RESPONSIO

4480 323 4605 383 408

2655 517 2917 597 gestum
2960 520 3076 576 est.
3165 511 3442 577 Duobus
3490 510 3797 576 maximis
3840 510 4225 576 criminibus
4267 529 4460 574 reum
4504 530 4607 573 me

2653 599 2968 676 fecerunt,
3015 598 3359 662 haereseos
3402 603 3469 662 et
3512 595 3902 661 schismatis.
3981 596 4186 678 Atqui
4215 595 4265 679 ¹)
4308 594 4610 659 haeresis

2653 683 2788 749 illis
2834 684 2986 761 fuit,
3044 683 3215 766 quod
3259 683 3537 765 receptis
3579 683 3753 747 inter
3795 702 3905 747 eos
3948 681 4361 765 dogmatibus
4408 701 4610 744 ausus

2654 790 2803 836 sum
2848 769 3220 834 reclamare:
3284 766 3463 850 Quid
3499 789 3658 832 vero
3701 767 4040 833 fecissem?
4108 765 4484 831 Audiebam
4531 786 4612 830 ex

2655 876 2768 920 818
2809 862 2944 932 1118,
2988 876 3124 919 11811
3169 854 3366 919 8118111
3410 874 3552 919 8888
3594 854 3894 918 181118118
3936 854 4177 927 11188111,
4224 851 4309 917 ad
4353 852 4613 916 animas

2656 945 2915 1006 nost‘ras
2957 940 3032 1004 in
3051 939 3233 1004 viam
3250 940 3432 1004 vitae
3468 938 3862 1023 dirigendas,
3907 959 4106 1022 quam
4141 958 4307 1021 quae
4342 958 4383 1002 a
4405 935 4615 1002 verbo

2657 1035 2769 1091 tuo
2792 1024 3275 1092 accenderetur.
3332 1024 3701 1090 Audiebam
3725 1046 3867 1090 8888
3890 1024 4266 1103 181111818111,
4288 1019 4615 1106 quidquid

2659 1112 2740 1177 de
2773 1119 2891 1176 tua
2922 1113 3282 1190 maiestate,
3331 1110 3411 1176 de
3447 1111 3627 1175 cultu
3664 1110 3956 1175 numinis
3989 1110 4106 1188 tui,
4152 1107 4231 1173 dc
4266 1107 4616 1191 religionis

2659 1207 2808 1263 tuae
2841 1197 3174 1281 mysteriis
3208 1196 3588 1280 concipiunt
3608 1217 3648 1259 a
3669 1218 3739 1261 se
3773 1197 3935 1280 ipsis
3969 1195 4296 1259 humanae
4328 1200 4613 1259 mentes.

2665 1283 3029 1348 Audiebam
3072 1282 3457 1366 sacrilegam
3499 1303 3639 1347 8888
3683 1282 4118 1346 temeritatem
4135 1332 4151 1360 ,
4197 1281 4255 1345 si
4298 1287 4503 1344 natae
4549 1279 4615 1343 in

2660 1370 3003 1433 bominum
3046 1367 3330 1434 cerebris
3375 1367 3707 1432 doctrinae
3751 1389 3868 1450 pro
3909 1368 4107 1433 verbo
4147 1373 4260 1431 tuo
4295 1365 4617 1431 ecclesiae

2657 1456 3060 1539 ingerantur.
3131 1451 3354 1534 Quum
3414 1463 3637 1517 autem
3691 1453 3911 1519 oculos
3963 1451 4047 1517 ad
4101 1452 4400 1517 homines
4451 1471 4616 1515 con-

2659 1548 3002 1618 verterem,
3038 1538 3172 1603 illic
3205 1538 3426 1604 omnia
3459 1540 3653 1622 longe
3689 1538 3947 1604 diversa
3981 1537 4401 1622 apparebant.
4474 1535 4616 1617 Qui

2658 1627 2812 1692 fidei
2834 1625 3183 1700 ,antistites
3227 1623 3656 1703 habebantur,
3701 1625 3974 1690 verbum
4018 1632 4212 1688 tuum
4256 1643 4470 1705 neque
4508 1623 4616 1686 in-

2657 1711 3069 1795 telligebant,
3114 1732 3327 1792 neque
3371 1731 3763 1793 magnopere
3807 1710 4138 1776 curabant.
4226 1708 4617 1791 Peregrinis

2656 1805 2919 1862 tantum
2953 1796 3367 1880 dogmatibus
3412 1797 3941 1880 circumagebant
3980 1796 4290 1860 miseram
4328 1793 4614 1877 plebem,

2660 1902 2736 1947 ac
2774 1882 2992 1947 nescio
3025 1882 3262 1965 quibus
3306 1883 3569 1965 ineptiis
3612 1880 4027 1947 deludebant.
4107 1881 4189 1945 In
4234 1879 4423 1964 plebe
4468 1882 4619 1962 ipsa

2660 1989 2922 2034 summa
2955 1969 3140 2032 verbi
3186 1967 3288 2032 tui
3320 1968 3657 2033 veneratio
3692 1974 3851 2046 erat,
3893 1967 4101 2032 veluti
4144 1987 4282 2031 18111
4321 1967 4622 2031 inacces-

2662 2074 2803 2119 sam
2847 2053 3079 2138 procul
3122 2054 3439 2130 revereri,
3501 2058 3616 2132 [fol.
3658 2058 3765 2132 40]
3808 2054 4076 2117 1111811111
4120 2051 4200 2117 88
4247 2053 4429 2116 8111111
4475 2051 4621 2116 81118

2662 2139 3086 2222 inquisitione
3141 2140 3486 2204 abstinere.
3563 2139 3751 2203 Haec
3804 2145 3946 2203 tum
3997 2137 4233 2221 supina
4276 2143 4624 2220 pastorum

2662 2225 2983 2303 socordia,
3038 2232 3185 2289 tum
3240 2224 3466 2308 populi
3519 2224 3870 2307 stupiditas
3935 2224 4205 2300 fecerat,
4258 2229 4341 2288 ut
4393 2222 4626 2287 omnia

2659 2310 3042 2394 perniciosis
3087 2310 3432 2390 erroribus,
3477 2309 3856 2389 mendaciis,
3893 2306 4472 2394 superstitionibus
4518 2329 4625 2373 re—

2661 2396 2830 2461 ferta
2873 2408 3111 2462 essent.
3191 2395 3422 2462 Unum
3475 2394 3736 2479 quidem
3780 2403 3848 2459 te
3891 2396 4111 2460 Deum
4169 2392 4623 2474 nominabant,

2663 2481 2779 2547 sed
2834 2502 3030 2564 quam
3104 2482 3437 2546 maiestati
3513 2489 3665 2546 11188
3731 2481 4008 2565 gloriam
4075 2480 4423 2546 vindicasti
4492 2479 4625 2545 alio

2661 2567 3133 2632 transferentes
3152 2619 3167 2645 ,
3243 2573 3344 2631 tot
3408 2568 3530 2632 sibi
3585 2567 3961 2651 figurabant
4025 2575 4222 2648 atque
4285 2564 4628 2631 habebant

2663 2652 2846 2732 deos,
2913 2664 3071 2735 quot
3130 2674 3249 2737 pro
3319 2653 3561 2718 sanctis
3625 2652 3836 2718 colere
3890 2652 4214 2718 volebant.
4305 2650 4626 2717 Christus

2661 2745 2818 2803 tuus
2863 2736 3255 2802 adorabatur
3296 2736 3559 2820 quidem
3603 2759 3720 2821 pro
3766 2740 3946 2819 Dee,
3991 2744 4058 2802 et
4102 2738 4457 2803 servatoris
4504 2759 4626 2802 no-

2661 2844 2816 2888 men
2881 2824 3237 2900 retinebat,
3295 2822 3410 2888 sed
3460 2844 3590 2905 qua
3701 2832 3844 2888 arte
3906 2823 4211 2889 honorari
4277 2822 4622 2902 debuerat,

2660 2929 2863 2993 prope
2918 2908 3172 2975 iacebat
3223 2910 3291 2972 in
3339 2909 3559 2974 lorius.
3654 2846 3798 2975 gua
3851 2910 4027 2974 enim
4085 2909 4327 2974 virtute
4379 2909 4625 2993 spolia-

2662 3003 2789 3075 tus,
2834 2994 3017 3060 velut
3060 3017 3232 3060 unus
3332 2995 3503 3078 iquis
3543 3017 3580 3061 8
3624 2995 3843 3080 vulg0,
3884 2997 3956 3060 in
3998 2997 4195 3061 turba
4239 3004 4625 3062 sanctorum

2664 3081 3096 3146 delitescebat.
3174 3081 3383 3146 Nemo
3440 3090 3610 3161 erat,
3665 3083 3777 3166 qui
3847 3083 4114 3148 unicum
4177 3081 4378 3160 illud,
4446 3080 4625 3164 quod

2664 3166 2784 3233 tibi
2841 3167 2909 3231 in
2964 3187 3154 3231 cruce
3210 3167 3445 3233 obtulit
3462 3218 3479 3245 ,
3540 3176 3608 3232 et
3649 3187 3776 3250 quo
3821 3189 3939 3233 nos
3982 3166 4099 3231 tibi
4152 3167 4623 3246 reconciliavit,

2663 3251 3053 3318 sacrificium
3106 3273 3264 3318 vere
3332 3260 3694 3336 reputaret;
3772 3275 3966 3318 nemo
4032 3254 4143 3335 qui
4208 3252 4288 3317 de
4348 3262 4624 3317 aeterno

2663 3338 2805 3403 eius
2865 3338 3250 3417 sacerdotio,
3308 3346 3376 3403 et
3420 3360 3589 3421 quae
3645 3337 3797 3423 inde
3847 3337 4093 3422 pendet
4134 3340 4621 3417 intercessione,

2662 3422 2770 3489 vel
2814 3444 2933 3507 per
2975 3424 3302 3489 somnium
3346 3424 3695 3509 cogitaret;
3748 3446 3971 3503 nemo,
4028 3425 4142 3507 qui
4183 3425 4253 3489 in
4298 3444 4434 3491 una
4476 3425 4622 3489 eius

2663 3510 2916 3575 iustitia
2959 3510 3415 3593 acquiesceret.
3497 3510 3624 3574 ma
3669 3532 3822 3576 vero
3866 3510 4096 3576 salutis
4137 3509 4404 3589 fiducia,
4453 3530 4620 3593 quae

2665 3597 2871 3661 verbo
2913 3602 3027 3659 tuo
3071 3602 3140 3660 et
3182 3596 3579 3680 praecipitur
3600 3603 3669 3661 et
3694 3594 4029 3674 fundatur,
4071 3595 4208 3661 fere
4226 3603 4613 3660 evanuerat.

2667 3680 2851 3763 Quin
2895 3679 2965 3743 id
3017 3688 3161 3746 erat
3207 3683 3421 3746 instar
3462 3681 3707 3748 oraculi
3761 3689 4094 3764 receptum
4113 3732 4129 3761 ,
4188 3681 4430 3746 stultae
4472 3703 4615 3747 esse

2668 3766 3097 3851 arrogantiae,
3143 3773 3227 3845 et,
3271 3775 3350 3832 ut
3392 3767 3515 3850 ipsi
3551 3768 4002 3849 loquebantur,
4045 3768 4612 3851 praesumptionis,

2669 3852 2724 3917 si
2748 3851 2897 3935 quis
2932 3858 3047 3916 tua
3082 3851 3488 3937 benignitate
3524 3852 3773 3936 filiique
3808 3854 3906 3918 tui
3940 3853 4191 3918 iustitia
4210 3853 4437 3933 fretus,
4475 3874 4613 3918 cer-

2667 3945 2805 4002 tam
2847 3957 2923 4003 ac
2966 3937 3363 4020 intrepidam
3419 3938 3651 4004 salutis
3695 3960 3879 4023 spem
3922 3939 4306 4022 conciperet.
4396 3939 4614 4004 Erant

2665 4024 2975 4106 profanae
3009 4024 3348 4106 opiniones
3384 4045 3513 4089 non
3550 4044 3812 4107 paucae,
3849 4046 4014 4107 quae
4051 4024 4267 4107 prima
4299 4024 4441 4089 eius
4463 4023 4612 4089 doe-

2667 4109 2910 4187 trinae,
2966 4129 3163 4191 quam
3220 4109 3408 4175 nobis
3448 4111 3651 4175 verbo
3706 4118 3823 4174 tuo
3878 4109 4234 4187 tradidisti,
4292 4108 4533 4192 placita
4572 4129 4613 4173 a

2667 4194 2887 4260 radice
2931 4195 3406 4260 subverterent.
3477 4194 3661 4261 Sana
3702 4217 3955 4279 quoque
3995 4194 4302 4279 baptismi
4344 4215 4610 4261 coenae-

2668 4300 2796 4364 que
2836 4280 3272 4364 intelligentia
3326 4280 3625 4364 plurimis
3677 4281 4037 4347 mendaciis
4091 4288 4399 4364 corrupta
4454 4288 4607 4346 erat.

2667 4366 2813 4431 Iam
2858 4387 3014 4431 vero
3056 4387 3257 4449 quum
3302 4388 3559 4445 omnes,
3618 4389 3748 4432 non
3805 4368 3946 4433 sine
3990 4367 4179 4452 gravi
4222 4375 4374 4432 tuae
4417 4368 4609 4433 mise-

2666 4451 2983 4517 ricordiae
3027 4452 3438 4532 contumelia,
3484 4452 3793 4518 fiduciam
3835 4454 3908 4518 in
3941 4452 4129 4519 bonis
4163 4453 4466 4536 operibus
4498 4473 4606 4536 po-

2668 4546 2932 4615 nerent,
2997 4559 3199 4620 quum
3259 4540 3448 4604 bonis
3492 4540 3797 4622 operibus
3840 4539 4126 4623 gratiam
4170 4547 4352 4606 tuam
4395 4537 4603 4604 deme-

2669 4624 2818 4701 reri,
2865 4644 3071 4706 quum
3114 4626 3431 4690 iustitiam
3476 4626 3599 4690 sibi
3643 4645 4045 4708 comparare,
4105 4646 4305 4708 quum
4348 4632 4604 4707 peccata

2668 4709 2955 4791 expiare,
2990 4731 3195 4792 quum
3230 4710 3347 4776 tibi
3377 4711 3751 4776 satisfacere
3786 4710 4238 4776 adniterentur
4260 4712 4454 4793 (quae
4475 4709 4604 4773 sin-

2670 4794 2826 4879 gula
2845 4797 3159 4861 virtutem
3183 4796 3390 4861 crucis
3414 4794 3667 4860 Christi
3701 4797 4054 4867 obliterant
4075 4817 4150 4862 ac
4171 4793 4602 4878 exinaniunt),

2634 4902 2836 4963 =quae
2879 4890 3102 4946 tamen
3146 4889 3365 4947 essent
3409 4882 3579 4947 bona
3622 4904 3849 4965 opera,
3903 4904 4172 4965 prorsus
4215 4880 4600 4947 nesciebant.

2670 4967 2954 5032 Perinde
2993 4968 3204 5046 enim,
3261 4987 3336 5033 ac
3388 4968 3442 5032 si
3497 4968 3769 5032 minime
3817 4967 3900 5032 ad
3954 4969 4269 5035 iustitiam
4313 4966 4458 5052 lege
4499 4974 4606 5030 1118

2810 5239 2870 5306 1)
2907 5240 3088 5310 Atqui,
3125 5237 3468 5295 1539.1540.
3545 5240 3767 5296 Gallus.-
3801 5241 3959 5296 Mais.
4035 5240 4271 5296 Caetera-
4304 5240 4498 5310 Atque.
