4984 5975
355 351 481 412 393
1738 317 1870 410 AD
1917 342 2388 411 SADOLETI
2428 342 2988 411 EPIsTonAM.
4250 351 4375 411 394

354 533 670 598 mandat?
740 532 917 613 Quia
960 533 1137 597 enim
1180 531 1593 613 providebat,
1630 553 1830 614 quam
1873 530 2315 614 periculosum

356 621 526 685 foret
554 619 802 700 absque
826 618 1028 684 verbo
1053 618 1355 699 spiritum
1378 618 1640 693 iactare,
1667 618 2006 683 eeclesiam
2029 638 2069 681 a
2090 627 2315 683 saneto

356 704 621 788 quidem
682 705 913 787 spiritu
970 704 1324 787 gubernari
1379 705 1684 768 asseruit:
1734 701 1850 768 sed
1885 724 2029 767 eam
2075 702 2315 786 guber-

356 791 714 862 nationem,
751 812 836 855 ne
870 811 1040 872 vaga
1076 797 1142 853 et
1174 789 1501 853 instabilis
1545 788 1940 867 crederetur,
1985 789 2184 853 verbo
2220 789 2315 852 al-

357 875 612 960 ligavit.
678 876 824 941 Hac
872 877 1126 939 ratione
1170 873 1412 940 clamat
1455 873 1788 953 Christus,
1837 897 1919 939 ex
1962 872 2108 938 Deo
2152 895 2311 951 esse,

365 965 482 1046 661
539 962 737 1027 verba
787 960 917 1025 Dei
972 960 1277 1037 audiunt3
1336 981 1491 1025 oves
1550 982 1704 1026 suas
1758 980 1932 1038 esse,
1977 980 2143 1042 quae
2199 980 2314 1024 vo-

366 1069 507 1112 cem
574 1069 761 1112 suam
824 1047 1108 1128 pastoris
1174 1065 1318 1110 esse
1385 1061 1881 1128 recognoscunt:
1960 1044 2325 1127 quamlibet

361 1132 590 1212 aliam,
637 1131 922 1196 hominis
977 1152 1119 1196 esse
1163 1132 1463 1196 extranei
1507 1132 1767 1214 (Ioann.
1821 1136 1913 1208 10,
1948 1129 2093 1213 27).
2171 1130 2319 1193 Hae

358 1220 614 1283 ratione
670 1214 937 1302 sp'iritus
994 1221 1109 1299 per
1161 1239 1233 1281 os
1274 1216 1469 1281 Pauli
1512 1216 1917 1298 pronunciat,
1964 1215 2305 1282 eeclesiam

356 1302 701 1369 fundatam
761 1324 902 1368 6666
959 1324 1158 1385 super
1213 1301 1715 1369 fundamentum
1762 1301 2207 1386 apostolorum
2252 1309 2319 1365 et

350 1389 828 1474 prophetarum
865 1388 1136 1472 (Ephes.
1177 1392 1234 1466 2,
1266 1387 1394 1464 20).
1452 1388 1625 1452 Item
1660 1387 1997 1453 ecclesiam
2032 1386 2318 1451 Domino

353 1477 829 1541 sanctificatam
881 1475 1142 1540 lavacro
1193 1493 1396 1555 aquae
1447 1475 1517 1537 in
1578 1472 1780 1537 verbo
1824 1475 1998 1539 vitae
2043 1472 2314 1555 (Ephes.

357 1566 417 1638 5,
459 1561 592 1645 26).
657 1557 740 1624 Id
790 1562 1007 1643 ipsum
1053 1580 1171 1644 per
1214 1581 1285 1624 os
1328 1558 1513 1623 Petri
1556 1560 1756 1622 etiam
1800 1560 2067 1624 elarius:
2116 1579 2319 1640 quum

355 1646 547 1712 docet
590 1647 966 1729 regenerari
1009 1646 1152 1710 Deo
1196 1645 1537 1729 populum,
1581 1666 1699 1728 per
1742 1666 1967 1709 semen
2010 1642 2174 1707 illud
2215 1644 2316 1707 in-

355 1731 778 1814 corruptibile
816 1734 879 1815 (1
911 1732 1089 1797 Petr.
1122 1735 1174 1808 1,
1201 1733 1329 1813 23).
1386 1731 1710 1813 Denique,
1735 1751 1852 1794 cur
1886 1730 2079 1794 toties
2115 1750 2318 1793 evan-

356 1819 513 1901 gelii
560 1816 954 1900 praedicatio
999 1837 1277 1899 regnum
1322 1814 1450 1880 Dei
1499 1824 1944 1899 nuncupatur,
1993 1816 2122 1879 nisi
2166 1816 2319 1897 quia

359 1910 696 1986 sceptrum
740 1913 858 1981 est,
895 1924 1021 1985 quo
1064 1900 1319 1984 plebem
1364 1922 1550 1966 suam
1594 1902 1976 1966 moderatur
2018 1923 2135 1965 rex
2174 1921 2316 1965 coe-

361 1988 591 2054 lestis?
659 1989 886 2070 Neque
931 1989 1002 2052 in
1036 1988 1245 2052 literis
1291 1995 1549 2050 tantum
1595 1987 1963 2069 apostolicis
2006 1986 2171 2050 illud
2214 2009 2316 2050 re-

362 2075 607 2157 peries,
663 2096 895 2139 verum
952 2075 1202 2156 quoties
1246 2073 1350 2137 vel
1410 2078 1524 2151 [fol.
1566 2078 1672 2151 25]
1730 2073 1809 2136 de
1864 2071 2312 2146 instauranda,

360 2161 470 2224 vel
529 2160 608 2224 de
677 2159 1099 2243 propaganda
1164 2160 1235 2222 in
1289 2159 1513 2223 orbem
1590 2159 1977 2223 universum
2046 2157 2317 2222 ecclesia

361 2246 810 2312 vaticinantur
844 2244 1216 2328 prophetae,
1254 2244 1539 2326 primum
1573 2265 1830 2326 semper
1862 2244 2077 2308 locum
2120 2244 2319 2308 verbo

366 2331 725 2415 assignant.
807 2330 1194 2395 Prodituras
1251 2329 1425 2394 enim
1495 2350 1697 2410 aquas
1755 2330 1942 2394 vivas
1998 2328 2227 2393 dicunt
2282 2350 2318 2393 e

365 2416 756 2492 Ierusalem,
806 2437 974 2498 quae
1018 2416 1085 2479 in
1132 2427 1411 2498 quatuor
1453 2416 1726 2479 flumina
1770 2412 2071 2479 diductae
2114 2423 2319 2478 totam

368 2511 611 2566 terram
668 2500 1087 2565 inundabunt
1139 2501 1365 2580 (Zach.
1408 2505 1515 2578 14,
1557 2501 1644 2583 8).
1728 2500 1916 2580 Quae
1974 2521 2130 2566 vero
2186 2502 2319 2566 sint

369 2609 574 2670 aquae
618 2587 770 2651 illae
820 2587 1045 2665 vivae,
1104 2587 1201 2650 illi
1260 2587 1395 2670 ipsi*
1447 2595 1789 2661 enarrant,
1850 2607 2052 2669 quum
2098 2587 2313 2650 aiunt:

364 2673 716 2737 Exituram
759 2673 976 2755 legem
1017 2694 1053 2736 6
1091 2671 1283 2749 Sion,
1330 2683 1395 2738 et
1434 2673 1710 2737 verbum
1745 2672 2016 2736 Domini
2059 2693 2094 2736 6
2130 2672 2316 2737 Ieru-

365 2758 566 2824 salem
614 2759 767 2837 (Ies.
814 2763 871 2834 2,
913 2757 999 2841 3).
1067 2758 1253 2823 Β666
1297 2779 1452 2841 ergo
1489 2757 2023 2841 Chrysostomus‚
2058 2758 2167 2839 qui
2212 2778 2317 2821 re-

365 2842 733 2928 pudiandos
780 2851 1004 2907 monet
1051 2864 1293 2922 omnes,
1341 2845 1451 2926 qui
1489 2845 1608 2908 sub
1652 2851 2003 2926 praetextu
2048 2842 2318 2926 spiritus

364 2952 404 2995 a
458 2929 742 3013 simplici
799 2928 1122 3013 evangelii
1181 2928 1478 3005 doctrina
1533 2952 1650 2996 nos
1706 2928 2064 2994 abducunt:
2113 2950 2313 3012 quum

365 3017 636 3100 spiritus
681 3018 769 3081 sit
811 3016 1173 3099 promissus
1217 3039 1347 3080 non
1393 3015 1473 3079 ad
1520 3038 1757 3081 novam
1806 3015 2169 3080 doctrinam
2213 3038 2316 3081 16-

360 3102 729 3179 velandam,
768 3100 882 3167 sed
916 3101 1425 3184 imprimendam
1456 3101 1799 3165 hominum
1842 3101 2081 3165 animis
2116 3123 2316 3166 evan-

362 3187 516 3272 gelii
570 3187 941 3253 veritatem.
1024 3188 1125 3252 Ac
1186 3210 1304 3252 nos
1359 3209 1431 3275 16
1482 3190 1625 3269 ipsa
1672 3184 1867 3252 hodie
1923 3187 2314 3269 experimur,

365 3294 563 3356 quam
616 3273 815 3338 fuerit
867 3274 1236 3338 necessaria
1278 3272 1649 3338 admonitio,
1718 3274 1781 3337 A
1828 3272 2084 3337 duabus
2124 3274 2318 3339 sectis

362 3380 541 3443 oppu
638 3378 858 3423 amur:
908 3379 1076 3441 quae
1117 3358 1294 3423 inter
1332 3380 1402 3425 66
1445 3358 1803 3442 plurimum
1845 3357 2159 3423 videntur
2200 3358 2318 3422 ha—

360 3443 517 3511 bere
595 3445 961 3510 'seriminis
1021 3442 1198 3524 Quid
1223 3446 1399 3509 enim
1435 3466 1640 3528 papae
1675 3443 1887 3508 simile
1921 3444 1992 3507 in
2037 3445 2320 3525 speciem

366 3553 519 3596 6616
573 3529 1076 3612 Anabaptistis?
1144 3531 1237 3595 Et
1289 3538 1546 3608 tamen,
1602 3537 1677 3594 ut
1730 3529 1956 3595 videas
2003 3527 2321 3595 Satanam

366 3636 706 3698 nunquam
764 3622 951 3679 tanta
1006 3617 1299 3682 versutia
1341 3638 1411 3681 se
1454 3617 1956 3699 transfigurare,
1993 3615 2155 3697 quin
2198 3614 2319 3679 ali-

367 3722 495 3785 qua
531 3723 615 3767 ex
651 3710 838 3784 parte
873 3723 942 3765 se
978 3701 1226 3784 prodat,
1261 3700 1438 3766 idem
1471 3703 1729 3783 utrique
1764 3702 2186 3783 praecipuum
2222 3708 2319 3764 te-

366 3786 507 3852 lum
554 3787 815 3865 habent,
862 3808 987 3869 quo
1021 3807 1139 3852 nos
1175 3787 1471 3870 fatigant.
1541 3785 1863 3871 Spiritum
1903 3787 2081 3851 enim
2115 3807 2320 3869 quum

368 3873 653 3938 fastuose
707 3874 982 3951 iactant,
1029 3893 1160 3937 non
1218 3872 1349 3937 alio
1402 3882 1579 3938 certe
1636 3871 1947 3951 tendunt,
2005 3893 2201 3955 quam
2245 3882 2319 3936 ut

367 3966 677 4042 oppresso
712 3958 1091 4041 sepultoque
1126 3957 1256 4023 Dei
1289 3960 1489 4025 verbo
1524 3958 1736 4022 locum
1772 3958 2014 4023 faciant
2048 3958 2183 4022 suis
2218 3958 2317 4040 ip-

369 4066 594 4109 sorum
629 4043 1002 4109 mendaciis
1058 4045 1316 4126 ,Τ6666,
1356 4042 1682 4122 Sadolete,
1730 4044 1799 4108 in
1835 4044 2045 4127 primo
2089 4042 2317 4108 limine

362 4128 821 4214 impingendO,
869 4128 1105 4195 dedisti
1146 4150 1388 4212 poenas
1430 4131 1569 4194 eius
1611 4128 2075 4207 contumeliae,
2121 4150 2317 4211 quam

366 4216 629 4299 spiritui
701 4226 927 4281 sancto
995 4214 1324 4292 inussisti,
1374 4237 1577 4298 quum
1639 4216 1955 4296 separasti
2006 4216 2223 4297 ipsum
2278 4237 2318 4279 a

364 4301 582 4367 verbe.
645 4301 821 4365 Nam
856 4301 1041 4367 velut
1083 4301 1154 4365 in
1186 4301 1362 4366 bivio
1397 4301 1533 4366 sint
1573 4301 1943 4379 constituti,
1985 4301 2096 4381 qui
2137 4299 2318 4364 viam

363 4386 494 4451 Dei
530 4395 876 4470 quaerunt,
919 4407 993 4452 ac
1036 4394 1212 4452 certo
1257 4387 1446 4470 signo
1491 4386 1787 4452 destituti
1832 4407 1941 4450 eos
1986 4386 2317 4450 haesitan-

365 4480 465 4538 tes
522 4471 834 4538 inducere
889 4474 1171 4556 cogeris:
1229 4481 1537 4537 utrumne
1580 4473 1790 4554 magis
1834 4470 2167 4553 expediat,
2213 4492 2317 4537 ec-

362 4557 598 4623 clesiae
635 4557 1055 4623 autoritatem
1090 4559 1290 4641 sequi,
1336 4580 1420 4622 an
1455 4560 1535 4623 iis
1573 4556 1960 4631 auscultare,
2005 4578 2164 4638 quos
2200 4579 2319 4622 no-

364 4665 605 4709 vorum
642 4643 1029 4727 dogmatum
1063 4654 1431 4727 repertores
1468 4663 1680 4708 vocas.
1751 4641 1828 4707 si
1864 4642 2183 4721 scivisses,
2208 4642 2319 4707 vel

367 4729 786 4795 dissimulare
836 4728 1183 4807 noluisses,
1232 4722 1538 4813 spir'itum
1596 4728 1901 4794 ecelesiae
1946 4728 2319 4815 praelucere

366 4815 454 4881 ad
494 4815 1015 4899 patefaciendam
1058 4815 1241 4881 verbi
1288 4814 1817 4898 intelligentiam:
1872 4811 2145 4877 verbum
2204 4835 2319 4878 au-

362 4914 503 4967 tem
546 4902 760 4965 instar
801 4920 943 4965 esse
985 4900 1152 4984 lydii
1192 4899 1447 4983 lapidis,
1491 4922 1617 4983 quo
1659 4899 1774 4964 illa
1808 4898 2136 4964 doctrinas
2181 4919 2319 4963 om-

364 5009 489 5053 nes
511 4987 860 5064 examinet,
886 5008 971 5050 an
995 4985 1077 5049 ad
1098 4988 1294 5051 istam
1318 4984 1477 5051 adeo
1498 4986 1877 5069 perplexam
1901 4992 1967 5049 et
1987 4984 2318 5066 spinosam

364 5074 820 5156 quaestionem
887 5070 1328 5154 confugisses?
1412 5072 1552 5135 Tuo
1619 5071 1823 5156 igitur
1874 5072 2318 5153 experimento

365 5158 560 5236 disce,
610 5177 746 5222 non
784 5158 1004 5221 minus
1038 5157 1491 5238 importunum
1525 5179 1686 5235 esse,
1726 5157 2033 5239 spiritum
2074 5156 2319 5221 iactare

2419 533 2697 597 verbum
2741 535 2958 615 ipsum
3006 533 3376 599 obtendere.
3439 533 3633 598 Nunc
3657 533 3732 598 esi
3780 534 4225 600 definitionem
4270 529 4381 602 ec-'

2419 618 2652 683 clesiae
2708 629 2825 683 tua
2879 620 3200 684 veriorem
3243 620 3530 702 recipere
3575 620 3892 696 sustines,
3939 619 4043 683 die
4083 622 4374 702 posthac,

2418 705 2796 769 societatem
2840 726 2981 769 6666
3025 711 3398 770 sanctorum
3445 705 3757 782 omnium,
3807 725 3969 787 6666
4002 726 4123 788 per
4166 715 4376 772 totum

2420 790 2646 853 orbem
2702 788 2967 863 diffusa.
3012 812 3132 873 per
3190 811 3417 854 omnes
3462 797 3708 855 aetates
3752 789 4061 872 dispersa,
4099 812 4232 856 una
4274 800 4375 857 ta-

2420 897 2575 939 men
2632 874 2884 940 Christi
2930 877 3228 942 doctrina
3271 886 3338 939 et
3385 898 3516 940 uno
3573 877 3806 958 spiritu
3853 876 4181 960 colligata,
4228 878 4375 942 uni-

2422 967 2627 1025 tatem
2679 961 2833 1025 fidei
2878 983 2952 1028 ae
2987 964 3344 1026 fraternam
3383 961 3796 1028 concordiam
3831 961 3985 1027 colit
4024 973 4217 1044 atque
4261 962 4400 1027 ob-‘

2424 1057 2660 1110 servat.
2731 1046 2902 1111 Cum
2964 1049 3086 1113 hac
3142 1069 3283 1112 esse
3329 1047 3513 1111 nobis
3557 1046 3915 1129 quidquam
3958 1047 4211 1113 dissidii
4255 1070 4373 1113 66-

2425 1153 2670 1215 gamus.
2714 1131 2892 1213 Quin
2934 1134 3170 1216 potine,
3216 1145 3293 1197 ut
3335 1153 3478 1197 eam
3520 1153 3902 1197 reveremur
3939 1134 4171 1199 matris
4213 1135 4376 1215 1666,

2421 1219 2519 1282 ita
2561 1218 2629 1282 in
2667 1218 2813 1283 sinu
2858 1220 2998 1284 eius
3038 1221 3334 1301 cupimus
3377 1239 3777 1301 permanere.
3844 1219 3940 1282 At
3978 1218 4085 1284 hie
4128 1241 4236 1285 me
4270 1241 4375 1285 re-

2424 1303 2712 1387 darguis
2779 1305 2994 1370 Doces
3054 1306 3259 1381 enim,
3319 1324 3736 1386 quaecunque
3798 1304 3878 1368 ab
3946 1306 4138 1370 annis
4192 1306 4376 1371 mille

2424 1390 2815 1472 quingentis,
2855 1399 2969 1454 aut
3013 1390 3310 1473 ampliuS,
3349 1390 3666 1455 constanti
3713 1389 4008 1454 fidelium
4052 1413 4378 1457 consensu

2423 1482 2579 1539 sunt
2621 1476 3052 1558 comprobata,
3089 1497 3167 1541 ea
3201 1485 3425 1540 nostra
3457 1475 3951 1557 importunitate
3988 1477 4265 1541 convelli
4310 1484 4378 1542 et

2423 1560 2743 1644 abrogari.
2809 1562 2941 1626 Hic
2974 1585 3107 1627 non
3145 1563 3491 1644 requiram,
3538 1573 3613 1624 ut
3635 1582 3790 1625 vere
3831 1581 3907 1625 ac
3941 1561 4216 1627 candide
4257 1585 4376 1628 no-

2422 1646 2674 1711 biscum
2717 1667 2875 1731 agas
2922 1648 3123 1731 (quod
3165 1656 3387 1711 tamen
3427 1646 3843 1729 philosopho,
3886 1647 4132 1712 nedum
4178 1647 4377 1714 Chri-

2423 1735 2652 1809 stiano,
2691 1741 2924 1813 sponte
2943 1733 3407 1816 praestandum
3431 1733 3621 1816 erat),
3661 1732 3775 1796 sed
3818 1734 4060 1816 rogabo
4095 1741 4374 1814 tantum,

2422 1839 2509 1882 ne
2560 1815 2645 1882 ad
2696 1818 3082 1886 illiberalem
3137 1840 3339 1900 usque
3396 1817 3839 1883 calumniandi
3883 1818 4217 1884 licentiam
4262 1817 4375 1884 de-

2395 1903 2728 1980 scendas,
2787 1926 2952 1986 6666
2994 1905 3542 1970 existimationem
3591 1913 3770 1967 tuam
3816 1903 3989 1986 apud
4034 1905 4268 1987 probos
4311 1912 4379 1971 et

2421 1994 2540 2066 [fol.
2593 1994 2699 2066 26]
2754 2011 2989 2072 graves
3045 1993 3249 2066 viros,
3289 1990 3476 2054 nobis
3520 2010 3775 2070 quoque
3819 1988 4215 2068 tacentibuS,
4263 2013 4375 2055 ve-

2421 2074 2767 2138 hementer
2809 2076 3069 2141 laesura
3113 2086 3228 2142 est.
3299 2075 3446 2141 Scis
3490 2075 3630 2150 hoc,
3678 2073 4002 2151 Sadolete,
4048 2083 4132 2155 et,
4171 2077 4226 2140 si
4270 2076 4374 2140 in-

2419 2161 2617 2224 fitiari
2663 2163 2911 2244 pergis,
2958 2163 3194 2228 faciam
3234 2170 3310 2227 ut
3351 2168 3416 2226 te
3460 2161 3725 2225 scivisse
3748 2183 3844 2244 ,ae
3887 2161 4119 2227 callide
4165 2163 4377 2227 vati-'e-

2420 2267 2546 2327 que
2580 2243 3023 2313 dissimulasse
3066 2269 3293 2313 omnes
3329 2246 3728 2328 intelligant:
3776 2267 3908 2310 non
3952 2245 4145 2311 modo
4182 2247 4374 2332 longe

2420 2332 2757 2396 meliorem
2812 2334 2998 2398 nobis
3053 2353 3201 2398 cum
3246 2331 3633 2414 antiquitate
3687 2333 4176 2396 consensionem
4234 2353 4377 2398 esse

2421 2437 2614 2498 quam
2659 2418 2864 2497 vobiS,
2892 2418 3017 2501 ‚sed
3062 2418 3232 2483 nihil
3274 2417 3452 2484 aliud
3495 2417 3717 2482 conari
3761 2438 3962 2499 quam
4001 2425 4076 2481 ut
4122 2419 4376 2483 instau-

2422 2509 2606 2567 retur
2658 2503 3003 2585 aliquando
3057 2513 3319 2572 vetusta
3390 2503 3502 2567 illa
3557 2502 3867 2567 ecelesiae
3925 2503 4150 2582 facies,
4211 2511 4378 2586 quae

2420 2588 2632 2671 primo
2667 2588 2751 2652 ab
2794 2589 3169 2656 hominibus
3212 2589 3508 2666 indoctis,
3556 2595 3622 2651 et
3664 2608 3801 2652 non
3834 2589 4113 2670 optimis,
4160 2588 4374 2654 defor-

2419 2684 2599 2737 mata
2655 2683 2722 2738 et
2764 2674 3048 2754 foedata,
3109 2683 3336 2758 postea
3381 2696 3420 2739 a
3462 2674 3771 2757 pontifice
3815 2693 4084 2738 romano
4121 2683 4187 2738 et
4231 2674 4375 2739 eius

2419 2759 2701 2824 factione
2735 2761 3054 2844 flagitiose
3100 2762 3385 2828 lacerata
3427 2768 3494 2823 et
3534 2780 3736 2842 prope
3781 2759 3998 2823 deleta
4041 2769 4155 2823 est.
4224 2760 4377 2825 Non

2420 2845 2579 2909 adeo
2624 2853 2692 2909 te
2727 2848 3017 2929 praecise
3053 2847 3319 2931 urgebO,
3356 2853 3432 2911 ut
3473 2865 3774 2910 revocem
3817 2843 3902 2909 ad
3943 2844 4126 2910 illam
4170 2845 4376 2910 eccle-

2421 2932 2556 2997 siae
2591 2932 2889 3011 formam,
2921 2954 3117 3016 quam
3142 2933 3416 3017 apostoli
3451 2932 3967 2997 constituerunt:
4004 2931 4076 2995 in
4105 2951 4242 3014 qua
4275 2945 4376 2996 ta-

2419 3039 2575 3082 men
2630 3020 2898 3083 unieum
2955 3018 3275 3084 habemus
3334 3038 3528 3084 verae
3572 3016 3881 3082 ecelesiae
3925 3017 4289 3099 exemplar,
4336 3038 4378 3082 a

2422 3125 2549 3186 quo
2595 3104 2652 3168 si
2697 3105 2841 3186 quis
2885 3103 2992 3170 vel
3034 3104 3382 3169 minimum
3427 3104 3729 3181 deflectit,
3775 3103 4051 3169 aberrat.
4123 3100 4257 3168 Sed
4301 3111 4379 3169 ut

2421 3196 2694 3254 eatenus
2737 3188 2855 3253 tibi
2899 3189 3296 3274 indulgeam,
3338 3198 3573 3265 statue,
3612 3208 3883 3271 quaese,
3929 3188 4054 3252 tibi
4097 3187 4180 3253 ob
4224 3210 4374 3254 ocu-

2420 3274 2519 3339 166
2565 3284 2858 3340 veterem
2892 3275 3079 3339 illam
3123 3275 3432 3340 ecclesiae
3475 3274 3703 3339 faeiem
3719 3325 3735 3353 ‚
3783 3274 4042 3355 qualem
4085 3273 4376 3358 Chryso-

2420 3361 2614 3425 stomi
2651 3367 2718 3424 et
2751 3361 2985 3425 Basilii
3029 3369 3239 3426 aetate
3276 3361 3451 3444 apud
3493 3359 3798 3437 Graecos,
3837 3358 4174 3442 Cypriani,
4213 3362 4376 3423 Am-

2422 3446 2650 3519 brosii,
2707 3447 3066 3529 Augustini
3131 3447 3388 3512 saeculo
3455 3446 3630 3527 apud
3684 3445 3960 3509 Latinos
4029 3445 4374 3523 exstitisse,

2421 3532 2714 3614 ipsorum
2769 3540 3192 3596 monumenta
3243 3531 3439 3597 fidem
3505 3528 3781 3595 faciunt:
3838 3537 4066 3611 postea
4127 3529 4374 3605 ruinas,

2424 3637 2594 3699 quae
2630 3615 2804 3698 apud
2842 3637 2958 3681 vos
2993 3638 3078 3681 ex
3112 3617 3227 3681 illa
3261 3628 3632 3699 supersunt,
3672 3613 4126 3696 contemplare.
4200 3615 4375 3678 Tan-

2423 3710 2567 3766 tum
2612 3711 2789 3767 certe
2831 3702 3225 3768 discriminis
3269 3701 3622 3786 apparebit,
3660 3709 3977 3783 quantum
4020 3697 4375 3780 prophetae

2423 3787 2611 3852 nobis
2665 3786 3041 3853 describunt
3098 3788 3275 3853 inter
3331 3787 3736 3870 praeclaram
3790 3784 4159 3862 ecclesiam,
4206 3806 4375 3868 6666

2423 3873 2544 3937 sub
2588 3871 2846 3938 Davide
2890 3881 2957 3937 et
3001 3871 3352 3939 Solomone
3395 3873 3634 3951 floruit,
3680 3893 3753 3936 ac
3798 3870 3997 3948 illam,
4043 3892 4209 3952 quae
4255 3869 4374 3935 sub

2423 3956 2701 4024 Sedecia
2754 3966 2820 4023 et
2873 3958 3118 4023 Ioacim
3175 3960 3243 4023 in
3318 3979 3511 4023 omne
3567 3956 4111 4040 superstitionum
4165 3977 4377 4039 genus

2420 4044 2726 4127 prolapsa
2769 4044 2980 4110 divini
3023 4045 3239 4110 cultus
3274 4045 3627 4127 puritatem
3682 4063 3949 4124 prorsus
4009 4042 4375 4107 vitiaverat.

2421 4130 2654 4194 1611166
2709 4131 2961 4195 hostem
3019 4131 3429 4213 antiquitatis
3470 4150 3610 4195 esse
3656 4125 3848 4206 dicae,
3895 4128 4023 4208 qui,
4071 4128 4378 4210 antiquae

2422 4217 2687 4297 pietatis
2723 4238 2797 4282 ac
2834 4216 3304 4282 sanctimoniae
3340 4214 3573 4293 studio,
3614 4214 3941 4296 praesenti
3973 4233 4199 4276 rerum
4236 4233 4376 4277 om·-

2422 4302 2608 4366 nium
2663 4303 3078 4384 corruptione
3140 4322 3273 4365 non
3329 4308 3704 4374 contentus,
3750 4319 3915 4381 quae
3958 4306 4115 4363 sunt
4157 4299 4229 4361 in
4272 4319 4376 4363 ec·-

2422 4386 2621 4451 elesia
2661 4388 2975 4469 dissipata
3009 4409 3086 4452 ac
3121 4385 3492 4469 depravata,
3540 4385 3866 4468 corrigere
3909 4385 3979 4448 in
4020 4383 4274 4462 1661166,
4311 4390 4379 4448 et

2421 4474 2768 4537 restituere
2812 4473 2884 4536 in
2928 4474 3278 4556 pristinum
3324 4472 3602 4536 nitorem
3646 4469 3999 4534 molietur?

2599 4555 2823 4638 Quum
2877 4558 3089 4623 tribus
3145 4556 3440 4641 partibus
3496 4563 3748 4620 constet
3791 4575 3866 4620 ae
3911 4554 4222 4637 fulciatur
4261 4574 4375 4637 po·

2423 4642 2754 4708 tissimum
2798 4644 3105 4710 666166166
3149 4642 3591 4719 incolumitas,
3638 4641 3964 4719 doctrina,
4012 4639 4373 4724 disciplina,

2424 4737 2491 4792 et
2537 4731 2990 4807 sacramentis;
3045 4735 3273 4811 quarto
3323 4726 3463 4792 loco
3534 4726 3848 4793 accedant
3913 4727 4373 4804 caeremoniae,

2422 4835 2589 4896 quae
2611 4814 2928 4898 populum
2946 4816 3016 4879 in
3041 4813 3304 4897 pietatis
3325 4813 3552 4878 officiis
3575 4820 3939 4878 exerceant.
3973 4812 4069 4877 Ut
4088 4811 4376 4876 maxime

2422 4910 2729 4982 parcatur
2764 4900 3076 4966 ecclesiae
3113 4907 3372 4964 vestrae
3406 4897 3659 4976 honori,
3703 4919 3831 4981 qua
3866 4904 4051 4981 parte
4093 4898 4195 4962 vis
4230 4917 4376 4961 eam

2423 4984 2851 5052 censeamus?
2930 4984 3289 5067 Doctrinae
3355 4984 3770 5067 propheticae
3833 4994 3899 5048 et
3962 4982 4376 5065 evangelicae

2421 5071 2694 5147 veritae,
2753 5091 2883 5153 qua
2934 5067 3278 5134 fundatam
3333 5091 3474 5135 esse
3523 5070 3861 5136 ecclesiam
3914 5076 4194 5150 oportet,
4240 5088 4373 5131 non

2421 5155 2614 5221 modo
2669 5156 2803 5220 illie
2853 5174 3094 5239 magna
3147 5175 3231 5219 ex
3292 5162 3480 5239 parte
3538 5156 3823 5233 interiit,
3880 5151 3993 5217 sed
4043 5151 4374 5217 hostiliter

368 5245 517 5310 sine
552 5243 779 5321 verbe,
818 5264 1012 5326 quam
1056 5242 1351 5307 futurum
1398 5242 1485 5305 sit
1522 5244 1867 5320 insulsum,
1913 5244 2053 5308 sine
2089 5242 2320 5325 spiritu
2368 5244 2373 5295 Ι
2423 5243 2595 5341 ferro
2632 5251 2699 5307 et
2741 5243 2876 5325 igni
2920 5240 3225 5327 abigitur.
3286 5243 3389 5306 'I'u
3431 5240 3595 5305 mihi
3650 5261 3768 5323 pro
3823 5236 4095 5303 ecclesia
4148 5236 4372 5301 obtru-
