4984 5975
626 327 745 388 135

620 512 864 577 sarium
879 562 894 588 ,
941 509 1108 575 illud
1149 516 1370 574 autem
1413 506 1811 590 impossibile
1854 505 2137 571 duceret.
2228 504 2329 568 Ac
2371 504 2581 574 multa

626 596 885 664 saecula
916 597 1098 662 visus
1132 603 1236 660 est
1266 603 1442 659 recte
1480 590 1857 657 huiusmodi
1889 592 2144 657 facinus
2179 588 2577 673 desperasse.

623 684 836 749 Nemo
891 682 1069 747 enim
1114 679 1443 746 sexcentis
1486 684 1636 761 post
1679 678 1871 743 annis
1914 677 2049 742 tale
2093 676 2306 743 scelus
2324 709 2328 714 ·
2349 696 2581 758 perpe-

625 769 844 834 travit.
935 764 1072 832 Sed
1127 773 1277 849 post
1319 762 1667 830 Annibalis
1711 763 1958 829 bellum
2002 764 2084 828 L.
2128 761 2407 827 Hostius
2451 763 2581 826 fer-

623 865 736 919 tur
778 852 1034 937 primus
1091 859 1351 935 patrem
1406 848 1735 915 occidisse.
1824 849 2011 914 Haec
2050 847 2452 913 Plutarchus
2507 848 2581 910 in

624 941 763 1005 vita
800 938 1088 1004 Romuli.
1157 936 1287 1004 Oui
1323 935 1710 1001 adversatur
1733 936 1992 1014 Livius3
2031 932 2581 1017 quemadmodum

623 1025 873 1091 indicat
913 1025 992 1089 L.
1025 1022 1227 1088 'Flori
1269 1022 1576 1105 Epitome
1620 1023 1693 1085 in
1740 1021 1848 1086 lib.
1888 1018 2217 1090 LXVIII.
2266 1018 2376 1083 ubi
2420 1019 2582 1084 scri-

624 1112 806 1177 bitur
838 1110 915 1176 P.
953 1108 1338 1175 Malleolum
1383 1108 1671 1190 primum
1714 1107 2007 1171 omnium
2042 1106 2338 1170 insutum
2372 1104 2583 1169 culleo

624 1205 835 1262 matre
877 1196 1303 1277 interempta,
1361 1193 1430 1257 in
1484 1212 1666 1258 mare
1722 1193 2223 1275 praecipitatum
2269 1210 2411 1255 esse
2430 1240 2446 1269 ,
2506 1188 2579 1255 O.

623 1282 860 1362 Mario,
907 1281 1038 1346 nisi
1081 1279 1291 1357 fallor,
1337 1278 1642 1361 quintum
1689 1277 1972 1343 consule.

1298 1500 1603 1567 OAPU'I'
1645 1498 1911 1566 XXIV.

804 1620 1055 1686 Indieta
1097 1626 1186 1687 est
1227 1620 1569 1702 aliquando
1614 1643 1656 1685 a
1698 1624 1922 1684 senatu
1964 1618 2266 1684 sententia
2284 1667 2299 1696 ,
2344 1622 2415 1681 ut
2456 1638 2584 1682 ser-

629 1729 733 1775 vos
756 1731 798 1774 a
822 1708 1037 1774 liberis
1071 1708 1276 1772 cultus
1309 1707 1728 1789 distiuyueret.
1789 1705 2038 1770 Deinde
2059 1704 2365 1785 apparuit
2384 1723 2583 1784 quan-

631 1802 766 1860 tum
808 1793 1171 1875 perieulum
1226 1793 1604 1870 immineret,
1665 1793 1726 1856 si
1780 1791 1948 1855 servi
2005 1790 2205 1854 nostri
2253 1809 2584 1854 numerare

628 1901 741 1946 nos
782 1880 1135 1960 coepissent.
1224 1877 1408 1944 Idem
1449 1879 1597 1941 seito
1639 1876 2032 1942 metuendum
2084 1894 2238 1952 esse,
2300 1876 2361 1940 si
2417 1874 2584 1939 nulli

627 1967 986 2051 iquoscitur.
1047 1962 1180 2030 Cito
1212 1962 1558 2046 apparebit,
1582 1982 1751 2044 pars
1772 1963 2047 2027 civitatis
2069 1961 2333 2026 detestor
2351 1966 2583 2043 quam

620 2051 1015 2135 praeyravetl
1105 2050 1252 2115 Nou
1307 2051 1521 2113 minus
1561 2049 1853 2130 principi
1909 2048 2126 2128 turpia
2182 2051 2329 2111 sunt
2380 2046 2582 2112 multa

629 2137 964 2218 supplicia,
1010 2157 1201 2217 quam
1241 2135 1477 2199 medico
1516 2134 1717 2198 multa
1756 2134 2004 2216 funera.
2073 2132 2433 2197 Remis-sius
2467 2134 2584 2196 int-

589 2268 594 2273 ·
617 2224 879 2305 peranti
921 2222 1142 2286 melius
1183 2226 1466 2304 paretur.
1559 2220 1816 2285 Natura
1867 2224 2193 2284 continuat
2236 2223 2326 2282 est
2365 2218 2586 2283 huma-

628 2330 751 2374 nus
794 2309 1185 2386 auimuS,.et
1237 2308 1306 2371 iu
1362 2307 1748 2372 contrarium
1790 2312 1974 2387 atque
2018 2305 2294 2370 arduum
2348 2306 2583 2369 nitens:

629 2396 1034 2477 sequiturque
1071 2393 1337 2476 facilius
1369 2412 1560 2474 quam
1602 2393 1883 2457 dueatur.
1951 2390 2041 2455 Et
2072 2395 2143 2454 ut
2171 2392 2454 2473 ⁴qenerosi
2489 2394 2583 2454 at-

631 2501 747 2562 que
780 2479 1011 2545 nobile-s·
1047 2480 1191 2559 equi
1222 2480 1450 2544 melius
1480 2478 1665 2560 facili
1696 2478 1877 2559 freno
1900 2481 2216 2560 remeatur,
2255 2482 2401 2554 [pag.
2431 2479 2579 2554 128]

631 2568 722 2632 ita
780 2566 1160 2632 clementiam
1218 2565 1573 2631 voluntaria
1627 2564 1976 2629 innocentia
2032 2563 2265 2643 mpetu
2319 2581 2432 2627 suo
2489 2580 2582 2626 se-

628 2653 861 2734 quitur,
892 2657 948 2716 et
982 2651 1240 2734 diynam
1262 2655 1451 2731 putat
1482 2651 1722 2727 civita-3,
1761 2669 1954 2731 quam
1987 2652 2181 2714 servet
2213 2647 2353 2712 sibi.
2418 2647 2585 2713 Plus

628 2738 838 2818 itaque
883 2736 998 2801 hae
1053 2738 1161 2801 via
1200 2735 1554 2817 proficitur.
1648 2733 2004 2799 Grudelitas
2059 2733 2316 2797 minime
2365 2733 2585 2797 huma-

628 2843 781 2886 num
832 2821 1073 2886 malum
1128 2827 1241 2901 est,
1299 2821 1748 2903 indiynumque
1791 2825 1920 2884 tam
1960 2819 2101 2884 mia·
2143 2819 2372 2883 animo.
2463 2816 2585 2881 Fe-

629 2908 779 2972 rina
822 2909 947 2972 ista
989 2906 1199 2971 rabies
1242 2912 1360 2984 est,
1417 2906 1727 2989 samyuine
1775 2906 2049 2989 qaudere
2092 2923 2165 2968 ae
2206 2902 2582 2980 vulneribus

631 3000 688 3058 et
726 2995 952 3057 abieoto
996 2993 1256 3071 homine,
1303 2994 1373 3056 in
1414 2992 1705 3073 sylvestre
1748 2992 1993 3056 animal
2033 2991 2325 3056 transire.

665 3158 672 3164 ,
804 3114 898 3177 Et
933 3112 1039 3176 hic
1084 3112 1379 3194 exemplo
1424 3112 1687 3194 probat,
1744 3132 1943 3193 quam
1987 3131 2122 3175 non
2169 3130 2427 3193 semper
2471 3108 2584 3173 bo-

631 3199 737 3265 nis
781 3199 1200 3264 securitatem
1244 3205 1625 3283 comparent
1667 3196 1990 3261 malorum
2034 3217 2300 3280 poenae.

808 3284 1058 3349 Indiam
1100 3281 1216 3371 est]
1274 3282 1843 3364 Quemadmodum
1895 3291 2234 3347 senatores
2281 3283 2361 3348 ab
2402 3281 2612 3368 equi-g

633 3372 808 3437 tibus
860 3370 1271 3436 discernebat
1325 3370 1498 3434 latus
1549 3369 1804 3445 clavile,
1861 3378 1930 3433 et
1984 3368 2238 3434 calceus
2296 3368 2582 3446 lunatus,

631 3465 700 3523 et
740 3477 1007 3522 rursum
1050 3458 1299 3538 equites
1337 3477 1377 3519 a
1411 3454 1599 3538 plebe
1644 3454 2033 3519 differebant
2074 3454 2320 3519 annulo
2364 3474 2580 3519 aureo.

632 3541 768 3609 Sed
814 3563 940 3626 quo
984 3549 1296 3625 tempore,
1343 3551 1458 3606 aut
1504 3540 1737 3624 quibus
1781 3541 2159 3606 consulibus
2203 3541 2450 3606 factum
2494 3540 2585 3606 sit

631 3629 755 3696 hoc
799 3627 1468 3707 senatusconsultum,
1523 3647 1841 3710 nusquam
1883 3648 1988 3692 me
2029 3627 2249 3711 legere
2291 3626 2581 3703 memini,

629 3737 751 3781 nec
794 3725 1040 3781 temere
1082 3715 1356 3798 reperiri
1393 3733 1583 3797 posse
1618 3713 1947 3778 affirmare
1982 3713 2211 3778 ausim.
2279 3711 2581 3777 Indicere

631 3823 746 3885 pro
793 3799 1188 3866 denunciare
1228 3799 1509 3866 verbum
1544 3796 1708 3864 iuris
1742 3808 1859 3877 est,
1905 3807 1981 3863 ut
2013 3798 2388 3881 observavit
2420 3794 2580 3863 Ser-

630 3888 779 3952 vius
822 3887 887 3951 in
917 3886 1000 3951 V.
1039 3884 1369 3963 Aeneidos
1393 3885 1705 3969 Vergilii:

835 3988 1134 4057 Indieitque
1171 3990 1364 4057 forum,
1402 3998 1458 4044 et
1493 3989 1736 4058 patribus
1773 3988 1868 4041 dat
1901 3988 2018 4042 iura
2037 3971 2279 4042 =vo'catiS.

631 4076 1019 4158 Propertius
1062 4074 1228 4139 libro
1262 4075 1413 4140 ΠΜ

939 4177 1137 4232 Indixit
1169 4177 1334 4246 leges,
1371 4178 1627 4247 respondi
1662 4195 1781 4248 ege,
1819 4166 2024 4247 legibus
2063 4185 2200 4231 utar.

633 4264 954 4347 Quamvis
999 4263 1153 4330 alibi
1184 4261 1458 4331 Servius
1503 4265 1806 4331 bellicum
1844 4284 1985 4329 esse
2020 4261 2410 4330 vocabulum
2446 4277 2581 4326 tra-

633 4351 765 4430 dat,
810 4351 882 4415 in
926 4349 1091 4414 illud
1134 4371 1398 4415 carmen
1435 4351 1716 4434 Vergilii
1752 4349 2082 4417 Aeneidos
2118 4347 2307 4414 VIL:

904 4451 954 4505 E
1021 4469 1051 4506 0
1088 4453 1192 4506 iter
1226 4452 1295 4506 ad
1331 4469 1527 4522 regem,
1563 4441 1775 4522 polluta
1809 4469 1963 4522 pace,
2000 4453 2224 4507 latinum

905 4468 1098 4575 lnfficit
1130 4521 1314 4589 primis
1348 4522 1613 4577 iuvenum.

804 4608 1133 4690 Apparuit
1147 4612 1452 4688 quantum
1465 4606 1848 4696 perieulum]
1874 4608 1984 4674 Ad
2004 4606 2072 4674 id
2094 4608 2385 4690 respexit
2408 4607 2580 4692 quod

630 4693 978 4779 proverbio
1022 4693 1252 4770 fertur,
1300 4701 1399 4757 tot
1441 4693 1618 4761 domi
1660 4696 1884 4762 hostes
1931 4715 2092 4773 esse,
2138 4704 2296 4778 quot
2329 4715 2574 4760 servos.

809 4797 883 4862 Si
928 4797 1093 4861 servi
1144 4797 1342 4861 nostri
1392 4817 1506 4861 nos
1548 4817 1880 4864 numerare
1963 4797 2174 4863 Nemo
2229 4795 2579 4862 mirabitur

632 4885 754 4950 hoc
798 4883 1043 4949 dixisse
1087 4880 1437 4962 Senecam,
1494 4885 1605 4966 qui
1662 4883 1839 4948 anim
1929 4884 2201 4949 verterit
2251 4882 2335 4948 ad
2377 4883 2580 4949 verba

631 4969 838 5037 Plinii
879 4969 987 5034 lib.
1027 4966 1397 5033 xxxma
1458 4970 1551 5033 At
1605 4991 1778 5036 nunc
1836 4970 1962 5035 cibi
2006 4991 2092 5052 qu
2177 4990 2291 5048 ue,
2337 4968 2576 5050 inquit,

630 5065 698 5123 et
740 5064 933 5139 potus
976 5053 1395 5121 vindicantur
1437 5054 1681 5119 annulo
1734 5077 1773 5120 a
1825 5056 2074 5139 rapina.
2234 5076 2309 5120 oc
2361 5053 2576 5137 profe-

632 5163 798 5209 cere·
821 5141 1296 5225 mancipiorum
1351 5138 1673 5223 legiones,
1731 5151 1799 5205 et
1850 5143 1921 5204 in
1978 5140 2170 5206 domo
2220 5139 2414 5222 ‚turba
2460 5160 2577 5205 ex-

629 5241 821 5294 terna
878 5236 1038 5293 acta.
1130 5225 1491 5293 Servorum
1546 5245 1802 5308 quoque
1866 5248 2064 5292 causa
2126 5225 2578 5292 nomenclator

2273 315 2403 381 DE
2450 315 2998 384 OLBIOENTIA

4514 317 4626 379 136

2685 505 3115 571 adhibendus.
3174 502 3311 569 Sed
3347 503 3540 569 aliter
3573 502 3747 586 apud
3781 503 4097 585 antiquos.
4159 501 4425 586 Singuli
4458 521 4624 566 mar-

2685 592 2955 674 ciporeS,
2998 590 3450 674 luciporesque
3464 641 3477 667 ,
3534 587 3949 655 dominorum
4003 587 4305 673 gentiles,
4364 587 4439 652 in
4488 607 4627 669 pro-

2684 677 2935 743 miscuo
2980 677 3229 743 victum
3272 675 3618 741 habebant.
3709 673 4046 740 Iuvenalis
4092 672 4335 758 Satyra
4368 672 4527 738 111.:

2895 779 3147 834 Protinus
3184 778 3254 832 ad
3291 777 3525 860 censum²
3561 778 3627 831 de
3664 778 3900 832 moribus
3936 777 4125 830 ultima
4156 774 4254 830 fiet

2892 846 3170 970 1QuaestiO,
3206 856 3342 917 quot
3374 854 3548 915 pascit
3581 862 3786 913 sei-voe,
3820 853 3955 914 quot
3987 844 4236 914 possidet
4266 846 4382 914 agri

2992 931 3103 972 era.

2686 1003 2888 1067 Item:
2918 934 2991 986 ug

3167 1085 3365 1155 Magno
3402 1087 3695 1155 hospitium
3730 1085 3987 1154 mirabile,
4024 1099 4218 1153 magno

2929 1155 3217 1210 Servorum
3253 1163 3470 1209 ventres
3509 1161 3803 1209 constant.-

2688 1241 2781 1306 Et
2824 1240 3016 1307 vn:
3350 1289 3355 1294 .
4262 1295 4277 1314 ,

2878 1326 3122 1397 Respicit
3154 1328 3261 1382 hoc
3296 1327 3525 1396 primum
3560 1326 3651 1394 qui
3686 1325 3878 1394 litigat,
3914 1340 3983 1379 an
4018 1325 4117 1379 tibi
4153 1326 4294 1380 servi

2878 1394 3032 1520 (Ᾰίἱέ
3058 1397 3254 1534 3ξὲἓέ
3292 1397 3512 1476 comites
3549 1401 3677 1463 post
3710 1402 3783 1463 te,
3821 1410 3889 1447 an
3924 1396 3995 1448 sit
4031 1394 4185 1463 sella,
4220 1395 4391 1463 togati

2688 1551 2954 1618 Tacitus
2997 1551 3164 1616 libro
3203 1551 3356 1615 IV.:
3403 1551 3549 1615 Iam
3593 1548 3851 1632 trepida
3892 1548 3974 1613 ob
4016 1548 4508 1614 multitudinem
4539 1552 4628 1616 fa-

2685 1637 3038 1716 miliarum,
3083 1658 3252 1720 quae
3288 1636 3606 1720 gliscebat
3639 1637 4050 1713 immensum,
4097 1635 4287 1717 plebe
4324 1637 4625 1720 ingenua.

2686 1723 2780 1787 Et
2814 1722 3106 1788 eiusdem
3145 1721 3310 1788 libro
3353 1722 3479 1787 111.
3527 1722 3598 1786 in
3636 1721 3846 1786 literis
3891 1720 4136 1786 Tiberii
4175 1720 4260 1785 ad
4304 1731 4625 1788 senatum:

2689 1807 2867 1889 Quid
2903 1809 3081 1874 enim
3114 1808 3407 1892 primum
3440 1807 3804 1890 prohibere,
3842 1815 3909 1871 et
3942 1808 4233 1890 priscum
4268 1805 4353 1872 ad
4385 1828 4630 1873 morem

2687 1894 2976 1960 recidere
3020 1893 3408 1979 aggrediar?
3457 1893 3874 1958 Villarumne
3928 1894 4187 1958 infinita
4230 1893 4485 1976 spatia?
4539 1895 4631 1960 fa·

2686 1980 3021 2045 miliarum
3056 2001 3407 2045 numerum
3444 1989 3509 2043 et
3542 1978 3882 2060 nationes?
3971 1979 4064 2043 Et
4098 1999 4182 2043 ne
4227 1978 4335 2043 hic
4379 1979 4633 2064 longius

2686 2067 3129 2145 immoremur,
3167 2067 3363 2131 unius
3384 2065 3669 2130 hominis
3691 2065 3940 2130 familia
3974 2086 4093 2129 nos
4130 2063 4403 2144 docebit,
4441 2087 4633 2149 quam

2685 2153 2885 2217 fuerit
2926 2152 3364 2235 periculosum
3421 2152 3673 2217 civibus
3728 2173 3768 2216 a
3826 2152 4037 2215 servis
4090 2150 4229 2218 suis
4280 2153 4630 2217 numerari.

2687 2237 2934 2303 Scribit
2976 2239 3152 2302 enim
3195 2238 3453 2304 Plinius
3495 2237 3663 2302 libro
3707 2236 3972 2302 XXXI.
4019 2237 4091 2300 in
4130 2236 4306 2301 hunc
4338 2237 4634 2303 modum:

2687 2323 3006 2389 Claudius
3046 2329 3194 2402 [pag.
3229 2328 3372 2402 129]
3408 2323 3700 2389 Isidorus
3736 2330 4130 2388 testamento
4167 2321 4367 2386 dixit:
4407 2345 4633 2407 quam-

2685 2411 2790 2474 vis
2844 2409 3057 2474 multa
3102 2409 3289 2476 civili
3346 2409 3515 2475 bello
3570 2409 3921 2486 amisisset,
3980 2407 4353 2491 relinquere
4418 2417 4635 2474 tamen

2688 2515 3032 2560 servorum
3074 2505 3354 2578 quatuor
3391 2494 3615 2573 millia,
3661 2496 3817 2579 iuga
3857 2496 4051 2558 boum
4086 2494 4214 2557 tria
4249 2494 4460 2559 millia
4493 2516 4636 2560 sex-

2686 2589 2906 2660 centa,
2963 2581 3193 2663 reliqui
3252 2580 3507 2663 pecoris
3563 2580 3842 2645 ducenta
3886 2580 4363 2664 quinquaginta
4414 2580 4633 2646 millia.

2686 2667 2864 2732 Hinc
2916 2667 3148 2751 collige
3202 2672 3483 2749 quantos
3541 2687 3883 2732 servorum
3938 2686 4173 2750 greges
4225 2665 4637 2748 possederint

2687 2752 2785 2816 illi
2828 2754 3121 2836 gurgites
3138 2803 3151 2828 ,
3209 2752 3461 2830 Crassi,
3516 2752 3846 2834 Pompeii,
3905 2750 4196 2830 Luculli,
4253 2772 4459 2833 quum
4516 2753 4637 2818 iste

2687 2857 2809 2902 nec
2868 2838 3332 2904 celeberrimus
3386 2839 3651 2903 nomine
3705 2836 4089 2903 divitiarum
4102 2888 4118 2916 ,
4186 2843 4253 2902 et
4316 2837 4635 2903 bellorum

2688 2922 2981 2990 cladibus
3005 2925 3387 3001 exhaustus,
3425 2931 3705 3007 quatuor
3736 2923 3945 2988 millia
3980 2943 4324 2990 servorum
4360 2923 4638 3007 relique-

2688 3010 2793 3074 rit.
2883 3009 3069 3075 Haec
3111 3031 3188 3075 eo
3233 3010 3542 3076 libentius
3590 3011 4126 3089 commemoravi,
4173 3010 4345 3092 quod
4392 3013 4637 3093 passim

2689 3104 3036 3161 occurrant
3068 3098 3138 3161 in
3175 3096 3512 3162 autoribus
3558 3096 3833 3162 serviles
3868 3096 4210 3173 tumultus,
4247 3097 4358 3179 qui
4394 3118 4480 3161 ne
4513 3096 4636 3179 ipsi

2689 3180 2952 3264 quidem
2996 3181 3324 3265 Capitolio
3366 3181 3700 3247 interdum
3742 3191 4194 3264 pepercerunt.

2864 3285 3223 3351 Remissius
3264 3283 3628 3371 imperanti]
3872 3363 3883 3369 ‚

2999 3370 3099 3439 Qui
3137 3371 3253 3425 vult
3286 3371 3468 3437 amari,
3504 3370 3760 3439 languida
3794 3378 3982 3437 regnet
4016 3385 4191 3440 manu,

2685 3457 2900 3541 inquit
2943 3456 3197 3523 Seneca
3236 3458 3307 3522 in
3345 3456 3695 3522 Thebaide.

2862 3558 2947 3624 In
2984 3561 3367 3627 contraitum
3408 3565 3589 3642 atque
3629 3557 3935 3645 arduum]

2858 3644 3087 3700 Nitimur
3121 3648 3174 3700 in
3210 3648 3432 3701 vetitum
3466 3661 3697 3714 semper,
3731 3646 4076 3713 cupimusque
4111 3654 4326 3714 negata,

2687 3732 2782 3796 ait
2825 3730 3124 3797 Ovidius.
3214 3732 3306 3797 Et
3334 3731 3766 3815 ,Augustinus
3816 3732 3885 3795 in
3936 3730 4103 3796 libro
4147 3729 4229 3796 de
4277 3730 4514 3813 spiritu
4575 3740 4644 3795 et

2686 3817 2910 3883 litera:
2950 3818 3054 3883 Ea
3087 3839 3255 3900 quae
3299 3816 3844 3899 concupiscimus,
3901 3818 4119 3882 nescio
4164 3814 4486 3901 quomodo
4531 3838 4641 3882 ar-

2688 3902 2948 3969 dentius
2991 3912 3406 3987 expetuntur,
3451 3903 3504 3967 si
3551 3910 3879 3968 vetantur.

2860 3989 3113 4056 Abiecto
3151 3989 3410 4069 homine,
3453 3989 3525 4053 iu
3568 3986 3887 4075 sylae-sime]
3936 3987 4084 4053 Hac
4119 3987 4498 4071 loquutione
4538 4010 4641 4055 so—

2594 4093 2601 4103 ’
2685 4075 2898 4140 16111116
2943 4075 3059 4153 uti,
3105 4086 3307 4158 quum
3350 4075 3656 4140 volumus
3700 4071 4046 4159 designare
4084 4073 4335 4139 facinus
4369 4071 4641 4139 homine

2685 4160 3063 4246 indignum,
3123 4170 3190 4225 et
3231 4162 3303 4224 in
3346 4182 3471 4243 quo
3517 4181 3587 4225 se
3631 4159 3965 4225 hominem
4006 4181 4141 4224 non
4197 4160 4474 4243 gesserit
4516 4159 4637 4243 qui

2685 4248 3109 4396 perfletravit.
3178 4245 3356 4327 Quid
3380 4247 3557 4311 enim
3579 4247 3873 4325 interest,
3905 4246 4123 4330 inquit
4139 4243 4388 4323 Cicero,
4409 4251 4641 4311 utrum

2685 4353 2769 4398 ex
2854 4332 3070 4398 omine
3106 4341 3451 4399 convertat
3484 4353 3554 4398 se
3590 4332 3736 4416 quis
3772 4331 3844 4396 111
3863 4331 4145 4409 beluam,
4185 4352 4271 4396 an
4307 4330 4378 4394 in

2683 4418 2971 4483 hominis
3038 4419 3519 4484 immanitatem
3572 4426 3761 4502 gerat
3815 4416 4085 4483 beluae?
4176 4414 4637 4498 Quintilianus

2684 4504 2757 4568 in
2798 4504 3000 4570 Pasto
3041 4502 3388 4570 cadavere:
3436 4502 3514 4577 Si
3558 4506 3704 4586 quis
3739 4503 3899 4568 adeo
3936 4502 4271 4568 hominem
4307 4503 4513 4581 exuit,
4561 4511 4640 4566 ut

2683 4589 2775 4654 ibi
2796 4610 3076 4673 poenam
3097 4598 3372 4674 quaerat
3391 4591 3503 4656 ubi
3525 4610 3761 4655 sensus
3797 4588 4039 4654 doloris
4071 4608 4208 4653 non
4239 4598 4356 4669 est,
4392 4608 4639 4671 nempe

2681 4675 3007 4742 cadavera
3049 4676 3205 4742 feris
3247 4675 3520 4741 obiiciet.

3365 4913 3668 4983 CAPUT
3710 4914 3937 4983 XXV.

2859 5053 3027 5134 Quid
3069 5053 3236 5116 enim
3280 5053 3542 5131 interest,
3585 5072 3692 5117 oro
3735 5057 3789 5117 te
3822 5051 4204 5130 Aleoeander,
4249 5051 4412 5116 leoni
4446 5051 4642 5134 Lysi-

2680 5137 2968 5202 machum
2997 5136 3273 5216 obiicias,
3312 5158 3396 5201 an
3429 5138 3563 5220 ipse
3597 5138 3827 5205 laceres
3859 5137 4145 5203 dentibus
4179 5136 4358 5202 tuis?
4424 5137 4643 5202 Tuum

2684 5222 2848 5289 illud
2891 5242 2957 5289 os
3002 5230 3106 5301 est,
3150 5229 3262 5289 tua
3303 5223 3690 5325 illuseritas.
3763 5222 4638 5306 oquamcuperesabipo-
