4984 5975
640 319 765 380 411

641 512 719 574 ut
758 525 893 582 res,
953 523 1119 586 quae
1162 500 1377 567 sedari
1433 498 1640 566 amice
1696 498 1939 581 alioqui
1960 481 1965 502 ¹
1990 505 2277 582 poterat,
2332 498 2405 562 in
2461 496 2594 561 tale

641 597 973 678 certamen
1018 586 1354 653 exarserit.
1443 585 1844 668 Quanquam
1878 591 2101 649 autem
2142 585 2213 648 in
2256 588 2446 648 tanta
2488 603 2594 647 re·
2635 603 2641 630 ⁴

644 698 796 743 rum
838 673 1330 741 conturbatione
1374 671 1563 737 varia
1602 672 1877 736 fuerunt
1929 670 2277 735 hominum
2328 667 2591 746 iudicia,

639 764 775 830 iam
813 768 1036 825 tamen
1078 759 1257 823 omni
1293 758 1526 824 timore
1563 779 1712 823 sum
1746 756 2081 834 liberatus,
2126 763 2473 838 postquam
2510 752 2593 818 ad

639 855 833 913 tuum
876 845 1163 912 tribunal
1207 843 1542 909 adstamus
1556 893 1572 920 ,
1629 842 1739 907 ubi
1785 842 2078 925 aequitas
2122 860 2273 904 cum
2315 839 2594 906 veritate

640 934 992 1014 coniuncta
1043 952 1179 996 non
1233 931 1364 995 nisi
1418 927 1778 996 secundum
1821 927 2261 992 innocentiam
2304 946 2594 1008 pronun-

640 1024 1303 1182 ωπθΕΙιῗῖωέἓᾶοΙθω
1317 1152 1333 1181 ,
1387 1122 1521 1165 non
1577 1121 1773 1182 quam
1826 1098 1945 1163 tibi
1995 1097 2077 1161 ad
2122 1117 2242 1162 nos
2283 1116 2594 1195 praegra-

640 1188 892 1258 vandos
944 1188 1346 1255 comminisci
1395 1185 1588 1253 libuit
1642 1205 1878 1251 causae
1935 1189 2198 1248 nostrae
2252 1188 2592 1259 actionem,

638 1275 760 1343 sed
795 1297 992 1360 quam
1037 1295 1179 1339 esse
1205 1274 1617 1339 verissimam
1653 1279 1721 1337 et
1762 1289 1939 1335 nunc
1980 1268 2133 1334 boni
2171 1272 2592 1351 cognoscunt,

638 1369 712 1428 et
746 1361 1050 1427 omnibus
1086 1359 1402 1425 creaturis
1435 1360 1507 1422 iu
1540 1358 1651 1422 illo
1688 1356 1793 1422 die
1826 1356 2112 1440 patefiet.
2171 1354 2402 1435 Neque
2436 1373 2593 1416 vero

640 1447 725 1513 iis
749 1449 967 1527 etiam,
1005 1450 1117 1530 qui
1151 1444 1633 1529 praedicatione
1668 1449 1896 1508 nostra
1929 1440 2158 1520 edocti,
2197 1437 2282 1504 ad
2316 1437 2595 1503 eandem

641 1533 983 1600 nobiscum
1025 1553 1289 1597 causam
1323 1529 1734 1606 accesserint,
1781 1526 1990 1593 deerit
2032 1525 2203 1609 quod
2237 1545 2355 1608 pro
2391 1544 2462 1589 se
2497 1522 2594 1587 lo-

643 1626 959 1703 quantur,
1016 1616 1275 1700 quando
1331 1617 1492 1681 haec
1545 1616 1778 1697 cuique
1824 1620 2050 1697 parata
2094 1612 2221 1676 erit
2276 1610 2591 1674 defensio:

643 1704 810 1788 Eg0,
857 1704 1157 1780 Domine,
1204 1709 1282 1767 ut
1326 1724 1365 1767 a
1397 1722 1599 1785 puero
1633 1701 1888 1764 fueram
1923 1698 2255 1774 educatus,
2293 1695 2595 1759 christia-

526 1843 531 1850 .
640 1812 801 1856 nam
821 1811 1078 1873 semper
1112 1787 1313 1854 fidem
1345 1789 1674 1870 professus
1709 1807 1874 1850 sum.
1933 1783 2152 1867 Ipsius
2187 1789 2407 1847 autem
2440 1780 2596 1845 fidei

644 1877 975 1943 rationem
1027 1896 1163 1939 non
1221 1874 1420 1938 aliam
1474 1872 1666 1936 initio
1719 1870 1920 1935 habui
1936 1922 1950 1948 ‚
1988 1890 2185 1952 quam
2219 1888 2394 1951 quae
2440 1874 2597 1931 tunc

642 1963 891 2047 passim
933 1960 1324 2026 obtinuerat.
1391 1957 1689 2024 Verbum
1725 1965 1930 2035 tuum,
1973 1954 2144 2038 quod
2184 1954 2397 2017 instar
2432 1952 2597 2016 lam-

642 2048 832 2132 padis
855 2048 1229 2131 praelucere
1251 2046 1558 2110 universo
1579 2041 1816 2126 populo
1841 2052 1954 2106 tuo
1977 2040 2307 2117 debuerat,
2331 2036 2598 2120 ademp-

644 2142 807 2209 tum,
851 2131 959 2197 vel
1000 2141 1176 2198 certe
1220 2151 1645 2213 suppressum
1696 2127 1886 2193 nobis
1928 2135 2088 2192 erat.
2165 2126 2259 2190 Et
2311 2143 2396 2188 nc
2450 2123 2598 2205 quis

645 2219 967 2285 maiorem
1016 2218 1229 2283 lucem
1282 2215 1713 2293 desideraret,
1762 2217 1879 2293 [fol.
1927 2218 2036 2292 43]
2082 2209 2416 2277 insederat
2458 2229 2598 2272 om-

650 2303 839 2372 nium
883 2304 1121 2369 animis
1166 2305 1297 2368 ista
1331 2302 1683 2386 persuasio,
1728 2299 2026 2365 coelestis
2068 2298 2249 2362 illius
2293 2315 2600 2360 arcanae-

647 2412 773 2473 que
797 2389 1248 2473 philosophiae
1268 2388 1753 2470 inquisitionem
1779 2386 2006 2469 paucis
2028 2383 2265 2449 melius
2290 2380 2597 2464 delegari,

648 2498 689 2542 a
721 2477 958 2559 quibus
984 2475 1248 2541 oracula
1270 2479 1680 2557 peterentur:
1727 2470 1996 2555 plebeiis
2023 2469 2309 2553 ingeniis
2343 2488 2475 2531 non
2503 2465 2599 2530 61-

647 2562 883 2628 tiorem
905 2561 1411 2644 intelligentiam
1437 2558 1808 2636 convenire,
1836 2577 2030 2639 quam
2065 2563 2140 2620 ut
2171 2577 2242 2620 se
2276 2551 2361 2618 ad
2397 2552 2600 2617 eccle-

645 2649 782 2716 siae
817 2646 1254 2713 obedientiam
1289 2645 1684 2729 subigerent.
1741 2642 2146 2707 Rudimenta
2169 2649 2409 2718 autem,
2455 2638 2600 2721 qui-

645 2735 774 2800 bus
808 2734 1061 2798 fueram
1103 2732 1419 2810 initiatus,
1463 2728 1785 2796 eiusmodi
1819 2736 2039 2806 erant,
2086 2734 2162 2791 ut
2203 2746 2325 2791 nec
2366 2745 2474 2789 me
2518 2722 2602 2788 ad

648 2819 1020 2902 legitimum
1055 2818 1347 2882 numinis
1374 2816 1471 2881 tui
1498 2816 1753 2880 cultum
1792 2814 1951 2879 satis
1990 2813 2436 2877 instituerent:
2484 2830 2601 2872 ne-

648 2924 776 2989 que
832 2903 999 2968 mihi
1042 2902 1127 2967 ad
1170 2911 1418 2968 certam
1461 2921 1646 2983 spem
1690 2899 1920 2965 salutis
1962 2901 2140 2964 viam
2182 2895 2600 2980 expedirent:

646 3011 771 3057 nec
812 3011 919 3054 me
963 2989 1128 3055 bene
1167 2988 1252 3053 ad
1295 2988 1508 3052 officia
1555 2987 1917 3051 formarent
1968 2982 2365 3049 christianae
2408 2980 2600 3047 vitae.

648 3078 745 3141 Te
798 3074 1065 3159 quidem
1116 3093 1326 3138 unum
1379 3091 1500 3155 pro
1549 3073 1695 3138 Deo
1751 3090 1898 3135 meo
1955 3069 2166 3134 colere
2217 3066 2600 3131 didiceram:

649 3159 769 3227 sed
809 3181 1012 3243 quum
1054 3180 1160 3224 me
1201 3158 1468 3241 penitus
1500 3157 1762 3241 fugeret
1802 3177 1964 3221 vera
2006 3152 2262 3221 colendi
2296 3152 2483 3230 ratic,
2528 3150 2603 3215 in

646 3248 862 3332 primo
885 3244 1112 3311 statim
1143 3246 1216 3310 in
1299 3265 1449 3309 essu
1483 3241 1879 3309 excidebam.
1935 3239 2318 3317 Credebam,
2355 3244 2429 3302 ut
2461 3236 2603 3301 fue-

647 3354 796 3399 ram
831 3331 1130 3410 edoctus,
1249 3330 1286 3344 ‘⁶
1333 3330 1429 3394 tui
1461 3335 1672 3393 morte
1715 3349 1823 3393 me
1877 3325 2292 3409 redemptum
2334 3345 2476 3389 esse
2520 3320 2603 3388 ab

646 3418 1046 3503 obligatione
1081 3425 1385 3481 aeternae
1410 3415 1663 3491 mortis:
1704 3413 1819 3478 sed
1862 3433 2010 3478 eam
2043 3409 2455 3495 imaginabar
2497 3430 2601 3474 re-

649 3504 1121 3595 demptionem,
1169 3502 1356 3568 cuius
1398 3502 1610 3567 virtus
1644 3520 2060 3583 nequaquam
2103 3497 2187 3562 ad
2227 3517 2335 3561 me
2368 3516 2603 3578 perve-

647 3592 841 3656 niret.
920 3588 1408 3672 Exspectabam
1481 3587 1780 3651 futurum
1838 3582 2336 3650 resurrectionis
2406 3580 2601 3659 diem,

646 3675 765 3743 sed
818 3676 1008 3742 cuius
1051 3672 1451 3750 memoriam,
1496 3672 1685 3737 velut
1723 3673 1820 3735 rei
1862 3670 2374 3736 infaustissimae
2389 3718 2405 3745 ,
2447 3666 2602 3732 abo-

644 3764 955 3827 minarer.
1024 3761 1242 3842 Atque
1285 3758 1393 3825 hic
1428 3778 1660 3824 sensus
1704 3778 1839 3822 non
1881 3755 2047 3821 mihi
2080 3755 2390 3840 privatim
2425 3751 2604 3817 domi

646 3853 846 3912 natus
890 3853 1060 3925 erat,
1107 3844 1223 3911 sed
1266 3866 1349 3909 ex
1404 3865 1484 3909 ea
1525 3842 1849 3920 doctrina,
1897 3862 2061 3924 quae
2117 3851 2259 3905 tum
2299 3862 2338 3904 a
2377 3838 2602 3922 populi

646 3931 992 3998 christiani
1043 3930 1377 4014 magistris
1427 3928 1667 4013 populo
1707 3930 1954 4012 passim
1996 3926 2403 4003 tradebatur,
2450 3945 2602 3990 con-

645 4023 893 4100 ceptus.
953 4015 1386 4081 Clementiam
1409 4036 1568 4099 erga
1590 4014 1887 4079 homines
1921 4021 2105 4078 tuam
2138 4011 2605 4094 praedicabant

646 4103 748 4168 illi
781 4100 1060 4185 quidem,
1098 4101 1213 4167 sed
1247 4123 1381 4166 non
1416 4101 1545 4166 nisi
1580 4121 1708 4179 668,
1744 4100 1857 4182 (1111
1884 4121 1953 4165 86
1994 4097 2228 4182 dignos
2262 4097 2602 4180 praebuis-

647 4196 816 4255 sent.
881 4187 1287 4271 Dignitatem
1343 4206 1539 4269 porro
1591 4187 1664 4250 in
1718 4205 1992 4268 operum
2035 4184 2287 4249 iustitia
2326 4182 2601 4248 colloca-

645 4275 833 4351 bant,
880 4281 956 4337 ut
997 4272 1111 4337 ille
1154 4272 1417 4355 demum
1471 4273 1542 4336 in
1586 4271 1872 4355 gratiam
1915 4271 2029 4335 abs
2074 4278 2138 4334 te
2181 4268 2600 4353 reciperetur,

649 4361 762 4442 qui
813 4380 885 4424 se
933 4358 1054 4443 tibi
1106 4357 1409 4439 operibus
1453 4356 1840 4422 conciliaret.
1909 4356 2048 4421 Nec
2103 4354 2604 4421 dissimulabant

648 4452 874 4509 tamen
923 4443 1187 4507 interim
1204 4494 1218 4520 ,
1260 4444 1532 4508 miseros
1586 4463 1730 4509 esse
1785 4462 1905 4506 nos
1938 4450 2340 4525 peccatores,
2387 4450 2455 4504 et
2485 4441 2601 4523 qui

648 4550 843 4612 saepe
897 4530 1114 4594 carnis
1173 4528 1558 4593 infirmitate
1618 4527 2007 4594 laberemur.
2082 4525 2369 4592 Proinde
2425 4547 2599 4591 com-

646 4636 919 4681 munem
961 4622 1277 4696 oportere,
1314 4614 1617 4679 omnibus
1653 4635 1795 4681 6886
1831 4613 2062 4679 salutis
2096 4620 2377 4695 portum,
2415 4619 2600 4677 tuam

648 4699 1190 4767 misericordiam:
1248 4698 1362 4767 sed
1419 4700 1595 4765 enim
1640 4702 1780 4766 61118
1823 4698 2215 4765 obtinendae
2270 4697 2444 4763 hanc
2487 4697 2598 4762 de-

647 4787 1102 4853 monstrabant
1140 4788 1478 4865 rationem,
1524 4786 1580 4851 si
1617 4807 1737 4870 pro
1777 4785 2041 4851 offensis
2075 4783 2192 4849 tibi
2234 4785 2598 4850 satisfieret.

649 4874 825 4938 Tum
860 4873 1215 4938 satisfactio
1250 4872 1436 4938 nobis
1470 4872 1968 4956 iniungebatur:
2004 4871 2291 4954 primum
2332 4877 2413 4934 ut
2444 4890 2601 4935 con-

647 4959 805 5025 fessi
845 4958 1167 5024 sacerdoti
1208 4958 1428 5022 omnia
1471 4967 1736 5039 peccata
1775 4959 2041 5023 veniam
2094 4956 2601 5022 absolutionem-

650 5065 777 5126 que
819 5046 1142 5129 supplices
1196 5052 1599 5126 peteremus:
1651 5042 1888 5107 deinde
1931 5050 2005 5106 ut
2062 5042 2250 5106 bonis
2294 5039 2598 5123 operibus

786 5151 971 5196 orum
1026 5130 1409 5195 memoriam
1464 5127 1637 5209 apud
1692 5136 1760 5192 te
1816 5127 2183 5193 delei-emus
2196 5151 2213 5207 ;
2249 5134 2596 5210 postremO,

646 5225 727 5281 ut
759 5215 841 5281 ad
877 5214 1349 5291 sufficiendum,
1386 5210 1561 5296 quod
1595 5212 1786 5277 nobis
1823 5213 2091 5290 deesset,
2130 5211 2448 5278 sacrificia
2483 5231 2598 5274 ex-

2386 304 2916 373 RESPONSIO

4530 307 4661 371 412

2696 493 3141 577 piationesque
3184 494 3485 560 solennes
3528 491 3933 561 adderemus.
3999 493 4149 558 Iam
4199 492 4356 592 quia
4399 490 4653 576 rigidus

2697 601 2874 645 esses
2908 580 3141 659 iudex,
3188 602 3264 654 ac
3307 600 3579 646 severus
3621 579 3867 645 vindex
3908 579 4303 662 iniquitatis,
4346 576 4650 644 ostende-

2696 665 2874 742 bant,
2908 685 3105 747 quam
3125 664 3579 732 formidolosus
3601 685 3744 731 esse
3776 664 4044 730 deberet
4068 673 4223 729 tuus
4244 671 4652 748 conspectus.

2696 748 2855 815 Ideo
2899 751 3214 817 iubebant
3257 749 3343 816 ad
3384 758 3642 816 sanctos
3728 751 3968 815 rimum
4012 749 4384 834 confugere,
4428 756 4504 813 ut
4544 770 4652 815 eo-

2695 857 2847 900 rum
2883 836 3348 903 intercessione
3362 887 3376 913 ‚
3416 772 3763 901 exorabifls
3799 856 3874 901 ac
3908 835 4229 919 propitius
4276 834 4465 900 nobis
4500 834 4648 901 red-

2697 920 2960 985 dereris.
3017 922 3145 987 His
3181 923 3485 987 omnibus
3519 943 3724 1004 quum
3760 931 4090 1004 utcunque
4124 921 4510 1004 perfunctus
4545 943 4647 986 es-

2697 1028 2854 1084 sem,
2893 1010 3152 1072 tametsi
3186 1006 3489 1072 nonnihil
3522 1006 4123 1090 interquiescebam,
4160 1006 4388 1089 procul
4431 1013 4656 1072 tamen

2696 1092 2911 1158 adhuc
2974 1094 3237 1158 aberam
3298 1115 3338 1159 a
3411 1100 3590 1158 certa
3658 1093 4092 1158 conscientiae
4155 1091 4646 1174 tranquillitate.

2698 1176 2973 1259 Quoties
3029 1180 3204 1243 enim
3248 1179 3355 1244 vel
3394 1179 3466 1242 in
3506 1199 3614 1244 me
3657 1176 4130 1243 descendebam
4143 1228 4158 1255 ,
4207 1177 4314 1243 vel
4354 1177 4651 1244 animum

2697 1263 2781 1328 ad
2817 1272 2882 1328 te
2917 1262 3312 1343 attollebam,
3351 1271 3686 1330 extremus
3720 1263 3955 1328 horror
3976 1284 4083 1328 me
4116 1263 4500 1339 incessebat,
4537 1264 4643 1329 cui

2694 1349 2882 1414 nulla
2934 1350 3218 1432 piacula,
3257 1350 3476 1415 nullae
3532 1349 4011 1416 satisfactiones
4059 1347 4306 1414 mederi
4354 1360 4642 1431 possent.

2696 1438 2796 1501 Ac
2817 1455 2943 1517 quo
2978 1457 3085 1500 me
3124 1436 3392 1519 propius
3429 1433 3937 1512 considerabam,
3975 1455 4050 1499 eo
4084 1434 4443 1500 acrioribus
4478 1456 4651 1517 pun-

2701 1519 2975 1604 gebatur
3010 1522 3252 1587 aculeis
3287 1521 3703 1599 conscientia,
3741 1528 3816 1585 ut
3849 1541 3984 1585 non
4020 1519 4200 1586 aliud
4232 1528 4511 1586 restaret
4545 1541 4650 1585 so-

2702 1605 2956 1685 latium,
3005 1627 3201 1689 quam
3243 1628 3349 1672 me
3390 1607 3610 1690 ipsum
3649 1606 3974 1673 oblivione
4016 1604 4255 1671 ludere.
4326 1603 4504 1687 Quia
4548 1615 4646 1670 ta-

2702 1713 2856 1756 men
2922 1692 3097 1756 nihil
3150 1693 3382 1758 melius
3435 1692 3855 1771 offerebatur,
3912 1692 4067 1770 iter,
4137 1691 4312 1774 quod
4374 1713 4648 1757 exorsus

2701 1798 2898 1855 eram,
2936 1778 3401 1862 prosequebar:
3445 1799 3645 1861 quum
3690 1778 3954 1842 interim
3997 1777 4282 1843 excitata
4323 1785 4425 1843 est
4457 1777 4655 1861 longe

2702 1863 2964 1930 diversa
3008 1862 3341 1931 doctrinae
3374 1866 3601 1943 forma,
3640 1885 3771 1928 non
3807 1884 3974 1946 quae
4020 1885 4058 1927 a
4100 1863 4461 1929 christiana
4494 1884 4653 1946 pro-

2699 1948 2976 2014 fessione
3031 1971 3149 2015 nos
3196 1953 3313 2029 [fol.
3362 1956 3470 2029 44]
3512 1948 3896 2027 abduceret,
3953 1949 4069 2014 sed
4128 1970 4293 2032 quae
4338 1948 4525 2014 illam
4568 1948 4652 2014 ad
4691 1949 4696 1956 ’

2702 2056 2898 2100 suum
2942 2036 3188 2100 fontem
3232 2035 3601 2113 reduceret,
3655 2044 3723 2100 et
3763 2034 3950 2100 velut
3990 2055 4031 2098 a
4086 2033 4373 2100 faecibus
4417 2056 4649 2118 repur-

2702 2129 2923 2205 gatam
2977 2142 3164 2186 suae*
3188 2122 3458 2204 puritati
3504 2120 3898 2186 restitueret.
3969 2122 4115 2204 Ego
4171 2123 4324 2185 v'ero
4360 2121 4649 2186 novitate

2703 2208 3009 2285 offensus,
3055 2206 3404 2273 difficulter
3450 2228 3640 2272 aures
3683 2206 3981 2289 praebui:
4042 2228 4117 2272 ac
4171 2206 4382 2284 init-io,
4428 2207 4649 2286 fateor,

2702 2301 2969 2358 strenue
2995 2293 3410 2375 animoseque
3453 2292 3854 2358 resistebam.
3920 2290 4268 2375 Siquidem
4315 2293 4512 2377 (quae
4531 2291 4646 2358 ho-

2703 2378 2992 2443 minibus
3045 2379 3344 2463 ingenita
3399 2387 3501 2444 est
3552 2379 3624 2442 in
3667 2378 4009 2443 retinendo
4052 2377 4225 2460 quod
4265 2376 4466 2444 semel
4511 2399 4654 2444 sus-

2703 2471 3019 2547 ceperunt
3069 2465 3372 2529 instituto
3387 2515 3403 2542 ,
3460 2464 3567 2532 vel
3622 2465 3985 2529 constantia
4000 2515 4016 2542 ,
4062 2463 4169 2530 vel
4213 2464 4650 2548 contumacia)

2703 2551 3065 2632 aegerrime
3100 2549 3486 2628 adducebar,
3523 2556 3599 2614 ut
3634 2570 3739 2614 me
3774 2549 3844 2627 16
3876 2549 4289 2634 ignoratione
4332 2558 4400 2615 et
4434 2569 4652 2616 errore

2704 2641 2845 2699 tota
2887 2636 3026 2700 vita
3080 2644 3418 2701 versatum
3461 2656 3603 2701 esse
3648 2636 4010 2700 confiterer.
4069 2634 4223 2701 Una
4264 2637 4653 2718 praesertim

2703 2729 2828 2786 res*
2860 2721 3154 2786 animum
3208 2719 3288 2784 ab
3340 2720 3474 2786 illis
3515 2741 3741 2785 meum
3784 2721 4152 2798 avertebat,
4198 2722 4510 2787 ecclesiae
4552 2742 4658 2786 re-

2705 2807 3018 2872 verentia.
3096 2806 3352 2871 Verum
3418 2807 3531 2871 ubi
3576 2806 3923 2889 aliquando
3978 2828 4169 2872 aures
4214 2806 4439 2890 aperui
4458 2859 4474 2885 ,
4520 2829 4657 2873 1116-

2705 2912 2834 2974 que
2871 2890 3084 2957 doceri
3120 2913 3353 2974 passus
3387 2914 3554 2970 sum,
3592 2913 4070 2974 supervacuum
4111 2894 4312 2959 fuisse
4356 2895 4658 2959 timorem

2704 2976 2897 3043 illum
2929 2976 3244 3057 intellexi,
3280 3000 3366 3043 ne
3401 2977 3559 3062 quid
3595 2977 3903 3046 ecclesiae
3936 2980 4260 3044 maiestati
4294 2978 4657 3047 decederet.

2706 3063 2999 3129 Multum
3065 3065 3242 3128 enim
3306 3065 3619 3131 interesse
3684 3063 4156 3145 admonebant,
4224 3067 4658 3132 secessionem

2707 3149 2855 3233 quis
2883 3147 2966 3214 ab
2986 3150 3259 3216 ecclesia
3281 3152 3494 3229 faciat,
3532 3172 3620 3216 an
3655 3151 3816 3217 vitia
3838 3152 4163 3235 corrigere
4199 3151 4478 3232 studeat,
4514 3153 4655 3237 qui-

2706 3235 2832 3301 bus
2874 3235 3144 3302 ecclesia
3175 3238 3319 3321 ipsa
3352 3238 3798 3303 contaminata
3839 3247 3957 3303 est.
4022 3237 4126 3303 De
4160 3237 4436 3304 ecclesia
4468 3260 4656 3323 prae-

2707 3321 2883 3388 clare
2935 3320 3391 3404 loquebantur,
3450 3344 3783 3389 summum
3836 3323 4112 3389 unitatis
4167 3323 4479 3390 colendae
4519 3332 4654 3391 stu-

2707 3405 2889 3472 dium
2947 3428 3107 3491 prae
3150 3430 3221 3474 se
3262 3405 3576 3474 ferebant.
3642 3410 3744 3476 Ac
3797 3432 3882 3474 ne
3923 3410 3996 3475 in
4038 3410 4348 3476 ecclesiae
4390 3412 4650 3476 nomine

2706 3493 3003 3559 cavillari
3038 3493 3436 3573 viderentur,
3471 3494 3903 3562 ostendebant
3934 3516 4067 3560 non
4102 3517 4245 3562 esse
4281 3517 4546 3575 novum,
4579 3502 4652 3561 ut
4681 3496 4688 3505 “

2708 3579 3078 3644 antichristi
3133 3602 3252 3663 pro
3317 3580 3687 3663 pastoribus
3757 3582 3893 3648 illic
3952 3582 4420 3665 praesiderent.
4489 3583 4646 3649 Eius

2704 3666 2803 3730 rei
2846 3666 3147 3749 exempla
3188 3688 3323 3731 non
3363 3687 3569 3749 1161166
3609 3666 4027 3750 proferebant
4041 3719 4056 3747 ,
4103 3666 4338 3751 quibus
4383 3690 4647 3754 appare-

2703 3752 2835 3829 bat,
2872 3772 2995 3817 nec
3039 3752 3167 3817 alio
3211 3761 3503 3835 spectare
3535 3753 3729 3834 ipsos,
3772 3775 3969 3836 quam
4005 3753 4089 3819 ad
4123 3753 4438 3820 ecclesiae
4481 3754 4646 3819 aedi-

2703 3837 3104 3907 ficationem:
3161 3845 3230 3903 et
3281 3839 3351 3901 in
3408 3860 3483 3903 eo
3550 3838 3831 3904 similem
3895 3839 4137 3904 habere
4193 3860 4463 3905 causam
4507 3861 4646 3906 cum

2703 3922 2931 3988 multis
2957 3922 3208 3990 Christi
3243 3925 3472 4003 servis,
3510 3945 3672 4007 quos
3705 3926 3833 4009 ipsi
3867 3926 3938 3989 in
3970 3946 4243 3990 numero
4280 3934 4647 3993 sanctorum

2705 4007 3122 4074 habebamus.
3192 4007 3389 4091 Quod
3442 4019 3662 4075 autem
3714 4011 3985 4077 liberius
4051 4012 4381 4078 ferrentur
4428 4014 4499 4078 in
4550 4034 4647 4078 ro-

2704 4115 2977 4160 manum
3009 4097 3403 4178 pontificem,
3441 4097 3554 4179 qui
3588 4103 3655 4160 et
3688 4118 3806 4180 pro
3842 4096 4095 4162 Christi
4129 4098 4392 4176 vicario,
4428 4105 4497 4164 et
4528 4098 4648 4164 Pe-

2705 4183 2794 4245 tri
2827 4202 3214 4260 successore,
3253 4188 3320 4245 et
3344 4182 3652 4248 ecclesiae
3696 4184 3987 4266 principe
4011 4183 4362 4262 colebatur,
4404 4186 4497 4250 sic
4538 4207 4646 4250 ex-

2706 4267 3045 4334 cusabant:
3073 4267 3417 4332 Eiusmodi
3445 4267 3670 4335 titulos
3693 4269 3917 4334 inania
3951 4289 4094 4334 esse
4118 4269 4646 4337 terriculamenta

2705 4352 2943 4436 quibus
2980 4353 3142 4419 adeo
3176 4354 3546 4438 perstringi·
3574 4356 3831 4438 piorum
3874 4354 4097 4421 oculos
4133 4377 4268 4420 non
4304 4362 4644 4440 oporteret,

2707 4448 2782 4503 ut
2827 4461 2968 4507 rem
3021 4441 3266 4504 intueri
3319 4462 3395 4506 ac
3449 4449 3757 4507 excutere
3801 4461 3959 4504 ⁴non
4015 4440 4353 4507 auderent.
4435 4442 4642 4520 Illum,

2704 4546 2907 4607 quum
2960 4525 3248 4591 mundus
3300 4526 3672 4610 ignorantia
3720 4533 3787 4591 et
3826 4526 4250 4606 hebetudine,
4299 4527 4480 4593 velut
4519 4527 4645 4591 alto

2704 4632 2932 4693 sopore
2947 4662 2964 4690 ,
3009 4632 3359 4695 oppressus
3403 4619 3603 4691 esset,
3648 4613 3716 4675 iu
3764 4620 4022 4676 tantum
4063 4612 4404 4697 fastigium
4444 4634 4643 4678 emer·

2704 4697 2866 4762 sisse
2876 4720 2893 4777 ;
2918 4706 3093 4763 certe
3113 4718 3245 4762 non
3257 4696 3456 4762 verbo
3472 4696 3602 4762 Dei
3622 4698 4070 4778 constitutum,
4094 4719 4226 4763 non
4240 4698 4642 4784 legitimaec·

2704 4781 2937 4848 clesiae
2958 4783 3295 4848 vocatione
3317 4781 3690 4848 ordinatum
3720 4784 4029 4849 ecclesiae
4049 4785 4411 4867 principem
4433 4785 4635 4861 fuisse,

2705 4867 2819 4935 sed
2862 4868 3343 4946 voluntarium,
3390 4875 3458 4931 et
3501 4888 3540 4932 6
3583 4889 3652 4933 86
3705 4870 3846 4952 11186
3899 4869 4161 4936 lectum.
4223 4870 4420 4936 Illam
4457 4888 4637 4953 porro

2704 4954 3154 5039 tyrannidem,
3210 4972 3340 5035 qua
3393 4953 3462 5016 in
3513 4952 3643 5019 Dei
3695 4955 4014 5039 populum
4067 4968 4402 5040 grassatus
4458 4960 4634 5030 esset,

2703 5039 2888 5104 nullo
2922 5038 3116 5103 modo
3157 5058 3298 5103 esse
3340 5038 3698 5118 ferendam,
3735 5041 3791 5106 si
3825 5041 4146 5107 vellemus
4179 5042 4439 5125 salvum
4473 5037 4632 5127 apud

2703 5146 2826 5190 nos
2881 5123 3132 5190 Christi
3187 5145 3483 5208 regnum.
3549 5126 3689 5192 Nec
3741 5126 3872 5192 illis
3924 5126 4225 5207 deerant,
4284 5129 4516 5211 quibus
4566 5146 4636 5191 ea

2704 5211 2924 5275 omnia
2949 5210 3431 5289 confirmarent,
3456 5208 3900 5279 validissimae
3935 5214 4234 5278 rationes.
4288 5213 4633 5297 Principio,
