4984 5975
552 304 637 366 35
2195 297 2322 362 DE
2367 296 2917 364 CLEMENTIA
4479 304 4563 365 36

557 490 776 555 animo
815 489 1181 554 inhaerere:
1228 486 1411 552 dabit
1450 485 1924 568 impunitatem,
1969 504 2092 550 nec
2134 483 2508 567 accipienti-

555 575 681 642 bus
737 576 1118 652 nocituram,
1178 594 1298 638 nec
1353 569 1681 636 dantibus.
1769 570 2124 637 Caeterum
2168 569 2340 653 quod
2397 569 2507 635 hic

561 658 815 727 Seneca
847 659 1089 724 reverti
1126 656 1210 723 ad
1243 656 1715 734 innocentiam,
1758 657 2105 722 Terentius
2139 657 2209 721 in
2253 655 2510 721 Andria

557 743 772 810 redire
815 745 885 808 in
908 745 1083 810 viam
1127 743 1309 820 dixit,
1355 741 1585 808 Cicero
1629 741 1714 808 ad
1757 742 2095 808 meliorem
2134 742 2394 826 frugem
2436 760 2508 806 se

560 851 692 897 reci
743 851 870 895 ere.

696 852 877 981 ΡΝοτι
922 919 1129 981 tamen
1179 914 1359 997 vulyo
1403 915 1709 997 ignoscere
1750 910 1938 1000 decet]
1996 913 2337 980 Hactenus
2385 910 2508 978 Se-

530 1006 719 1067 'neca
752 1023 884 1066 non
917 1019 1176 1082 semper
1197 1019 1338 1065 esse
1360 1020 1614 1064 summo
1637 1000 1780 1064 iure
1815 999 2144 1083 agendum
2169 997 2507 1064 disseruit:

555 1087 673 1153 sed
719 1088 1027 1170 quoniam
1082 1087 1409 1168 sapientes
1463 1085 1785 1151 definiunt
1842 1086 2152 1151 virtutem
2210 1089 2359 1164 [pag.
2398 1088 2506 1162 23]

558 1194 702 1239 esse
742 1171 1278 1249 mediocritatem,
1325 1192 1491 1253 quae
1534 1179 1653 1251 est,
1696 1178 1771 1235 ut
1791 1169 2020 1237 Cicero
2053 1170 2359 1253 loquitur,
2403 1171 2507 1233 in-

558 1268 662 1323 ter
682 1256 963 1323 nimium
996 1266 1063 1322 et
1093 1277 1355 1339 parum:
1398 1255 1923 1340 prospiciendum
1959 1262 2059 1321 est
2098 1277 2183 1321 ne
2222 1255 2506 1322 clemen-

559 1345 653 1409 tia
694 1345 766 1409 in
823 1363 1164 1411 excessum
1219 1341 1541 1425 prolapsa,
1587 1342 1749 1408 vitio
1784 1341 1997 1426 magis
2030 1361 2228 1425 quam
2274 1341 2508 1407 virtuti

557 1428 980 1495 adscribatur.
1067 1428 1194 1493 Est
1226 1427 1490 1510 quidem
1529 1427 2018 1512 ignoscendum,
2053 1428 2166 1492 sed
2202 1448 2335 1493 non
2369 1447 2510 1492 om-

558 1516 771 1581 nibus.
864 1511 1152 1594 Quidam
1198 1514 1373 1578 enim
1411 1513 1600 1579 venia
1635 1513 2085 1590 emendantur,
2123 1511 2238 1578 alii
2280 1511 2509 1595 depra-

560 1615 824 1665 vantur.
929 1598 1077 1664 Hac
1141 1600 1392 1664 ratione
1454 1599 1511 1663 si
1576 1599 1775 1665 iudex
1851 1618 2094 1682 poenas
2168 1604 2508 1681 temperet,

561 1686 723 1751 sciet
805 1684 1037 1768 quibus
1124 1683 1363 1750 finibus
1437 1683 1705 1750 virtutis
1788 1683 2079 1749 medium
2168 1683 2508 1748 limitetur.

561 1770 803 1854 Vulgo,
840 1767 1220 1836 adverbium
1257 1779 1373 1847 est,
1411 1768 1582 1852 quod
1618 1770 1946 1854 significat
1977 1769 2226 1853 passim
2266 1777 2333 1836 et
2366 1770 2509 1835 sine

561 1856 954 1934 discrimine,
976 1862 1051 1919 ut
1069 1855 1355 1920 ostendit
1372 1855 1602 1921 Cicero
1618 1856 1692 1920 in
1708 1856 2000 1921 oratione
2021 1876 2140 1938 pro
2157 1856 2509 1921 Muraena:

560 1942 739 2007 Num
793 1941 1010 2006 locum
1063 1941 1145 2005 ad
1185 1940 1612 2024 spectandum
1653 1941 1827 2020 dare,
1874 1948 1991 2023 aut
2033 1939 2116 2005 ad
2156 1939 2506 2024 prandium

559 2024 886 2092 invitare?
984 2027 1292 2103 Minime,
1361 2024 1475 2092 sed
1546 2027 1744 2110 vulgo
1808 2027 2071 2109 passim.
2170 2024 2347 2107 Quid
2412 2032 2514 2091 est

561 2110 803 2197 vulgo?
850 2111 1212 2177 universos.
1303 2111 1638 2196 Vergilius
1682 2112 1925 2195 Georg.
1973 2112 2133 2176 IIL:

1381 2212 1496 2268 Nec
1532 2214 1723 2269 funera
1756 2213 1918 2282 vulgo

770 2282 903 2336 Tam
938 2282 1107 2336 multa
1141 2282 1396 2337 informes
1431 2284 1544 2337 ursi
1578 2291 1916 2352 stragemque
1952 2282 2169 2339 dedere.

565 2367 911 2434 Terentius
953 2368 1024 2431 in
1069 2368 1841 2434 Heautontimorumeno:

870 2468 1026 2535 Quod
1064 2487 1164 2535 ego
1203 2478 1410 2524 tantum
1446 2471 1667 2526 sceleris
1703 2471 1892 2526 admisi
1928 2472 2127 2527 miser?

877 2538 1053 2619 Vulgo
1089 2537 1146 2592 id
1179 2538 1400 2594 faciunt.

565 2624 628 2689 N
629 2644 716 2688 on
771 2625 974 2708 igitur
1029 2623 1328 2687 infimum
1379 2624 1585 2706 plebis
1639 2624 1937 2690 ordinem
1992 2625 2182 2691 venia
2239 2624 2512 2709 dignum

562 2718 793 2793 negat,
849 2708 964 2775 sed
1017 2709 1463 2788 clementiam,
1519 2731 1603 2773 ne
1657 2710 1746 2775 sit
1798 2707 2112 2775 dissoluta
2141 2720 2246 2776 “ac
2289 2712 2511 2790 nimia,

565 2804 742 2862 certa
786 2795 1036 2859 ratione
1079 2794 1405 2858 terminat.

751 2878 874 2945 Ubi-
925 2878 1261 2943 discrimen
1315 2879 1628 2944 sublatam
1684 2884 1797 2958 est,
1865 2880 2141 2961 confusio
2193 2880 2508 2968 sequitur]

564 2965 759 3031 Nunc
793 2964 1116 3030 rationem
1148 2964 1454 3048 assignat,
1493 2987 1610 3032 cur
1643 2987 1776 3031 non
1813 2964 1901 3030 sit
1934 2963 2134 3050 vulgo
2169 2967 2513 3050 ignoscen-

568 3050 754 3115 dum:
817 3050 968 3132 quia
1023 3057 1179 3114 sunt
1228 3049 1521 3133 plerique
1566 3050 1726 3116 adeo
1770 3049 2005 3134 perditi
2050 3073 2124 3117 ac
2167 3053 2512 3137 profligati,

2611 505 2762 567 pem
2776 534 2793 563 ,
2839 484 2951 566 qui
2995 490 3063 549 et
3106 484 3363 567 sapiens
3403 484 3531 549 fuit
3572 505 3745 551 unus
3787 507 3871 551 ex
3898 493 4184 570 septem,
4228 495 4295 552 et
4338 487 4564 572 legum

2611 571 2891 652 scriptor
2956 569 3134 635 solus
3189 590 3226 633 e
3280 582 3548 654 septem.
3647 569 3717 634 Is
3754 571 4253 655 -rempublicam
4314 572 4562 640 duabus

2610 653 2809 721 rebus
2842 655 3160 722 contineri
3202 653 3385 733 dixit,
3428 657 3718 737 praemio
3762 665 3830 722 et
3871 677 4096 739 poena.
4162 658 4289 724 Est
4319 658 4565 725 scilicet

2611 740 2951 823 utriusque
2995 741 3089 807 rei
3134 739 3383 819 modus,
3428 740 3601 807 sicut
3641 742 4071 825 reliquarum,
4118 750 4186 807 et
4243 744 4569 826 quaedam

2610 827 2684 891 in
2727 838 3007 909 utroque
3062 846 3303 910 genere
3356 825 3787 894 mediocritas.
3876 828 4154 894 Publius
4207 830 4565 914 Mimogra-

2610 911 2813 994 phus:
2867 911 3099 977 Bonus
3154 911 3352 977 iudex
3409 924 3511 978 est
3564 912 3678 995 qui
3733 915 3919 980 novit
3974 914 4350 997 dispensare
4392 916 4565 1000 quod

2612 997 2901 1063 dandum
2937 1006 3054 1075 est,
3092 1006 3162 1063 et
3193 1004 3532 1080 quatenus.
3562 998 3611 1082 ¹)
3699 996 3929 1065 Cicero
3972 998 4159 1066 Offio.
4202 1000 4289 1065 I.:
4329 1001 4422 1066 Et
4465 1012 4565 1067 ta-

2611 1104 2767 1148 men
2821 1084 2913 1147 ita
2967 1081 3305 1166 probanda
3360 1092 3462 1149 est
3515 1083 3976 1165 mansuetudo,
4043 1093 4119 1150 ut
4176 1085 4563 1152 adhibeatur

2610 1168 3005 1251 reipublicae
3065 1190 3265 1236 causa
3329 1170 3647 1234 severitas
3665 1221 3681 1247 ,
3741 1171 3885 1235 sine
3937 1192 4065 1255 qua
4118 1170 4564 1239 administrari

2611 1255 2844 1321 civitas
2888 1275 3020 1319 non
3062 1260 3292 1337 potest.
3381 1254 3527 1320 Hoc
3570 1255 3781 1320 voluit
3820 1255 4077 1322 Plinius
4134 1258 4206 1322 in
4261 1263 4410 1337 [pag.
4448 1263 4554 1337 24]

2610 1339 2796 1404 Pane
2925 1341 3025 1406 ico
3060 1339 3167 1404 his
3211 1340 3461 1405 verbis:
3507 1361 3707 1423 quam
3751 1343 3930 1407 mitis
3975 1345 4314 1423 severitas,
4362 1365 4561 1427 quam

2611 1447 2743 1491 non
2835 1426 3102 1490 'ssoluta
3142 1425 3503 1492 clementia.

2787 1509 3118 1576 Sonabaia
3183 1513 3437 1594 inqendo
3493 1533 3534 1577 a
3584 1510 3946 1613 deploratis]
4018 1513 4101 1578 In
4158 1515 4283 1580 hoc
4335 1514 4566 1581 discri-

2612 1598 2791 1663 mine
2842 1604 3434 1680 temperamentum
3500 1605 3626 1677 est,
3695 1595 3867 1680 quod
3919 1622 3987 1663 m
4041 1602 4268 1682 poenis
4325 1602 4569 1667 consti-

2612 1681 2878 1748 tuendis
2935 1704 2970 1745 r
3050 1684 3306 1747 uiritur.
3397 1681 3511 1748 Sic
3552 1682 3752 1749 habet
3789 1683 4086 1749 Platonis
4128 1686 4241 1751 lex
4284 1685 4389 1753 lib.
4436 1686 4561 1753 IX.

2615 1766 2696 1833 de
2733 1768 2934 1852 legg.:
3056 1790 3175 1833 uos
3211 1788 3367 1833 vero
3412 1769 3808 1835 insanabiles
3850 1789 3993 1836 esse
4036 1770 4373 1857 legislator
4414 1793 4569 1857 eog-

2613 1854 2902 1930 noverit,
2959 1853 3192 1919 ultimo
3248 1853 3563 1936 supplicio
3607 1854 3727 1919 hos
3773 1855 4028 1933 afficiet,
4075 1877 4212 1921 non
4253 1856 4565 1941 ignorans

2616 1939 2824 2003 satius
2875 1939 3012 2004 fore
3070 1940 3150 2003 iis
3206 1940 3318 2022 qui
3389 1939 3788 2005 insanabiles
3855 1949 4038 2019 sunt,
4108 1944 4303 2022 mori,
4410 1965 4569 2009 uam

2616 2027 2873 2090 vivere:
2944 2046 3019 2090 ac
3074 2025 3131 2089 si
3209 2025 3349 2090 vita
3412 2026 3789 2107 privantur,
3859 2026 4207 2109 dupliciter
4259 2050 4375 2111 pro
4420 2049 4573 2094 esse

2616 2110 2906 2175 caeteris.
2954 2110 3125 2174 Nam
3149 2118 3215 2174 et
3234 2111 3528 2193 ipsorum
3548 2111 3846 2194 exemplo
3868 2114 4106 2178 caeteri
4130 2113 4564 2194 deterrentur,

2617 2205 2683 2260 et
2716 2194 3035 2279 improbis
3073 2193 3444 2261 hominibus
3481 2196 3717 2262 civitas
3754 2195 4130 2263 mundatur.
4209 2196 4335 2266 'Sic
4379 2220 4567 2284 prae-

2616 2282 2791 2347 fatur
2827 2280 3061 2346 Tullus
3103 2280 3430 2347 Hostilius
3475 2280 3649 2364 apud
3693 2283 3982 2363 Livium,
4029 2305 4228 2367 quum
4272 2285 4571 2351 animad-

2616 2367 2820 2433 vertit
2864 2367 2935 2433 in
2970 2367 3253 2432 Metium
3309 2366 3739 2451 foedifragum
3789 2388 3864 2434 ac
3918 2368 4342 2451 proditorem:
4396 2373 4566 2437 Meti

2618 2450 2875 2531 Suffeti,
2923 2452 2978 2517 si
3025 2452 3166 2535 ipse
3209 2451 3460 2519 discere
3501 2473 3727 2535 posses
3770 2453 3965 2519 fidem
4009 2477 4084 2521 ac
4127 2456 4387 2522 foedera
4427 2477 4566 2521 ser-

2616 2558 2794 2616 vare,
2862 2539 3018 2602 vivo
3086 2536 3207 2602 tibi
3270 2560 3347 2602 ea
3401 2536 3710 2620 disiplina
3765 2561 3804 2603 a
3858 2561 3963 2604 me
4020 2539 4312 2607 adhibita
4356 2554 4562 2608 esset:

2616 2643 2790 2687 nunc
2840 2623 3145 2705 quoniam
3184 2631 3372 2687 tuum
3406 2623 3769 2697 insanabile
3802 2625 4141 2708 ingenium
4179 2635 4297 2706 est,
4346 2636 4415 2691 tu
4453 2635 4564 2694 tuo

2562 2780 2567 2789 Ι
2618 2707 2934 2791 supplicio
2991 2707 3144 2772 doce
3199 2708 3559 2773 humanum
3614 2730 3822 2793 genus
3879 2733 3956 2775 ca
4010 2719 4238 2779 sancta
4281 2712 4564 2795 credere,

2615 2814 2780 2876 quae
2846 2815 2886 2857 a
2938 2800 3000 2858 te
3057 2793 3301 2858 violata
3372 2804 3542 2858 sunt.
3646 2794 3980 2860 Sanabilia
4033 2796 4298 2883 ingenia
4361 2808 4566 2865 meta·

2564 2918 2567 2953 ,
2615 2878 2881 2962 phorice
2925 2878 3273 2961 deploratis
3332 2882 3657 2962 opposuit,
3718 2881 4147 2947 translatione
4202 2905 4241 2948 a
4297 2884 4563 2950 medicis

2615 2972 2890 3048 sumpta.
2980 2964 3151 3029 Nam
3190 2963 3600 3048 deploratum
3635 2988 3713 3032 ea
3745 2967 3999 3034 ratione
4036 2967 4222 3048 dixit,
4267 2991 4396 3054 qua
4439 2971 4565 3037 're-

2615 3051 2867 3116 rentius
2924 3055 3434 3129 conclamatum,
3499 3073 3617 3135 pro
3676 3053 4032 3137 desperato.
4147 3053 4260 3122 Sic
4327 3057 4563 3124 Livius

566 3143 658 3201 ut·
685 3136 814 3200 nisi
849 3155 1060 3217 poena
1093 3144 1528 3214 coerceantur,
1566 3137 1790 3202 statim
1833 3135 2176 3219 abrupturi
2218 3138 2352 3203 sint
2391 3161 2511 3222 pu·
2562 3133 2568 3220 ἶ
2614 3135 2721 3201 lib.
2765 3136 2881 3201 V.:
2929 3157 3115 3202 suam
3159 3137 3433 3221 quisque
3478 3159 3689 3220 spem,
3737 3161 3853 3204 sua
3894 3140 4161 3206 consilia
4203 3145 4564 3207 communi-

567 3221 743 3286 doris
777 3240 853 3285 ac
896 3218 1250 3286 modestiae
1293 3221 1622 3305 repagula.

567 3313 854 3370 veterem
898 3305 1165 3371 ferendo
1205 3307 1531 3386 iniuriam,
1577 3329 1814 3374 novam
1859 3330 1928 3374 se
1982 3308 2259 3374 irritare.
2346 3310 2512 3375 Pro-

565 3399 772 3476 ponat
790 3389 912 3457 sibi
934 3391 1105 3473 quod
1129 3392 1223 3455 ait
1244 3391 1472 3458 Cicero
1495 3393 1566 3458 in
1584 3394 1965 3473 Miloniana,
1987 3395 2346 3459 maximam
2367 3396 2511 3461 ille-

565 3478 826 3544 cebram
893 3476 1202 3559 peccandi
1266 3499 1408 3544 esse
1468 3480 1876 3562 impunitatis
1942 3501 2140 3562 spem.
2251 3482 2345 3546 Et
2404 3503 2512 3547 ac-

564 3564 742 3629 tione
784 3563 867 3627 V.
913 3563 984 3627 in
1029 3562 1336 3629 Verrem:
1395 3563 1456 3629 O
1501 3564 1901 3631 consuetudo
1953 3563 2263 3648 peccandi
2305 3588 2512 3650 quan-

564 3659 701 3715 tam
735 3647 937 3713 habes
971 3648 1442 3715 iucunditatem
1482 3651 1552 3715 in
1588 3651 1903 3733 improbis
1923 3671 2124 3733 quum
2145 3673 2355 3735 poena
2398 3652 2512 3719 ab-

563 3735 708 3814 fuit,
754 3743 821 3799 et
861 3735 1127 3808 licentia
1170 3745 1568 3818 consequuta
1611 3745 1728 3802 est.
1817 3736 1923 3801 Ita
1964 3739 2166 3821 serpit
2204 3738 2366 3802 illud
2408 3740 2513 3804 in-

566 3822 767 3886 situm
801 3820 873 3883 in
907 3827 1145 3885 natura
1175 3821 1425 3886 malum
1460 3820 1927 3887 consuetudine
1959 3822 2267 3904 peccandi
2287 3824 2513 3902 libera,

565 3908 769 3970 finem
832 3912 908 3968 ut
971 3903 1277 3971 audaciae
1321 3913 1609 3972 statuere
1662 3927 1794 3971 non
1841 3909 2061 3990 possit.
2154 3907 2341 3975 offic.
2386 3910 2510 3975 11.:

453 4031 467 4043 ·
567 3990 712 4055 Nisi
756 3988 1111 4055 multorum
1173 3992 1500 4074 impunita
1563 3992 1807 4058 scelera
1876 3993 2272 4074 tulissemus,
2338 4017 2513 4059 nun-

569 4095 766 4158 quam
830 4073 916 4139 ad
978 4097 1185 4140 unum
1257 4084 1440 4142 tanta
1504 4078 1908 4159 pervenisset
1969 4078 2253 4145 licentia.
2363 4080 2515 4146 Hae

568 4167 727 4227 sunt
779 4158 1015 4225 iudicis
1067 4169 1285 4243 partes
1299 4213 1314 4239 ‚
1369 4161 1453 4226 ad
1494 4162 1775 4228 levicula
1816 4165 2193 4242 connivere,
2239 4173 2307 4231 et
2348 4186 2514 4249 quae

569 4245 655 4311 ad
708 4245 1081 4327 exemplum
1136 4246 1310 4311 trahi
1363 4269 1495 4312 non
1549 4261 1854 4332 possunt:
1903 4249 2030 4315 alia
2072 4271 2232 4316 vero
2275 4252 2516 4317 acriter

569 4332 919 4397 observare
934 4381 951 4409 ,
997 4351 1163 4413 quae
1206 4333 1506 4415 exemplo
1547 4336 1744 4399 etiam
1787 4344 2039 4401 nocent.
2127 4336 2313 4402 Bene
2357 4357 2515 4422 ergo

572 4415 803 4483 Cicero
857 4416 941 4480 ad
992 4417 1307 4483 Brutum:
1364 4417 1690 4485 Salutaris
1739 4422 2054 4487 severitas
2105 4422 2314 4488 vincit
2367 4424 2514 4489 ina-

569 4523 723 4567 nem
743 4501 1849 4679 Ιῗῖἷοαΐῗαὴώεἷὲἲῗιὲἶῖῗηωαεναιεο]
1896 4591 2042 4656 Iam
2078 4592 2364 4658 ostendit
2398 4616 2514 4660 ne-

570 4692 698 4755 que
732 4673 974 4738 iustam
1028 4693 1171 4740 esse
1225 4677 1658 4756 severitatem,
1702 4697 1865 4760 quae
1906 4678 2198 4762 praecise
2242 4678 2403 4745 adeo
2446 4688 2516 4745 et

569 4758 1058 4824 inexorabiliter
1112 4780 1354 4842 poenas
1410 4763 1644 4846 exigit,
1702 4785 1910 4846 neque
1965 4762 2176 4830 videri
2228 4763 2515 4831 clemen-

570 4844 732 4909 tiam
765 4844 975 4909 sinter
1032 4845 1308 4911 virtutes
1361 4848 1862 4928 numerandam,
1909 4868 2077 4932 quae
2131 4851 2374 4932 passim
2439 4871 2517 4917 ac

616 4930 937 4995 romiscue
992 4951 1062 4996 se
1117 4931 1401 4999 exhibet.
1491 4932 1988 5000 Consectarium
2041 4942 2170 5012 est,
2224 4934 2517 5001 laudabi-

596 5034 703 5079 em
765 5036 908 5081 esse
980 5015 1498 5085 moderationem
1556 5041 1723 5103 quae
1785 5018 2032 5103 aliquid
2096 5041 2182 5086 ex
2245 5029 2517 5103 utroque

569 5106 904 5183 temperet.
993 5101 1188 5167 Hanc
1232 5106 1625 5171 sententiam
1669 5105 1942 5189 pulchre
1985 5106 2361 5188 exsequitur
2404 5105 2516 5171 oi-

569 5205 720 5252 cero
762 5185 844 5252 ad
878 5186 1186 5253 Brutum.
1272 5188 1367 5256 Ut
1404 5188 1691 5272 Solonis,
1746 5191 1984 5274 inquit,
2029 5188 2277 5256 dietum
2321 5211 2516 5257 usur-

2569 4768 2738 4830 (nec
2794 4764 2994 4829 vulo

1712 3222 1843 3287 Hic
1882 3223 2253 3288 meminerit
2293 3224 2511 3303 iudex,
2563 3233 2567 3278 l
2621 3222 2740 3288 bus
2798 3222 3152 3306 deploratis
3201 3233 3644 3305 exsequentes.
3734 3224 3883 3290 Lib.
3938 3225 4096 3291 IX.:
4144 3248 4349 3310 quum
4402 3229 4565 3296 haec

2618 3307 3001 3373 audirentur
3045 3316 3111 3373 et
3165 3307 3565 3389 dicerentur,
3625 3319 3693 3375 et
3747 3310 4152 3393 deploratum
4207 3333 4414 3395 paene
4459 3336 4565 3379 ro-

2615 3416 2885 3460 manum
2940 3415 3177 3458 nomen
3231 3395 3300 3457 in
3354 3394 3621 3459 consilio
3675 3396 3992 3461 sociorum
4038 3396 4328 3463 fidolium
4372 3409 4561 3465 esset.

2615 3480 2768 3544 Non
2837 3478 2997 3544 adeo
3063 3480 3367 3562 frequens
3437 3487 3539 3545 est
3594 3482 3869 3546 verbum
3922 3482 4261 3565 deplorare
4316 3485 4388 3548 in
4439 3485 4564 3552 hac

2616 3565 3118 3649 significatione3
3154 3566 3391 3631 Livius
3426 3574 3648 3631 tamen
3691 3567 3902 3632 utitur
3941 3567 4049 3632 lib.
4096 3569 4250 3634 III.:
4295 3569 4365 3634 id
4407 3592 4565 3637 vero

2615 3672 2893 3736 regnum
2939 3649 3117 3716 haud
3156 3650 3347 3716 dubie
3371 3651 3596 3730 videri,
3644 3653 4018 3737 deploratur
4058 3655 4126 3718 in
4169 3664 4565 3739 perpetuum

2615 3735 2901 3801 libertas.
3014 3737 3190 3801 Hinc
3239 3735 3473 3804 'ducta
3536 3737 3857 3821 loquutio,
3924 3737 4095 3822 quod
4156 3751 4564 3807 mortuorum

2618 3821 2936 3888 cadavera
2992 3843 3146 3905 rogo
3198 3823 3503 3906 imposita
3558 3824 4008 3907 deplorantur,
4065 3835 4131 3889 et
4185 3847 4303 3909 per
4357 3828 4563 3892 inter-

2619 3907 2794 3974 valla
2835 3908 3341 3974 conclamantur.
3430 3909 3825 3975 Huiusmodi
3877 3909 4211 3975 hominem
4255 3914 4565 3998 profliga-

2616 3993 2943 4059 tissimum
3009 3994 3249 4060 Graeci
3312 4001 3592 4075 καχέκιην
3656 4003 3930 4074 vocant,
3997 3999 4181 4079 quasi
4249 3999 4565 4065 vitiorum

2619 4078 2847 4144 habitu
2900 4078 3358 4162 depravatum:
3416 4101 3541 4163 quo
3586 4081 3786 4146 verbo
3829 4103 3988 4147 usus
4032 4088 4133 4148 est
4174 4081 4405 4149 Cicero
4447 4084 4561 4151 lib.

2616 4165 2669 4229 I.
2704 4164 2787 4230 ad
2821 4161 3138 4231 Atticum.
3203 4166 3286 4229 In
3320 4164 3391 4229 id
3430 4187 3639 4249 genus
3674 4166 4018 4232 hominum
4050 4166 4120 4232 id
4164 4169 4362 4234 etiam
4406 4191 4565 4235 con-

2615 4251 2773 4316 ferri
2808 4258 3052 4334 potest:
3090 4242 3361 4330 σώματος
3384 4256 3494 4329 μὲν
3527 4251 3869 4337 σ’ρῤωστίαν
3903 4253 4100 4316 Idam
4130 4258 4297 4334 τέχνη
4314 4275 4328 4288 ·
4361 4259 4566 4339 ψυχῆς

2617 4335 2683 4400 δὲ
2721 4337 2953 4415 νόσημα
2996 4335 3195 4421 ἰατρὸς
3247 4336 3438 4399 &istm
3479 4337 3758 4411 θάνατος.
3848 4336 4157 4421 Corporis
4198 4341 4563 4407 valetudini

2618 4444 2726 4487 ars
2747 4420 3071 4487 medetur:
3099 4424 3354 4487 animae
3376 4423 3603 4488 morbo
3625 4424 3762 4488 sola
3784 4444 3975 4488 mors.
4035 4424 4339 4510 Frangas
4360 4427 4561 4507 enim,

2616 4516 2694 4572 ut
2735 4509 2828 4574 ait
2868 4505 3136 4586 Fabius,
3182 4509 3373 4574 citius
3415 4528 3609 4589 quam
3652 4508 3956 4592 corrigas.

2792 4592 2924 4658 Nec
2962 4594 3305 4676 vulyarem,
3352 4613 3461 4657 nec
3502 4593 3870 4694 abscissam]
3918 4593 4069 4660 Sta'li
4116 4597 4414 4662 ubertate
4457 4597 4565 4662 in-

2617 4678 2875 4743 terdum
2920 4679 3216 4744 luxuriat
3249 4678 3515 4744 Seneca.
3606 4680 3750 4744 Iam
3790 4680 4048 4746 dixerat
4083 4702 4214 4746 non
4259 4683 4569 4751 omnibus

2620 4848 2767 4914 am.
2807 4786 3022 4914 vertis
3051 4763 3782 4932 'Q‘Ziiindffiesffi'
3804 4764 4131 4935 «1ἳίᾒάἷὲ
4164 4774 4573 4937 &mm

2757 5136 2815 5216 l)
2850 5138 3018 5220 Hanc
3049 5140 3368 5194 emmenum
3404 5141 3544 5195 inter
3580 5147 3819 5197 eamus
3848 5156 3993 5223 guae
4033 5141 4194 5196 hodie
4235 5144 4335 5199 sub
4375 5143 4580 5204 Mic·

2619 5221 2839 5262 nonme
2871 5207 3330 5274 areumfmmm
3357 5209 3577 5276 fnestra
3610 5212 3991 5281 mamae.
