4984 5975
2085 306 2588 376 EPINIOION.
2797 329 2808 342 ·
4219 310 4352 376 426

1148 500 1289 567 Nec
1330 500 1555 564 minus
1589 507 1704 564 aut
1742 500 2055 563 miserum
2100 497 2349 564 Clu-isti
2395 498 2719 582 dispergit
2760 497 2949 579 ovile,

1322 585 1633 652 Mendaci
1674 591 1794 650 aut
1826 590 2071 650 tetrum
2116 584 2297 650 virus
2341 585 2423 650 ab
2459 604 2573 649 ore
2616 585 2838 650 vomit.

1148 672 1291 738 Nec
1330 673 1550 737 minus
1591 671 1665 735 in
1706 678 1968 737 sanctos
2002 670 2181 747 furit,
2224 671 2595 753 insontique
2636 677 2946 736 cruentas

1326 756 1669 841 Sanguine
1710 778 1892 823 nunc
1933 756 2181 839 passim
2221 756 2438 841 tingit,
2481 763 2558 821 ut
2596 765 2767 833 ante,
2809 775 3066 821 manue.

1151 842 1287 910 Sed
1322 845 1477 928 quia
1517 863 1698 907 mors
1739 844 1877 908 vita
1920 850 2036 918 est,
2086 849 2151 906 et
2196 864 2360 907 crux
2394 843 2670 908 victoria
2714 841 2988 908 Christi:

1321 929 1435 995 Nil
1481 928 1665 994 dirae
1700 925 2063 1011 impedient
2103 929 2344 1011 gaudia
2386 937 2613 993 nostra
2653 928 2888 994 minae.

1148 1015 1276 1080 nlo
1315 1016 1417 1081 sui
1454 1014 1687 1080 similis
1727 1025 1967 1100 manet,
2013 1023 2485 1097 aeternumque
2520 1013 2826 1092 manebit,

1322 1099 1625 1199 Vincere,
1671 1122 1806 1165 non
1851 1099 2044 1199 vinci,
2093 1098 2209 1182 qui
2250 1099 2557 1181 patiendo
2593 1100 2773 1165 solet.

1150 1185 3060 1354 911Ὓοἕζθὲἳιέῗῒηξὲἑιῗέεέ“ἷζῖιῗέὴῗὲᾛίῗιξὲἓέζζῖὲἴ’

1150 1358 1215 1424 N
1217 1380 1346 1424 unc
1389 1358 1623 1424 stolide
1666 1358 1937 1422 effertur
1980 1367 2239 1421 terrena
2286 1358 2617 1440 superbia:
2662 1356 2775 1422 sed
2819 1378 2975 1422 mox

1323 1445 1646 1525 Praeceps
1681 1444 1825 1526 ipsa
1868 1464 1985 1507 suo
2029 1442 2236 1524 pulsa·
2261 1443 2484 1507 furore
2523 1453 2688 1508 ruet.

1151 1528 1441 1596 Sanctus
1476 1537 1545 1593 at
1578 1527 1689 1593 ille
1733 1549 1943 1605 cruor,
1985 1528 2199 1592 divini
2241 1539 2527 1594 assertor
2573 1529 2857 1608 honoris,

1326 1614 1747 1706 Gsignendam
1792 1613 1870 1680 ad
1916 1612 2201 1679 sobolem
2245 1614 2517 1679 seminis
2563 1616 2774 1679 instar
2815 1617 2959 1684 erit.

1154 1701 1308 1767 Vox
1346 1703 1605 1786 gladius
1649 1701 1917 1767 Christo
1962 1709 2081 1778 est,
2127 1709 2194 1764 et
2226 1700 2451 1766 lancea
2495 1701 2768 1783 spiritus
2810 1703 2967 1767 oris:

1323 1789 1605 1853 Hostem
1650 1787 1853 1870 igitur
1897 1786 2113 1850 subita
2155 1795 2446 1850 sternere
2491 1806 2652 1854 voce
2686 1796 2913 1870 potest.

1150 1874 1353 1940 Hunc
1396 1873 1689 1958 gladium
1733 1872 1863 1937 huc
1908 1871 2068 1936 illuc
2106 1872 2236 1936 iam
2284 1872 2587 1954 quintum
2635 1871 2912 1955 denique
2954 1872 3242 1940 lustrum

1283 1996 1298 2008 ·
1322 1960 1565 2025 Vibrat
1608 1979 1810 2042 agens
1854 1955 2088 2034 valida,
2135 1979 2268 2023 non
2308 1960 2449 2022 sine
2495 1957 2706 2036 caede,
2742 1980 2962 2024 manu.

1150 2046 1372 2112 Elusit
1407 2045 1689 2111 Satanas
1725 2065 1886 2125 quos
1922 2044 2204 2122 antehac
2245 2044 2517 2125 pertulit
2551 2045 2719 2108 ictus

1325 2130 1704 2214 Sacrilegae
1747 2128 2053 2212 princeps
2098 2138 2166 2194 et
2206 2130 2392 2211 Papa
2435 2129 2726 2194 militiae.

1149 2218 1214 2284 N
1216 2241 1346 2284 une
1388 2218 1599 2300 magis
1644 2215 1901 2298 experti
1935 2236 2063 2298 quo
2105 2224 2360 2298 pungat
2402 2216 2719 2292 acumine,
2758 2215 3026 2281 tandem

1323 2302 1603 2369 Saucius
1644 2300 1908 2366 insolito
1950 2300 2223 2365 vulnere
2268 2309 2541 2384 uterque
2576 2301 2795 2385 gemit.

1149 2390 1332 2455 Hinc
1374 2398 1493 2466 est,
1536 2386 1704 2469 quod
1750 2385 2175 2469 stupidusque
2216 2386 2439 2469 Papae
2483 2387 2927 2472 attonitusque
2970 2386 3233 2455 satelles

1323 2473 1595 2548 Pendet,
1638 2481 1707 2536 et
1739 2472 2064 2537 exanimis
2108 2472 2303 2536 turba
2346 2473 2620 2554 profana
2660 2483 2875 2555 pavet,

1150 2560 1329 2626 Hinc
1368 2570 1484 2637 est,
1531 2556 1701 2641 quod
1745 2557 2021 2641 strepitu
2065 2558 2423 2641 implentur
2468 2560 2776 2641 varioque
2818 2558 3128 2639 tumultu,

1321 2644 1587 2711 Infandi
1633 2655 1700 2708 et
1740 2643 2073 2725 trepidant
2106 2644 2356 2726 perfida
2399 2654 2614 2709 castra
2660 2644 2860 2711 ducis.

1151 2731 1432 2817 Saepius
1470 2740 1537 2796 et
1569 2731 1774 2796 variis
1818 2729 2152 2794 alternant
2194 2730 2510 2794 motibus:
2557 2739 2635 2794 ut
2677 2731 2787 2814 qui

1320 2818 1465 2882 Iam
1508 2818 1717 2882 fracta
1755 2821 1969 2880 tentat
1998 2815 2247 2899 proelia
2290 2837 2550 2881 summa
2590 2837 2811 2883 manu.

1149 2905 1566 2988 Compositae
1607 2904 1860 2967 interea
1899 2902 2089 2967 nobis
2122 2900 2363 2967 fiducia
2402 2903 2664 2982 mentiS,

1320 2993 1416 3058 Et
1454 2989 1710 3075 placido
1755 2996 2013 3055 constat
2046 2996 2308 3074 pectore
2341 2992 2537 3055 firma
2579 2991 2784 3073 quies.

1149 3078 1318 3161 Quis
1362 3077 1709 3143 Christum
1743 3075 1849 3140 hic
1890 3084 2087 3159 neget
2129 3075 2211 3141 ad
2247 3075 2616 3159 perdendos
2654 3076 2950 3141 funditus
2995 3075 3218 3142 hostes

1320 3165 1648 3229 Exserere
1684 3162 1929 3227 invicta
1968 3163 2275 3227 flammea
2316 3163 2445 3226 tela
2488 3162 2738 3228 manu?

1134 3250 1318 3333 Quis
1373 3260 1569 3333 neget
1621 3248 1745 3313 hoe
1785 3247 2053 3313 victoris
2097 3267 2260 3330 opus
2294 3248 2759 3314 memorabile?
2806 3250 3036 3332 quisve

1322 3334 1630 3401 Invideat
1670 3341 1856 3397 tanto
1899 3333 2128 3397 laurea
2170 3340 2347 3397 serta
2392 3332 2584 3398 duci?

1152 3421 1503 3488 Certatum
1540 3430 1643 3486 est
1686 3420 1851 3485 acie:
1939 3426 2149 3482 artem
2193 3419 2314 3483 sibi
2359 3417 2550 3483 miles
2592 3419 2862 3484 honoris

1320 3506 1663 3585 Vendicat,
1711 3526 1787 3570 ac
1830 3524 1901 3569 so
1933 3503 2111 3587 ’dum
2154 3525 2284 3569 non
2330 3505 2488 3569 sinit
2531 3527 2673 3569 esse
2718 3504 2918 3570 ducis.

1153 3592 1331 3674 Quid
1377 3594 1431 3656 si
1474 3592 1681 3675 igitur
1722 3591 1875 3655 victi
1922 3588 2184 3654 laudem
2228 3590 2350 3655 sibi
2397 3589 2701 3655 Christus
2746 3598 2820 3653 ut
2861 3590 3069 3657 hostis

1322 3680 1612 3756 Asserat,
1658 3678 1902 3760 absque
1944 3674 2286 3740 hominum
2330 3676 2596 3741 vincere
2639 3683 2851 3741 marte
2891 3675 3096 3743 velit?

1150 3764 1439 3830 Vincere
1483 3764 1549 3828 vi
1593 3783 1912 3846 magnum
1954 3769 2055 3827 est
2097 3761 2372 3837 hostem,
2411 3761 2569 3843 quid
2613 3770 2907 3827 sternere
2948 3760 3157 3843 nutu?

1322 3849 1581 3915 Pellere
1616 3848 1759 3912 laus
1804 3854 2122 3930 quantum
2163 3845 2397 3911 stando
2440 3848 2672 3930 fugare
2709 3847 2951 3913 decus?

1148 3936 1324 4002 Ecce
1367 3933 1759 4018 quiescendo
1800 3934 2051 4011 sternit,
2096 3931 2435 4016 funditque
2469 3933 2738 4011 silend0‚

1324 4020 1508 4102 Quos
1547 4019 1788 4085 rabidis
1831 4019 2078 4084 similes
2116 4019 2409 4085 constitit
2449 4040 2591 4085 esse
2635 4020 2807 4084 feris.

1149 4107 1389 4173 Nonne
1431 4106 1499 4171 hi
1541 4114 1716 4181 sunt,
1762 4106 2005 4189 passim
2052 4126 2217 4187 quos
2261 4116 2512 4169 norunt
2554 4126 2766 4187 nuper
2811 4123 3032 4170 amaro

1322 4194 1427 4257 De
1468 4192 1773 4274 pulmone
1816 4212 2053 4274 graves
2092 4192 2458 4256 evomuisse
2499 4191 2755 4256 minas?

1151 4277 1294 4345 Cur
1334 4284 1645 4360 concepta
1685 4279 1864 4342 intus
1905 4277 2116 4342 rabies
2156 4276 2413 4342 inclusa
2454 4276 2789 4342 moratur?

1324 4367 1435 4429 An
1471 4362 1646 4446 quod
1683 4385 1836 4446 opes
1871 4372 2059 4426 atrox
2101 4383 2235 4426 non
2278 4362 2477 4428 habet
2521 4365 2620 4428 ira
2662 4360 2895 4444 pares?

1146 4449 1492 4516 Praesidio
1537 4470 1664 4532 quo
1704 4470 1839 4513 non
1880 4449 2237 4514 instructos
2281 4448 2651 4514 cernimus?
2700 4456 2840 4513 arte

1321 4536 1683 4618 Nequitiae,
1766 4533 1976 4611 ladiis,
2020 4533 2453 4618 improbitate,
2500 4532 2683 4599 dolis.

1146 4622 1286 4688 Nos
1328 4620 1599 4691 modica.
1637 4620 1725 4683 im
1773 4619 1935 4697 ellis,
1978 4617 2157 4684 nuda
2200 4627 2666 4701 exarmataque
2709 4621 2917 4698 turba,

1320 4706 1689 4787 Horribiles
1731 4706 1937 4771 veluti
1981 4714 2145 4788 grex
2190 4705 2413 4769 ovium
2458 4718 2612 4769 ante
2655 4705 2724 4770 lu
2772 4727 2862 4771 oe.

1150 4795 1261 4859 An
1304 4815 1439 4859 non
1481 4793 1757 4858 mirifica
1799 4804 1900 4856 est
1940 4792 2116 4874 regis
2159 4792 2428 4857 victoria
2471 4728 2769 4856 Christi&

1321 4879 1564 4945 Nostra
1606 4878 1775 4961 quod
1811 4876 2137 4959 intrepido
2181 4875 2378 4942 corda
2410 4877 2635 4961 vigore
2677 4877 2871 4942 fovet.

1149 4965 1331 5049 Ergo
1373 4964 1757 5047 triumphali
1801 4961 2140 5028 redimitus
2184 4970 2479 5045 tempora
2522 4963 2707 5027 lauro

1324 5048 1721 5134 Quadriiugi
1765 5051 2049 5114 emineat
2084 5050 2472 5131 conspicuus
2519 5049 2700 5114 solie.

1146 5134 1437 5200 Edomiti
1482 5158 1770 5215 currum,
1814 5137 2154 5219 positoque
2194 5138 2433 5213 furore,
2479 5142 2841 5217 sequantur

1324 5218 1455 5301 Qui
1499 5242 1645 5286 eum
1691 5244 1875 5288 sacro
1918 5221 2061 5287 eius
2102 5221 2371 5286 numine
2414 5217 2586 5284 bella
2620 5225 2877 5307 gerunt-
