<?xml version="1.0" encoding="UTF-8"?>
<!DOCTYPE html PUBLIC "-//W3C//DTD XHTML 1.0 Transitional//EN"
    "http://www.w3.org/TR/xhtml1/DTD/xhtml1-transitional.dtd">
<html xmlns="http://www.w3.org/1999/xhtml" xml:lang="en" lang="en">
 <head>
  <title>
</title>
<meta http-equiv="Content-Type" content="text/html;charset=utf-8" />
  <meta name='ocr-system' content='tesseract 3.04.00' />
  <meta name='ocr-capabilities' content='ocr_page ocr_carea ocr_par ocr_line ocrx_word'/>
</head>
<body>
  <div class='ocr_page' id='page_1' title='image "./ioanniscalvinio14unkngoog_0222.png"; bbox 0 0 4984 5975; ppageno 0'>
   <div class='ocr_carea' id='block_1_1' title="bbox 599 296 724 361">
    <p class='ocr_par' dir='ltr' id='par_1_1' title="bbox 599 296 724 361">
     <span class='ocr_line' id='line_1_1' title="bbox 599 296 724 361; baseline 0.016 -2"><span class='ocrx_word' id='word_1_1' title='bbox 599 296 724 361; x_wconf 76' lang='lat'><strong>319</strong></span> 
     </span>
    </p>
   </div>
   <div class='ocr_carea' id='block_1_2' title="bbox 592 478 2552 5280">
    <p class='ocr_par' dir='ltr' id='par_1_2' title="bbox 592 478 2552 5280">
     <span class='ocr_line' id='line_1_2' title="bbox 601 478 2550 565; baseline -0.002 -16"><span class='ocrx_word' id='word_1_2' title='bbox 601 503 910 549; x_wconf 89' lang='lat' dir='ltr'><strong>sonarum</strong></span> <span class='ocrx_word' id='word_1_3' title='bbox 975 480 1339 546; x_wconf 77' lang='lat' dir='ltr'><strong>trinitatem</strong></span> <span class='ocrx_word' id='word_1_4' title='bbox 1397 478 1747 563; x_wconf 78' lang='lat' dir='ltr'><strong>plusquam</strong></span> <span class='ocrx_word' id='word_1_5' title='bbox 1811 478 2152 546; x_wconf 85' lang='lat' dir='ltr'><strong>evidenter</strong></span> <span class='ocrx_word' id='word_1_6' title='bbox 2218 479 2550 565; x_wconf 84' lang='lat' dir='ltr'><strong>designari</strong></span> 
     </span>
     <span class='ocr_line' id='line_1_3' title="bbox 734 565 2551 645; baseline -0.002 -11"><span class='ocrx_word' id='word_1_7' title='bbox 734 569 1028 635; x_wconf 90' lang='lat' dir='ltr'><strong>oscimus.</strong></span> <span class='ocrx_word' id='word_1_8' title='bbox 1119 566 1267 634; x_wconf 87' lang='lat' dir='ltr'><strong>Iam</strong></span> <span class='ocrx_word' id='word_1_9' title='bbox 1310 586 1466 631; x_wconf 80' lang='lat' dir='ltr'><strong>vero</strong></span> <span class='ocrx_word' id='word_1_10' title='bbox 1510 565 2009 645; x_wconf 77' lang='lat' dir='ltr'><strong>confessionem,</strong></span> <span class='ocrx_word' id='word_1_11' title='bbox 2066 566 2319 631; x_wconf 77' lang='lat' dir='ltr'>solenni</span> <span class='ocrx_word' id='word_1_12' title='bbox 2376 567 2551 630; x_wconf 89' lang='lat' dir='ltr'><strong>iure-</strong></span> 
     </span>
     <span class='ocr_line' id='line_1_4' title="bbox 598 650 2551 735; baseline -0.001 -17"><span class='ocrx_word' id='word_1_13' title='bbox 598 653 879 720; x_wconf 79' lang='lat' dir='ltr'><strong>iurando</strong></span> <span class='ocrx_word' id='word_1_14' title='bbox 913 652 994 718; x_wconf 82' lang='lat' dir='ltr'><strong>ab</strong></span> <span class='ocrx_word' id='word_1_15' title='bbox 1029 652 1337 718; x_wconf 87' lang='lat' dir='ltr'><strong>universo</strong></span> <span class='ocrx_word' id='word_1_16' title='bbox 1368 650 1608 735; x_wconf 90' lang='lat' dir='ltr'><strong>populo</strong></span> <span class='ocrx_word' id='word_1_17' title='bbox 1647 650 1910 731; x_wconf 90' lang='lat' dir='ltr'><strong>editam,</strong></span> <span class='ocrx_word' id='word_1_18' title='bbox 1945 672 2081 717; x_wconf 91' lang='lat' dir='ltr'><strong>non</strong></span> <span class='ocrx_word' id='word_1_19' title='bbox 2116 651 2259 717; x_wconf 89' lang='lat' dir='ltr'><strong>sine</strong></span> <span class='ocrx_word' id='word_1_20' title='bbox 2294 652 2551 717; x_wconf 90' lang='lat' dir='ltr'><strong>ratione</strong></span> 
     </span>
     <span class='ocr_line' id='line_1_5' title="bbox 600 736 2550 822; baseline -0.001 -18"><span class='ocrx_word' id='word_1_21' title='bbox 600 739 706 805; x_wconf 89' lang='lat' dir='ltr'><strong>adi</strong></span> <span class='ocrx_word' id='word_1_22' title='bbox 845 737 1084 804; x_wconf 87' lang='lat' dir='ltr'><strong>endam</strong></span> <span class='ocrx_word' id='word_1_23' title='bbox 1116 737 1512 804; x_wconf 78' lang='lat' dir='ltr'><strong>curavimus.</strong></span> <span class='ocrx_word' id='word_1_24' title='bbox 1606 736 1863 821; x_wconf 80' lang='lat' dir='ltr'><strong>Nempe</strong></span> <span class='ocrx_word' id='word_1_25' title='bbox 1905 745 1984 802; x_wconf 90' lang='lat' dir='ltr'><strong>ut</strong></span> <span class='ocrx_word' id='word_1_26' title='bbox 2019 739 2073 803; x_wconf 91' lang='lat' dir='ltr'><strong>si</strong></span> <span class='ocrx_word' id='word_1_27' title='bbox 2109 739 2416 822; x_wconf 86' lang='lat' dir='ltr'><strong>quopiam</strong></span> <span class='ocrx_word' id='word_1_28' title='bbox 2450 746 2550 803; x_wconf 91' lang='lat' dir='ltr'><strong>te-</strong></span> 
     </span>
     <span class='ocr_line' id='line_1_6' title="bbox 596 820 2552 903; baseline -0.002 -12"><span class='ocrx_word' id='word_1_29' title='bbox 596 844 917 891; x_wconf 81' lang='lat' dir='ltr'><strong>merarius</strong></span> <span class='ocrx_word' id='word_1_30' title='bbox 959 820 1042 888; x_wconf 90' lang='lat' dir='ltr'><strong>de</strong></span> <span class='ocrx_word' id='word_1_31' title='bbox 1082 824 1207 889; x_wconf 87' lang='lat' dir='ltr'><strong>hac</strong></span> <span class='ocrx_word' id='word_1_32' title='bbox 1251 844 1324 887; x_wconf 90' lang='lat' dir='ltr'><strong>re</strong></span> <span class='ocrx_word' id='word_1_33' title='bbox 1368 823 1567 888; x_wconf 78' lang='lat' dir='ltr'><strong>fuerit</strong></span> <span class='ocrx_word' id='word_1_34' title='bbox 1611 821 1869 888; x_wconf 90' lang='lat' dir='ltr'><strong>delatus</strong></span> <span class='ocrx_word' id='word_1_35' title='bbox 1904 843 2146 903; x_wconf 89' lang='lat' dir='ltr'><strong>rumor,</strong></span> <span class='ocrx_word' id='word_1_36' title='bbox 2193 825 2380 889; x_wconf 92' lang='lat' dir='ltr'><strong>cuius</strong></span> <span class='ocrx_word' id='word_1_37' title='bbox 2415 844 2552 889; x_wconf 90' lang='lat' dir='ltr'><strong>non</strong></span> 
     </span>
     <span class='ocr_line' id='line_1_7' title="bbox 596 908 2552 994; baseline -0.001 -19"><span class='ocrx_word' id='word_1_38' title='bbox 596 910 811 978; x_wconf 87' lang='lat' dir='ltr'><strong>levem</strong></span> <span class='ocrx_word' id='word_1_39' title='bbox 854 929 1083 975; x_wconf 87' lang='lat' dir='ltr'><strong>auram</strong></span> <span class='ocrx_word' id='word_1_40' title='bbox 1141 910 1384 975; x_wconf 91' lang='lat' dir='ltr'><strong>sentire</strong></span> <span class='ocrx_word' id='word_1_41' title='bbox 1439 908 1771 992; x_wconf 87' lang='lat' dir='ltr'><strong>coepimus</strong></span> <span class='ocrx_word' id='word_1_42' title='bbox 1785 960 1803 987; x_wconf 92' lang='lat'><strong>,</strong></span> <span class='ocrx_word' id='word_1_43' title='bbox 1860 929 1946 974; x_wconf 92' lang='lat' dir='ltr'><strong>ne</strong></span> <span class='ocrx_word' id='word_1_44' title='bbox 2003 908 2111 994; x_wconf 89' lang='lat' dir='ltr'><strong>(ut</strong></span> <span class='ocrx_word' id='word_1_45' title='bbox 2154 931 2280 974; x_wconf 90' lang='lat' dir='ltr'><strong>usu</strong></span> <span class='ocrx_word' id='word_1_46' title='bbox 2322 910 2552 975; x_wconf 87' lang='lat' dir='ltr'><strong>venire</strong></span> 
     </span>
     <span class='ocr_line' id='line_1_8' title="bbox 595 993 2549 1080; baseline -0.002 -18"><span class='ocrx_word' id='word_1_47' title='bbox 595 995 778 1075; x_wconf 90' lang='lat' dir='ltr'><strong>solet,</strong></span> <span class='ocrx_word' id='word_1_48' title='bbox 825 1015 1029 1079; x_wconf 91' lang='lat' dir='ltr'><strong>quum</strong></span> <span class='ocrx_word' id='word_1_49' title='bbox 1072 1015 1179 1060; x_wconf 91' lang='lat' dir='ltr'><strong>res</strong></span> <span class='ocrx_word' id='word_1_50' title='bbox 1212 994 1294 1058; x_wconf 89' lang='lat' dir='ltr'><strong>ad</strong></span> <span class='ocrx_word' id='word_1_51' title='bbox 1337 993 1662 1078; x_wconf 90' lang='lat' dir='ltr'><strong>liquidum</strong></span> <span class='ocrx_word' id='word_1_52' title='bbox 1701 1002 2033 1078; x_wconf 86' lang='lat' dir='ltr'><strong>comperta</strong></span> <span class='ocrx_word' id='word_1_53' title='bbox 2067 1001 2352 1080; x_wconf 68' lang='lat' dir='ltr'><strong>non,est)</strong></span> <span class='ocrx_word' id='word_1_54' title='bbox 2396 995 2549 1073; x_wconf 88' lang='lat' dir='ltr'><strong>sint,</strong></span> 
     </span>
     <span class='ocr_line' id='line_1_9' title="bbox 595 1079 2548 1165; baseline -0.001 -18"><span class='ocrx_word' id='word_1_55' title='bbox 595 1082 707 1165; x_wconf 90' lang='lat' dir='ltr'><strong>qui</strong></span> <span class='ocrx_word' id='word_1_56' title='bbox 742 1104 860 1147; x_wconf 91' lang='lat' dir='ltr'><strong>nos</strong></span> <span class='ocrx_word' id='word_1_57' title='bbox 895 1081 1230 1165; x_wconf 79' lang='lat' dir='ltr'><strong>quippiam</strong></span> <span class='ocrx_word' id='word_1_58' title='bbox 1266 1100 1436 1146; x_wconf 89' lang='lat' dir='ltr'><strong>novo</strong></span> <span class='ocrx_word' id='word_1_59' title='bbox 1481 1079 1781 1162; x_wconf 87' lang='lat' dir='ltr'><strong>exemplo</strong></span> <span class='ocrx_word' id='word_1_60' title='bbox 1827 1101 1969 1147; x_wconf 91' lang='lat' dir='ltr'><strong>esse</strong></span> <span class='ocrx_word' id='word_1_61' title='bbox 2013 1079 2361 1146; x_wconf 89' lang='lat' dir='ltr'><strong>admolitos</strong></span> <span class='ocrx_word' id='word_1_62' title='bbox 2404 1103 2548 1146; x_wconf 87' lang='lat' dir='ltr'><strong>sus-</strong></span> 
     </span>
     <span class='ocr_line' id='line_1_10' title="bbox 594 1165 2549 1254; baseline -0.002 -19"><span class='ocrx_word' id='word_1_63' title='bbox 594 1169 927 1254; x_wconf 84' lang='lat' dir='ltr'><strong>picentur:</strong></span> <span class='ocrx_word' id='word_1_64' title='bbox 996 1165 1168 1250; x_wconf 91' lang='lat' dir='ltr'><strong>quod</strong></span> <span class='ocrx_word' id='word_1_65' title='bbox 1223 1165 1483 1232; x_wconf 86' lang='lat' dir='ltr'><strong>senatui</strong></span> <span class='ocrx_word' id='word_1_66' title='bbox 1539 1173 1763 1231; x_wconf 81' lang='lat' dir='ltr'><strong>nostro</strong></span> <span class='ocrx_word' id='word_1_67' title='bbox 1822 1165 2069 1233; x_wconf 74' lang='lat' dir='ltr'><strong>fuimus</strong></span> <span class='ocrx_word' id='word_1_68' title='bbox 2124 1173 2388 1232; x_wconf 89' lang='lat' dir='ltr'><strong>autores</strong></span> <span class='ocrx_word' id='word_1_69' title='bbox 2444 1187 2549 1232; x_wconf 84' lang='lat' dir='ltr'><strong>sa·-</strong></span> 
     </span>
     <span class='ocr_line' id='line_1_11' title="bbox 596 1251 2548 1334; baseline -0.001 -15"><span class='ocrx_word' id='word_1_70' title='bbox 596 1254 915 1319; x_wconf 86' lang='lat' dir='ltr'><strong>cramenti</strong></span> <span class='ocrx_word' id='word_1_71' title='bbox 957 1253 1149 1318; x_wconf 88' lang='lat' dir='ltr'><strong>istius</strong></span> <span class='ocrx_word' id='word_1_72' title='bbox 1191 1253 1299 1317; x_wconf 81' lang='lat' dir='ltr'><strong>exi</strong></span> <span class='ocrx_word' id='word_1_73' title='bbox 1348 1251 1519 1316; x_wconf 89' lang='lat' dir='ltr'><strong>endi.</strong></span> <span class='ocrx_word' id='word_1_74' title='bbox 1609 1251 1933 1334; x_wconf 82' lang='lat' dir='ltr'><strong>Equidem</strong></span> <span class='ocrx_word' id='word_1_75' title='bbox 1988 1253 2143 1318; x_wconf 89' lang='lat' dir='ltr'><strong>facti</strong></span> <span class='ocrx_word' id='word_1_76' title='bbox 2184 1251 2394 1317; x_wconf 90' lang='lat' dir='ltr'><strong>nostri</strong></span> <span class='ocrx_word' id='word_1_77' title='bbox 2439 1273 2548 1317; x_wconf 90' lang='lat' dir='ltr'><strong>ae-</strong></span> 
     </span>
     <span class='ocr_line' id='line_1_12' title="bbox 594 1337 2546 1423; baseline -0.001 -18"><span class='ocrx_word' id='word_1_78' title='bbox 594 1339 917 1423; x_wconf 80' lang='lat' dir='ltr'><strong>quitatem</strong></span> <span class='ocrx_word' id='word_1_79' title='bbox 969 1337 1210 1404; x_wconf 89' lang='lat' dir='ltr'><strong>clarius</strong></span> <span class='ocrx_word' id='word_1_80' title='bbox 1329 1358 1519 1403; x_wconf 91' lang='lat' dir='ltr'><strong>ucere</strong></span> <span class='ocrx_word' id='word_1_81' title='bbox 1577 1337 2001 1416; x_wconf 81' lang='lat' dir='ltr'><strong>arbitramur,</strong></span> <span class='ocrx_word' id='word_1_82' title='bbox 2055 1358 2251 1421; x_wconf 90' lang='lat' dir='ltr'><strong>quam</strong></span> <span class='ocrx_word' id='word_1_83' title='bbox 2304 1347 2383 1403; x_wconf 90' lang='lat' dir='ltr'><strong>ut</strong></span> <span class='ocrx_word' id='word_1_84' title='bbox 2433 1337 2546 1403; x_wconf 91' lang='lat' dir='ltr'><strong>de-</strong></span> 
     </span>
     <span class='ocr_line' id='line_1_13' title="bbox 594 1422 2544 1507; baseline -0.001 -17"><span class='ocrx_word' id='word_1_85' title='bbox 594 1424 890 1490; x_wconf 82' lang='lat' dir='ltr'><strong>fensione</strong></span> <span class='ocrx_word' id='word_1_86' title='bbox 946 1423 1105 1503; x_wconf 89' lang='lat' dir='ltr'><strong>ulla,</strong></span> <span class='ocrx_word' id='word_1_87' title='bbox 1175 1422 1408 1488; x_wconf 86' lang='lat' dir='ltr'><strong>saltem</strong></span> <span class='ocrx_word' id='word_1_88' title='bbox 1471 1422 1646 1506; x_wconf 87' lang='lat' dir='ltr'><strong>apud</strong></span> <span class='ocrx_word' id='word_1_89' title='bbox 1702 1422 2001 1490; x_wconf 74' lang='lat' dir='ltr'><strong>cordatos</strong></span> <span class='ocrx_word' id='word_1_90' title='bbox 2055 1423 2544 1507; x_wconf 83' lang='lat' dir='ltr'><strong>prudentesque</strong></span> 
     </span>
     <span class='ocr_line' id='line_1_14' title="bbox 594 1509 2544 1593; baseline -0.001 -17"><span class='ocrx_word' id='word_1_91' title='bbox 594 1512 803 1589; x_wconf 88' lang='lat' dir='ltr'><strong>viros,</strong></span> <span class='ocrx_word' id='word_1_92' title='bbox 847 1531 1009 1593; x_wconf 89' lang='lat' dir='ltr'><strong>opus</strong></span> <span class='ocrx_word' id='word_1_93' title='bbox 1051 1510 1308 1576; x_wconf 88' lang='lat' dir='ltr'><strong>habeat.</strong></span> <span class='ocrx_word' id='word_1_94' title='bbox 1400 1509 1606 1592; x_wconf 83' lang='lat' dir='ltr'><strong>Atqui</strong></span> <span class='ocrx_word' id='word_1_95' title='bbox 1663 1531 1748 1574; x_wconf 89' lang='lat' dir='ltr'><strong>ne</strong></span> <span class='ocrx_word' id='word_1_96' title='bbox 1804 1509 1898 1575; x_wconf 90' lang='lat' dir='ltr'><strong>sic</strong></span> <span class='ocrx_word' id='word_1_97' title='bbox 1942 1509 2207 1593; x_wconf 91' lang='lat' dir='ltr'><strong>quidem</strong></span> <span class='ocrx_word' id='word_1_98' title='bbox 2254 1529 2544 1593; x_wconf 92' lang='lat' dir='ltr'><strong>quorun-</strong></span> 
     </span>
     <span class='ocr_line' id='line_1_15' title="bbox 595 1595 2544 1678; baseline 0 -18"><span class='ocrx_word' id='word_1_99' title='bbox 595 1595 751 1662; x_wconf 87' lang='lat' dir='ltr'><strong>dam</strong></span> <span class='ocrx_word' id='word_1_100' title='bbox 793 1596 1286 1663; x_wconf 75' lang='lat' dir='ltr'><strong>criminationes</strong></span> <span class='ocrx_word' id='word_1_101' title='bbox 1328 1595 1616 1678; x_wconf 86' lang='lat' dir='ltr'><strong>effngere</strong></span> <span class='ocrx_word' id='word_1_102' title='bbox 1672 1596 1905 1678; x_wconf 86' lang='lat' dir='ltr'><strong>potuit.</strong></span> <span class='ocrx_word' id='word_1_103' title='bbox 1996 1595 2213 1661; x_wconf 74' lang='lat' dir='ltr'><strong>Tanta</strong></span> <span class='ocrx_word' id='word_1_104' title='bbox 2268 1604 2369 1661; x_wconf 90' lang='lat' dir='ltr'><strong>est</strong></span> <span class='ocrx_word' id='word_1_105' title='bbox 2420 1597 2544 1660; x_wconf 90' lang='lat' dir='ltr'><strong>im-</strong></span> 
     </span>
     <span class='ocr_line' id='line_1_16' title="bbox 639 1678 2543 1764; baseline -0.001 -16"><span class='ocrx_word' id='word_1_106' title='bbox 639 1682 867 1750; x_wconf 85' lang='lat' dir='ltr'><strong>eritiae</strong></span> <span class='ocrx_word' id='word_1_107' title='bbox 901 1681 1267 1760; x_wconf 84' lang='lat' dir='ltr'><strong>morositas,</strong></span> <span class='ocrx_word' id='word_1_108' title='bbox 1305 1691 1381 1745; x_wconf 87' lang='lat' dir='ltr'><strong>ut</strong></span> <span class='ocrx_word' id='word_1_109' title='bbox 1414 1680 1524 1746; x_wconf 85' lang='lat' dir='ltr'><strong>vel</strong></span> <span class='ocrx_word' id='word_1_110' title='bbox 1558 1680 1629 1745; x_wconf 91' lang='lat' dir='ltr'><strong>in</strong></span> <span class='ocrx_word' id='word_1_111' title='bbox 1664 1678 1859 1747; x_wconf 90' lang='lat' dir='ltr'><strong>rebus</strong></span> <span class='ocrx_word' id='word_1_112' title='bbox 1891 1679 2389 1764; x_wconf 76' lang='lat' dir='ltr'><strong>probatissimis,</strong></span> <span class='ocrx_word' id='word_1_113' title='bbox 2427 1680 2543 1746; x_wconf 88' lang='lat' dir='ltr'><strong>ha-</strong></span> 
     </span>
     <span class='ocr_line' id='line_1_17' title="bbox 714 1763 2544 1853; baseline -0.001 -21"><span class='ocrx_word' id='word_1_114' title='bbox 714 1775 746 1832; x_wconf 92' lang='lat' dir='ltr'><strong>t</strong></span> <span class='ocrx_word' id='word_1_115' title='bbox 784 1789 1042 1852; x_wconf 90' lang='lat' dir='ltr'><strong>semper</strong></span> <span class='ocrx_word' id='word_1_116' title='bbox 1083 1765 1256 1850; x_wconf 88' lang='lat' dir='ltr'><strong>quod</strong></span> <span class='ocrx_word' id='word_1_117' title='bbox 1300 1763 1754 1849; x_wconf 85' lang='lat' dir='ltr'><strong>reprehendat.</strong></span> <span class='ocrx_word' id='word_1_118' title='bbox 1822 1765 1962 1832; x_wconf 89' lang='lat' dir='ltr'><strong>Nos</strong></span> <span class='ocrx_word' id='word_1_119' title='bbox 2006 1787 2162 1853; x_wconf 89' lang='lat' dir='ltr'><strong>ergo</strong></span> <span class='ocrx_word' id='word_1_120' title='bbox 2201 1767 2313 1849; x_wconf 91' lang='lat' dir='ltr'><strong>qui</strong></span> <span class='ocrx_word' id='word_1_121' title='bbox 2347 1767 2544 1833; x_wconf 90' lang='lat' dir='ltr'><strong>officii</strong></span> 
     </span>
     <span class='ocr_line' id='line_1_18' title="bbox 594 1851 2542 1935; baseline -0.001 -17"><span class='ocrx_word' id='word_1_122' title='bbox 594 1855 801 1920; x_wconf 86' lang='lat' dir='ltr'><strong>nostri</strong></span> <span class='ocrx_word' id='word_1_123' title='bbox 841 1874 985 1920; x_wconf 90' lang='lat' dir='ltr'><strong>esse</strong></span> <span class='ocrx_word' id='word_1_124' title='bbox 1029 1851 1346 1930; x_wconf 88' lang='lat' dir='ltr'><strong>ducimus,</strong></span> <span class='ocrx_word' id='word_1_125' title='bbox 1394 1851 1699 1917; x_wconf 91' lang='lat' dir='ltr'><strong>omnibus</strong></span> <span class='ocrx_word' id='word_1_126' title='bbox 1742 1859 2065 1935; x_wconf 87' lang='lat' dir='ltr'><strong>quantum</strong></span> <span class='ocrx_word' id='word_1_127' title='bbox 2098 1853 2168 1917; x_wconf 91' lang='lat' dir='ltr'><strong>in</strong></span> <span class='ocrx_word' id='word_1_128' title='bbox 2204 1853 2391 1918; x_wconf 91' lang='lat' dir='ltr'><strong>nobis</strong></span> <span class='ocrx_word' id='word_1_129' title='bbox 2425 1863 2542 1930; x_wconf 90' lang='lat' dir='ltr'><strong>est,</strong></span> 
     </span>
     <span class='ocr_line' id='line_1_19' title="bbox 593 1937 2545 2021; baseline -0.001 -16"><span class='ocrx_word' id='word_1_130' title='bbox 593 1939 991 2006; x_wconf 77' lang='lat' dir='ltr'><strong>satisfacere:</strong></span> <span class='ocrx_word' id='word_1_131' title='bbox 1059 1939 1286 2020; x_wconf 86' lang='lat' dir='ltr'><strong>paucis</strong></span> <span class='ocrx_word' id='word_1_132' title='bbox 1346 1937 1784 2004; x_wconf 86' lang='lat' dir='ltr'><strong>indicabimus</strong></span> <span class='ocrx_word' id='word_1_133' title='bbox 1839 1958 2039 2021; x_wconf 90' lang='lat' dir='ltr'><strong>quam</strong></span> <span class='ocrx_word' id='word_1_134' title='bbox 2091 1937 2298 2004; x_wconf 90' lang='lat' dir='ltr'><strong>solida</strong></span> <span class='ocrx_word' id='word_1_135' title='bbox 2352 1939 2545 2005; x_wconf 91' lang='lat' dir='ltr'><strong>nobis</strong></span> 
     </span>
     <span class='ocr_line' id='line_1_20' title="bbox 593 2021 2546 2107; baseline -0.001 -16"><span class='ocrx_word' id='word_1_136' title='bbox 593 2025 788 2092; x_wconf 89' lang='lat' dir='ltr'><strong>istius</strong></span> <span class='ocrx_word' id='word_1_137' title='bbox 840 2023 1095 2091; x_wconf 87' lang='lat' dir='ltr'><strong>consilii</strong></span> <span class='ocrx_word' id='word_1_138' title='bbox 1149 2023 1318 2088; x_wconf 90' lang='lat' dir='ltr'><strong>ratio</strong></span> <span class='ocrx_word' id='word_1_139' title='bbox 1376 2031 1645 2094; x_wconf 89' lang='lat' dir='ltr'><strong>constet.</strong></span> <span class='ocrx_word' id='word_1_140' title='bbox 1736 2021 2135 2107; x_wconf 77' lang='lat' dir='ltr'><strong>Quanquam</strong></span> <span class='ocrx_word' id='word_1_141' title='bbox 2191 2035 2343 2107; x_wconf 90' lang='lat' dir='ltr'><strong>post</strong></span> <span class='ocrx_word' id='word_1_142' title='bbox 2394 2023 2546 2090; x_wconf 89' lang='lat' dir='ltr'><strong>abo-</strong></span> 
     </span>
     <span class='ocr_line' id='line_1_21' title="bbox 592 2108 2543 2194; baseline -0.001 -17"><span class='ocrx_word' id='word_1_143' title='bbox 592 2111 1021 2177; x_wconf 86' lang='lat' dir='ltr'><strong>minationem</strong></span> <span class='ocrx_word' id='word_1_144' title='bbox 1075 2109 1355 2194; x_wconf 87' lang='lat' dir='ltr'><strong>papismi</strong></span> <span class='ocrx_word' id='word_1_145' title='bbox 1370 2161 1383 2184; x_wconf 91' lang='lat'><strong>,</strong></span> <span class='ocrx_word' id='word_1_146' title='bbox 1442 2108 1623 2175; x_wconf 87' lang='lat' dir='ltr'><strong>verbi</strong></span> <span class='ocrx_word' id='word_1_147' title='bbox 1675 2111 1919 2174; x_wconf 84' lang='lat' dir='ltr'><strong>virtute</strong></span> <span class='ocrx_word' id='word_1_148' title='bbox 1971 2109 2079 2175; x_wconf 86' lang='lat' dir='ltr'><strong>hic</strong></span> <span class='ocrx_word' id='word_1_149' title='bbox 2133 2118 2543 2193; x_wconf 80' lang='lat' dir='ltr'><strong>prostratam,</strong></span> 
     </span>
     <span class='ocr_line' id='line_1_22' title="bbox 595 2193 2545 2273; baseline -0.001 -11"><span class='ocrx_word' id='word_1_150' title='bbox 595 2195 1159 2263; x_wconf 88' lang='lat' dir='ltr'><strong>senatusconsulto</strong></span> <span class='ocrx_word' id='word_1_151' title='bbox 1202 2194 1489 2262; x_wconf 89' lang='lat' dir='ltr'><strong>edictum</strong></span> <span class='ocrx_word' id='word_1_152' title='bbox 1531 2195 1762 2273; x_wconf 86' lang='lat' dir='ltr'><strong>fuerat,</strong></span> <span class='ocrx_word' id='word_1_153' title='bbox 1809 2203 1884 2259; x_wconf 92' lang='lat' dir='ltr'><strong>ut</strong></span> <span class='ocrx_word' id='word_1_154' title='bbox 1918 2193 2193 2262; x_wconf 88' lang='lat' dir='ltr'><strong>sublatis</strong></span> <span class='ocrx_word' id='word_1_155' title='bbox 2230 2216 2307 2261; x_wconf 89' lang='lat' dir='ltr'><strong>su</strong></span> <span class='ocrx_word' id='word_1_156' title='bbox 2393 2196 2545 2261; x_wconf 89' lang='lat' dir='ltr'><strong>rsti-</strong></span> 
     </span>
     <span class='ocr_line' id='line_1_23' title="bbox 593 2279 2546 2367; baseline -0.001 -20"><span class='ocrx_word' id='word_1_157' title='bbox 593 2282 883 2348; x_wconf 91' lang='lat' dir='ltr'><strong>tionibus</strong></span> <span class='ocrx_word' id='word_1_158' title='bbox 901 2333 916 2360; x_wconf 86' lang='lat'><strong>,</strong></span> <span class='ocrx_word' id='word_1_159' title='bbox 961 2302 1319 2364; x_wconf 91' lang='lat' dir='ltr'><strong>earumque</strong></span> <span class='ocrx_word' id='word_1_160' title='bbox 1376 2281 1867 2359; x_wconf 88' lang='lat' dir='ltr'><strong>instrumentis,</strong></span> <span class='ocrx_word' id='word_1_161' title='bbox 1925 2279 2009 2345; x_wconf 84' lang='lat' dir='ltr'><strong>ad</strong></span> <span class='ocrx_word' id='word_1_162' title='bbox 2052 2301 2308 2367; x_wconf 81' lang='lat' dir='ltr'><strong>evange</strong></span> <span class='ocrx_word' id='word_1_163' title='bbox 2341 2281 2379 2296; x_wconf 84' lang='lat'><em>“</em></span> <span class='ocrx_word' id='word_1_164' title='bbox 2425 2303 2546 2364; x_wconf 91' lang='lat' dir='ltr'><strong>pu-</strong></span> 
     </span>
     <span class='ocr_line' id='line_1_24' title="bbox 593 2364 2546 2451; baseline -0.002 -15"><span class='ocrx_word' id='word_1_165' title='bbox 593 2369 858 2436; x_wconf 81' lang='lat' dir='ltr'><strong>ritatem</strong></span> <span class='ocrx_word' id='word_1_166' title='bbox 898 2366 1080 2434; x_wconf 90' lang='lat' dir='ltr'><strong>urbis</strong></span> <span class='ocrx_word' id='word_1_167' title='bbox 1122 2366 1352 2451; x_wconf 87' lang='lat' dir='ltr'><strong>religio</strong></span> <span class='ocrx_word' id='word_1_168' title='bbox 1405 2375 1927 2450; x_wconf 81' lang='lat' dir='ltr'><strong>componeretur:</strong></span> <span class='ocrx_word' id='word_1_169' title='bbox 1985 2364 2281 2433; x_wconf 91' lang='lat' dir='ltr'><strong>nondum</strong></span> <span class='ocrx_word' id='word_1_170' title='bbox 2323 2376 2546 2433; x_wconf 86' lang='lat' dir='ltr'><strong>tamen</strong></span> 
     </span>
     <span class='ocr_line' id='line_1_25' title="bbox 594 2451 2546 2537; baseline -0.001 -17"><span class='ocrx_word' id='word_1_171' title='bbox 594 2474 672 2520; x_wconf 86' lang='lat' dir='ltr'><strong>ea</strong></span> <span class='ocrx_word' id='word_1_172' title='bbox 714 2461 975 2520; x_wconf 80' lang='lat' dir='ltr'><strong>exstare</strong></span> <span class='ocrx_word' id='word_1_173' title='bbox 1010 2451 1196 2519; x_wconf 88' lang='lat' dir='ltr'><strong>nobis</strong></span> <span class='ocrx_word' id='word_1_174' title='bbox 1233 2451 1577 2519; x_wconf 85' lang='lat' dir='ltr'><strong>videbatur</strong></span> <span class='ocrx_word' id='word_1_175' title='bbox 1611 2452 1919 2519; x_wconf 88' lang='lat' dir='ltr'><strong>ecclesiae</strong></span> <span class='ocrx_word' id='word_1_176' title='bbox 1957 2453 2171 2530; x_wconf 88' lang='lat' dir='ltr'><strong>facies,</strong></span> <span class='ocrx_word' id='word_1_177' title='bbox 2220 2473 2417 2537; x_wconf 87' lang='lat' dir='ltr'><strong>quam</strong></span> <span class='ocrx_word' id='word_1_178' title='bbox 2452 2454 2546 2519; x_wconf 87' lang='lat' dir='ltr'><strong>le-</strong></span> 
     </span>
     <span class='ocr_line' id='line_1_26' title="bbox 592 2537 2546 2624; baseline -0.002 -19"><span class='ocrx_word' id='word_1_179' title='bbox 592 2539 825 2624; x_wconf 86' lang='lat' dir='ltr'><strong>gitima</strong></span> <span class='ocrx_word' id='word_1_180' title='bbox 866 2539 1159 2605; x_wconf 90' lang='lat' dir='ltr'><strong>muneris</strong></span> <span class='ocrx_word' id='word_1_181' title='bbox 1201 2539 1410 2604; x_wconf 85' lang='lat' dir='ltr'><strong>nostri</strong></span> <span class='ocrx_word' id='word_1_182' title='bbox 1451 2537 1931 2604; x_wconf 86' lang='lat' dir='ltr'><strong>administratio</strong></span> <span class='ocrx_word' id='word_1_183' title='bbox 1975 2541 2351 2623; x_wconf 87' lang='lat' dir='ltr'><strong>requireret.</strong></span> <span class='ocrx_word' id='word_1_184' title='bbox 2419 2538 2546 2605; x_wconf 86' lang='lat' dir='ltr'><strong>Ut-</strong></span> 
     </span>
     <span class='ocr_line' id='line_1_27' title="bbox 594 2624 2543 2711; baseline -0.002 -19"><span class='ocrx_word' id='word_1_185' title='bbox 594 2646 851 2711; x_wconf 83' lang='lat' dir='ltr'><strong>cunque</strong></span> <span class='ocrx_word' id='word_1_186' title='bbox 895 2626 1073 2690; x_wconf 91' lang='lat' dir='ltr'><strong>enim</strong></span> <span class='ocrx_word' id='word_1_187' title='bbox 1128 2625 1481 2690; x_wconf 86' lang='lat' dir='ltr'><strong>aestiment</strong></span> <span class='ocrx_word' id='word_1_188' title='bbox 1537 2624 1677 2700; x_wconf 87' lang='lat' dir='ltr'><strong>alii,</strong></span> <span class='ocrx_word' id='word_1_189' title='bbox 1737 2646 1857 2690; x_wconf 89' lang='lat' dir='ltr'><strong>nos</strong></span> <span class='ocrx_word' id='word_1_190' title='bbox 1912 2633 2088 2690; x_wconf 89' lang='lat' dir='ltr'><strong>certe</strong></span> <span class='ocrx_word' id='word_1_191' title='bbox 2140 2625 2543 2690; x_wconf 81' lang='lat' dir='ltr'><strong>functionem</strong></span> 
     </span>
     <span class='ocr_line' id='line_1_28' title="bbox 593 2710 2545 2794; baseline 0 -18"><span class='ocrx_word' id='word_1_192' title='bbox 593 2719 888 2777; x_wconf 86' lang='lat' dir='ltr'><strong>nostram</strong></span> <span class='ocrx_word' id='word_1_193' title='bbox 932 2710 1093 2775; x_wconf 85' lang='lat' dir='ltr'><strong>adeo</strong></span> <span class='ocrx_word' id='word_1_194' title='bbox 1137 2710 1394 2794; x_wconf 79' lang='lat' dir='ltr'><strong>exiguis</strong></span> <span class='ocrx_word' id='word_1_195' title='bbox 1429 2710 1675 2776; x_wconf 88' lang='lat' dir='ltr'><strong>finibus</strong></span> <span class='ocrx_word' id='word_1_196' title='bbox 1715 2711 2134 2776; x_wconf 81' lang='lat' dir='ltr'><strong>terminatam</strong></span> <span class='ocrx_word' id='word_1_197' title='bbox 2179 2732 2311 2775; x_wconf 91' lang='lat' dir='ltr'><strong>non</strong></span> <span class='ocrx_word' id='word_1_198' title='bbox 2354 2719 2545 2794; x_wconf 86' lang='lat' dir='ltr'><strong>puta·</strong></span> 
     </span>
     <span class='ocr_line' id='line_1_29' title="bbox 592 2794 2545 2878; baseline -0.001 -16"><span class='ocrx_word' id='word_1_199' title='bbox 592 2817 759 2875; x_wconf 90' lang='lat' dir='ltr'><strong>mus,</strong></span> <span class='ocrx_word' id='word_1_200' title='bbox 806 2804 882 2860; x_wconf 91' lang='lat' dir='ltr'><strong>ut</strong></span> <span class='ocrx_word' id='word_1_201' title='bbox 923 2797 1235 2862; x_wconf 82' lang='lat' dir='ltr'><strong>concione</strong></span> <span class='ocrx_word' id='word_1_202' title='bbox 1278 2794 1532 2871; x_wconf 86' lang='lat' dir='ltr'><strong>habita,</strong></span> <span class='ocrx_word' id='word_1_203' title='bbox 1578 2817 1696 2864; x_wconf 91' lang='lat' dir='ltr'><strong>ceu</strong></span> <span class='ocrx_word' id='word_1_204' title='bbox 1736 2795 2066 2878; x_wconf 88' lang='lat' dir='ltr'><strong>persoluto</strong></span> <span class='ocrx_word' id='word_1_205' title='bbox 2109 2816 2312 2878; x_wconf 91' lang='lat' dir='ltr'><strong>penso</strong></span> <span class='ocrx_word' id='word_1_206' title='bbox 2329 2848 2345 2874; x_wconf 89' lang='lat'><strong>,</strong></span> <span class='ocrx_word' id='word_1_207' title='bbox 2390 2816 2545 2861; x_wconf 87' lang='lat' dir='ltr'><strong>con·</strong></span> 
     </span>
     <span class='ocr_line' id='line_1_30' title="bbox 593 2880 2546 2965; baseline -0.001 -18"><span class='ocrx_word' id='word_1_208' title='bbox 593 2882 924 2965; x_wconf 89' lang='lat' dir='ltr'><strong>quiescere</strong></span> <span class='ocrx_word' id='word_1_209' title='bbox 957 2881 1164 2945; x_wconf 85' lang='lat' dir='ltr'><strong>liceat.</strong></span> <span class='ocrx_word' id='word_1_210' title='bbox 1232 2880 1516 2962; x_wconf 87' lang='lat' dir='ltr'><strong>Propius</strong></span> <span class='ocrx_word' id='word_1_211' title='bbox 1546 2880 1754 2944; x_wconf 88' lang='lat' dir='ltr'><strong>multo</strong></span> <span class='ocrx_word' id='word_1_212' title='bbox 1787 2900 1862 2946; x_wconf 89' lang='lat' dir='ltr'><strong>ac</strong></span> <span class='ocrx_word' id='word_1_213' title='bbox 1896 2880 2314 2965; x_wconf 82' lang='lat' dir='ltr'><strong>vigilantiore</strong></span> <span class='ocrx_word' id='word_1_214' title='bbox 2347 2902 2546 2965; x_wconf 88' lang='lat' dir='ltr'><strong>opera</strong></span> 
     </span>
     <span class='ocr_line' id='line_1_31' title="bbox 594 2964 2545 3051; baseline -0.001 -16"><span class='ocrx_word' id='word_1_215' title='bbox 594 2965 869 3035; x_wconf 86' lang='lat' dir='ltr'><strong>curandi</strong></span> <span class='ocrx_word' id='word_1_216' title='bbox 913 2973 1088 3046; x_wconf 89' lang='lat' dir='ltr'><strong>sunt,</strong></span> <span class='ocrx_word' id='word_1_217' title='bbox 1133 2985 1411 3048; x_wconf 89' lang='lat' dir='ltr'><strong>quorum</strong></span> <span class='ocrx_word' id='word_1_218' title='bbox 1453 2966 1744 3050; x_wconf 82' lang='lat' dir='ltr'><strong>sanguis,</strong></span> <span class='ocrx_word' id='word_1_219' title='bbox 1789 2966 1847 3031; x_wconf 87' lang='lat' dir='ltr'><strong>si</strong></span> <span class='ocrx_word' id='word_1_220' title='bbox 1891 2964 2140 3032; x_wconf 86' lang='lat' dir='ltr'><strong>desidia</strong></span> <span class='ocrx_word' id='word_1_221' title='bbox 2174 2973 2398 3034; x_wconf 89' lang='lat' dir='ltr'><strong>nostra</strong></span> <span class='ocrx_word' id='word_1_222' title='bbox 2431 2988 2545 3051; x_wconf 89' lang='lat' dir='ltr'><strong>pe-</strong></span> 
     </span>
     <span class='ocr_line' id='line_1_32' title="bbox 595 3049 2547 3139; baseline 0 -20"><span class='ocrx_word' id='word_1_223' title='bbox 595 3054 812 3132; x_wconf 89' lang='lat' dir='ltr'><strong>rierit,</strong></span> <span class='ocrx_word' id='word_1_224' title='bbox 872 3072 912 3116; x_wconf 88' lang='lat' dir='ltr'><strong>a</strong></span> <span class='ocrx_word' id='word_1_225' title='bbox 964 3051 1152 3117; x_wconf 92' lang='lat' dir='ltr'><strong>nobis</strong></span> <span class='ocrx_word' id='word_1_226' title='bbox 1208 3058 1597 3134; x_wconf 87' lang='lat' dir='ltr'><strong>reposcetur.</strong></span> <span class='ocrx_word' id='word_1_227' title='bbox 1687 3049 1764 3116; x_wconf 78' lang='lat' dir='ltr'><strong>Si</strong></span> <span class='ocrx_word' id='word_1_228' title='bbox 1788 3049 2064 3139; x_wconf 36' lang='lat' dir='ltr'><strong>“quando</strong></span> <span class='ocrx_word' id='word_1_229' title='bbox 2108 3061 2329 3118; x_wconf 89' lang='lat' dir='ltr'><strong>autem</strong></span> <span class='ocrx_word' id='word_1_230' title='bbox 2384 3053 2547 3119; x_wconf 85' lang='lat' dir='ltr'><strong>alias</strong></span> 
     </span>
     <span class='ocr_line' id='line_1_33' title="bbox 595 3134 2547 3215; baseline -0.001 -12"><span class='ocrx_word' id='word_1_231' title='bbox 595 3159 716 3203; x_wconf 83' lang='lat' dir='ltr'><strong>nos</strong></span> <span class='ocrx_word' id='word_1_232' title='bbox 753 3138 986 3202; x_wconf 85' lang='lat' dir='ltr'><strong>anxios</strong></span> <span class='ocrx_word' id='word_1_233' title='bbox 1021 3136 1303 3203; x_wconf 85' lang='lat' dir='ltr'><strong>habebat</strong></span> <span class='ocrx_word' id='word_1_234' title='bbox 1340 3136 1499 3202; x_wconf 89' lang='lat' dir='ltr'><strong>haec</strong></span> <span class='ocrx_word' id='word_1_235' title='bbox 1543 3134 1908 3203; x_wconf 88' lang='lat' dir='ltr'><strong>sollicitudo</strong></span> <span class='ocrx_word' id='word_1_236' title='bbox 1921 3189 1937 3215; x_wconf 95' lang='lat'><strong>,</strong></span> <span class='ocrx_word' id='word_1_237' title='bbox 1982 3148 2121 3204; x_wconf 89' lang='lat' dir='ltr'><strong>tum</strong></span> <span class='ocrx_word' id='word_1_238' title='bbox 2167 3158 2326 3204; x_wconf 88' lang='lat' dir='ltr'><strong>vero</strong></span> <span class='ocrx_word' id='word_1_239' title='bbox 2368 3160 2547 3205; x_wconf 89' lang='lat' dir='ltr'><strong>acer-</strong></span> 
     </span>
     <span class='ocr_line' id='line_1_34' title="bbox 596 3221 2549 3306; baseline 0 -18"><span class='ocrx_word' id='word_1_240' title='bbox 596 3225 763 3288; x_wconf 88' lang='lat' dir='ltr'><strong>rime</strong></span> <span class='ocrx_word' id='word_1_241' title='bbox 794 3223 1023 3288; x_wconf 86' lang='lat' dir='ltr'><strong>urebat</strong></span> <span class='ocrx_word' id='word_1_242' title='bbox 1045 3243 1120 3288; x_wconf 90' lang='lat' dir='ltr'><strong>ac</strong></span> <span class='ocrx_word' id='word_1_243' title='bbox 1143 3221 1592 3299; x_wconf 83' lang='lat' dir='ltr'><strong>discruciabat,</strong></span> <span class='ocrx_word' id='word_1_244' title='bbox 1626 3223 1883 3306; x_wconf 91' lang='lat' dir='ltr'><strong>quoties</strong></span> <span class='ocrx_word' id='word_1_245' title='bbox 1920 3223 2369 3290; x_wconf 85' lang='lat' dir='ltr'><strong>distribuenda</strong></span> <span class='ocrx_word' id='word_1_246' title='bbox 2403 3234 2549 3289; x_wconf 90' lang='lat' dir='ltr'><strong>erat</strong></span> 
     </span>
     <span class='ocr_line' id='line_1_35' title="bbox 596 3305 2546 3389; baseline 0.001 -16"><span class='ocrx_word' id='word_1_247' title='bbox 596 3307 869 3374; x_wconf 83' lang='lat' dir='ltr'><strong>Domini</strong></span> <span class='ocrx_word' id='word_1_248' title='bbox 913 3328 1133 3374; x_wconf 89' lang='lat' dir='ltr'><strong>coena.</strong></span> <span class='ocrx_word' id='word_1_249' title='bbox 1226 3305 1449 3389; x_wconf 78' lang='lat' dir='ltr'><strong>Quum</strong></span> <span class='ocrx_word' id='word_1_250' title='bbox 1493 3308 1670 3373; x_wconf 91' lang='lat' dir='ltr'><strong>enim</strong></span> <span class='ocrx_word' id='word_1_251' title='bbox 1712 3309 2074 3374; x_wconf 89' lang='lat' dir='ltr'><strong>multorum</strong></span> <span class='ocrx_word' id='word_1_252' title='bbox 2119 3309 2317 3376; x_wconf 88' lang='lat' dir='ltr'><strong>dubia</strong></span> <span class='ocrx_word' id='word_1_253' title='bbox 2357 3310 2546 3376; x_wconf 90' lang='lat' dir='ltr'><strong>nobis</strong></span> 
     </span>
     <span class='ocr_line' id='line_1_36' title="bbox 593 3390 2543 3477; baseline 0.001 -18"><span class='ocrx_word' id='word_1_254' title='bbox 593 3394 781 3473; x_wconf 81' lang='lat' dir='ltr'><strong>foret,</strong></span> <span class='ocrx_word' id='word_1_255' title='bbox 826 3402 895 3459; x_wconf 92' lang='lat' dir='ltr'><strong>et</strong></span> <span class='ocrx_word' id='word_1_256' title='bbox 930 3395 1217 3458; x_wconf 85' lang='lat' dir='ltr'><strong>maxime</strong></span> <span class='ocrx_word' id='word_1_257' title='bbox 1261 3396 1463 3459; x_wconf 88' lang='lat' dir='ltr'><strong>etiam</strong></span> <span class='ocrx_word' id='word_1_258' title='bbox 1496 3400 1800 3477; x_wconf 87' lang='lat' dir='ltr'><strong>suspecta</strong></span> <span class='ocrx_word' id='word_1_259' title='bbox 1833 3394 2015 3474; x_wconf 88' lang='lat' dir='ltr'><strong>fides,</strong></span> <span class='ocrx_word' id='word_1_260' title='bbox 2060 3390 2289 3461; x_wconf 82' lang='lat' dir='ltr'><strong>omn‘es</strong></span> <span class='ocrx_word' id='word_1_261' title='bbox 2323 3406 2543 3463; x_wconf 89' lang='lat' dir='ltr'><strong>tamen</strong></span> 
     </span>
     <span class='ocr_line' id='line_1_37' title="bbox 594 3480 2541 3565; baseline 0.001 -20"><span class='ocrx_word' id='word_1_262' title='bbox 594 3480 965 3565; x_wconf 88' lang='lat' dir='ltr'><strong>promiscue</strong></span> <span class='ocrx_word' id='word_1_263' title='bbox 1020 3480 1493 3563; x_wconf 86' lang='lat' dir='ltr'><strong>irrumpebant.</strong></span> <span class='ocrx_word' id='word_1_264' title='bbox 1582 3480 1676 3545; x_wconf 82' lang='lat' dir='ltr'><strong>Et</strong></span> <span class='ocrx_word' id='word_1_265' title='bbox 1729 3480 1827 3544; x_wconf 89' lang='lat' dir='ltr'><strong>illi</strong></span> <span class='ocrx_word' id='word_1_266' title='bbox 1882 3480 2145 3564; x_wconf 88' lang='lat' dir='ltr'><strong>quidem</strong></span> <span class='ocrx_word' id='word_1_267' title='bbox 2199 3483 2369 3547; x_wconf 86' lang='lat' dir='ltr'><strong>iram</strong></span> <span class='ocrx_word' id='word_1_268' title='bbox 2412 3480 2541 3546; x_wconf 92' lang='lat' dir='ltr'><strong>Dei</strong></span> 
     </span>
     <span class='ocr_line' id='line_1_38' title="bbox 595 3565 2542 3652; baseline 0.001 -21"><span class='ocrx_word' id='word_1_269' title='bbox 595 3566 916 3632; x_wconf 83' lang='lat' dir='ltr'><strong>vorabant</strong></span> <span class='ocrx_word' id='word_1_270' title='bbox 972 3566 1188 3649; x_wconf 89' lang='lat' dir='ltr'><strong>potius</strong></span> <span class='ocrx_word' id='word_1_271' title='bbox 1203 3616 1219 3644; x_wconf 95' lang='lat'><strong>,</strong></span> <span class='ocrx_word' id='word_1_272' title='bbox 1276 3585 1473 3649; x_wconf 85' lang='lat' dir='ltr'><strong>quam</strong></span> <span class='ocrx_word' id='word_1_273' title='bbox 1517 3565 1697 3630; x_wconf 86' lang='lat' dir='ltr'><strong>vitae</strong></span> <span class='ocrx_word' id='word_1_274' title='bbox 1739 3574 2223 3633; x_wconf 87' lang='lat' dir='ltr'><strong>sacramentum</strong></span> <span class='ocrx_word' id='word_1_275' title='bbox 2279 3568 2542 3652; x_wconf 84' lang='lat' dir='ltr'><strong>partici-</strong></span> 
     </span>
     <span class='ocr_line' id='line_1_39' title="bbox 594 3651 2542 3737; baseline 0.001 -20"><span class='ocrx_word' id='word_1_276' title='bbox 594 3653 856 3737; x_wconf 88' lang='lat' dir='ltr'><strong>pabant.</strong></span> <span class='ocrx_word' id='word_1_277' title='bbox 949 3651 1152 3735; x_wconf 84' lang='lat' dir='ltr'><strong>Atqui</strong></span> <span class='ocrx_word' id='word_1_278' title='bbox 1204 3672 1289 3716; x_wconf 88' lang='lat' dir='ltr'><strong>an</strong></span> <span class='ocrx_word' id='word_1_279' title='bbox 1347 3672 1480 3716; x_wconf 93' lang='lat' dir='ltr'><strong>non</strong></span> <span class='ocrx_word' id='word_1_280' title='bbox 1529 3652 1669 3734; x_wconf 88' lang='lat' dir='ltr'><strong>ipse</strong></span> <span class='ocrx_word' id='word_1_281' title='bbox 1719 3672 1973 3736; x_wconf 90' lang='lat' dir='ltr'><strong>quoque</strong></span> <span class='ocrx_word' id='word_1_282' title='bbox 2016 3659 2238 3735; x_wconf 85' lang='lat' dir='ltr'><strong>pastor</strong></span> <span class='ocrx_word' id='word_1_283' title='bbox 2283 3661 2542 3720; x_wconf 85' lang='lat' dir='ltr'><strong>tantum</strong></span> 
     </span>
     <span class='ocr_line' id='line_1_40' title="bbox 592 3736 2542 3824; baseline 0.001 -20"><span class='ocrx_word' id='word_1_284' title='bbox 592 3738 985 3824; x_wconf 83' lang='lat' dir='ltr'><strong>mysterium</strong></span> <span class='ocrx_word' id='word_1_285' title='bbox 1037 3737 1388 3821; x_wconf 85' lang='lat' dir='ltr'><strong>profanare</strong></span> <span class='ocrx_word' id='word_1_286' title='bbox 1449 3736 1813 3803; x_wconf 89' lang='lat' dir='ltr'><strong>credendus</strong></span> <span class='ocrx_word' id='word_1_287' title='bbox 1870 3749 1972 3804; x_wconf 89' lang='lat' dir='ltr'><strong>est</strong></span> <span class='ocrx_word' id='word_1_288' title='bbox 1989 3791 2005 3817; x_wconf 95' lang='lat'><strong>,</strong></span> <span class='ocrx_word' id='word_1_289' title='bbox 2064 3740 2173 3823; x_wconf 90' lang='lat' dir='ltr'><strong>qui</strong></span> <span class='ocrx_word' id='word_1_290' title='bbox 2218 3738 2542 3811; x_wconf 78' lang='lat' dir='ltr'><strong>delectum</strong></span> 
     </span>
     <span class='ocr_line' id='line_1_41' title="bbox 593 3821 2545 3905; baseline 0.002 -16"><span class='ocrx_word' id='word_1_291' title='bbox 593 3824 669 3889; x_wconf 89' lang='lat' dir='ltr'><strong>in</strong></span> <span class='ocrx_word' id='word_1_292' title='bbox 703 3845 780 3889; x_wconf 92' lang='lat' dir='ltr'><strong>eo</strong></span> <span class='ocrx_word' id='word_1_293' title='bbox 812 3822 1352 3889; x_wconf 86' lang='lat' dir='ltr'><strong>communicando</strong></span> <span class='ocrx_word' id='word_1_294' title='bbox 1386 3821 1644 3888; x_wconf 86' lang='lat' dir='ltr'><strong>nullum</strong></span> <span class='ocrx_word' id='word_1_295' title='bbox 1676 3822 1915 3890; x_wconf 82' lang='lat' dir='ltr'><strong>habet?</strong></span> <span class='ocrx_word' id='word_1_296' title='bbox 1986 3823 2211 3905; x_wconf 79' lang='lat' dir='ltr'><strong>Quare</strong></span> <span class='ocrx_word' id='word_1_297' title='bbox 2243 3847 2375 3891; x_wconf 92' lang='lat' dir='ltr'><strong>non</strong></span> <span class='ocrx_word' id='word_1_298' title='bbox 2413 3826 2545 3891; x_wconf 88' lang='lat' dir='ltr'><strong>alia</strong></span> 
     </span>
     <span class='ocr_line' id='line_1_42' title="bbox 594 3907 2542 3995; baseline 0.002 -22"><span class='ocrx_word' id='word_1_299' title='bbox 594 3908 740 3993; x_wconf 86' lang='lat' dir='ltr'><strong>lege</strong></span> <span class='ocrx_word' id='word_1_300' title='bbox 784 3928 1012 3992; x_wconf 87' lang='lat' dir='ltr'><strong>paoem</strong></span> <span class='ocrx_word' id='word_1_301' title='bbox 1053 3929 1130 3975; x_wconf 89' lang='lat' dir='ltr'><strong>ac</strong></span> <span class='ocrx_word' id='word_1_302' title='bbox 1175 3909 1465 3993; x_wconf 89' lang='lat' dir='ltr'><strong>quietem</strong></span> <span class='ocrx_word' id='word_1_303' title='bbox 1518 3907 1812 3975; x_wconf 89' lang='lat' dir='ltr'><strong>obtinere</strong></span> <span class='ocrx_word' id='word_1_304' title='bbox 1866 3931 2019 3977; x_wconf 89' lang='lat' dir='ltr'><strong>eum</strong></span> <span class='ocrx_word' id='word_1_305' title='bbox 2074 3912 2317 3978; x_wconf 86' lang='lat' dir='ltr'><strong>nostris</strong></span> <span class='ocrx_word' id='word_1_306' title='bbox 2367 3914 2542 3995; x_wconf 87' lang='lat' dir='ltr'><strong>ipso-</strong></span> 
     </span>
     <span class='ocr_line' id='line_1_43' title="bbox 595 3994 2543 4081; baseline 0.003 -22"><span class='ocrx_word' id='word_1_307' title='bbox 595 4016 747 4059; x_wconf 90' lang='lat' dir='ltr'><strong>rum</strong></span> <span class='ocrx_word' id='word_1_308' title='bbox 790 3994 1201 4060; x_wconf 89' lang='lat' dir='ltr'><strong>conscientiis</strong></span> <span class='ocrx_word' id='word_1_309' title='bbox 1243 3994 1596 4078; x_wconf 88' lang='lat' dir='ltr'><strong>potuimus,</strong></span> <span class='ocrx_word' id='word_1_310' title='bbox 1644 4016 1843 4079; x_wconf 90' lang='lat' dir='ltr'><strong>quam</strong></span> <span class='ocrx_word' id='word_1_311' title='bbox 1880 4006 1958 4061; x_wconf 92' lang='lat' dir='ltr'><strong>ut</strong></span> <span class='ocrx_word' id='word_1_312' title='bbox 2001 3997 2254 4062; x_wconf 87' lang='lat' dir='ltr'><strong>solenni</strong></span> <span class='ocrx_word' id='word_1_313' title='bbox 2296 3998 2543 4081; x_wconf 83' lang='lat' dir='ltr'><strong>profes-</strong></span> 
     </span>
     <span class='ocr_line' id='line_1_44' title="bbox 598 4078 2543 4167; baseline 0.002 -22"><span class='ocrx_word' id='word_1_314' title='bbox 598 4080 778 4145; x_wconf 88' lang='lat' dir='ltr'><strong>sione</strong></span> <span class='ocrx_word' id='word_1_315' title='bbox 813 4099 1055 4144; x_wconf 93' lang='lat' dir='ltr'><strong>nomen</strong></span> <span class='ocrx_word' id='word_1_316' title='bbox 1088 4078 1358 4146; x_wconf 86' lang='lat' dir='ltr'><strong>Christo</strong></span> <span class='ocrx_word' id='word_1_317' title='bbox 1395 4079 1648 4161; x_wconf 87' lang='lat' dir='ltr'><strong>darent,</strong></span> <span class='ocrx_word' id='word_1_318' title='bbox 1683 4081 1795 4164; x_wconf 89' lang='lat' dir='ltr'><strong>qui</strong></span> <span class='ocrx_word' id='word_1_319' title='bbox 1830 4082 1902 4145; x_wconf 92' lang='lat' dir='ltr'><strong>in</strong></span> <span class='ocrx_word' id='word_1_320' title='bbox 1938 4082 2081 4148; x_wconf 92' lang='lat' dir='ltr'><strong>eius</strong></span> <span class='ocrx_word' id='word_1_321' title='bbox 2115 4083 2355 4167; x_wconf 90' lang='lat' dir='ltr'><strong>populo</strong></span> <span class='ocrx_word' id='word_1_322' title='bbox 2390 4105 2543 4150; x_wconf 91' lang='lat' dir='ltr'><strong>cen-</strong></span> 
     </span>
     <span class='ocr_line' id='line_1_45' title="bbox 597 4164 2544 4252; baseline 0.001 -20"><span class='ocrx_word' id='word_1_323' title='bbox 597 4165 746 4244; x_wconf 90' lang='lat' dir='ltr'><strong>seri,</strong></span> <span class='ocrx_word' id='word_1_324' title='bbox 792 4171 988 4248; x_wconf 89' lang='lat' dir='ltr'><strong>atque</strong></span> <span class='ocrx_word' id='word_1_325' title='bbox 1030 4164 1112 4228; x_wconf 89' lang='lat' dir='ltr'><strong>ad</strong></span> <span class='ocrx_word' id='word_1_326' title='bbox 1157 4187 1190 4233; x_wconf 89' lang='lat' dir='ltr'><strong>s</strong></span> <span class='ocrx_word' id='word_1_327' title='bbox 1233 4164 1497 4231; x_wconf 87' lang='lat' dir='ltr'><strong>irituale</strong></span> <span class='ocrx_word' id='word_1_328' title='bbox 1538 4176 2151 4252; x_wconf 86' lang='lat' dir='ltr'><strong>sacrosanctumque</strong></span> <span class='ocrx_word' id='word_1_329' title='bbox 2184 4168 2352 4234; x_wconf 83' lang='lat' dir='ltr'><strong>illud</strong></span> <span class='ocrx_word' id='word_1_330' title='bbox 2385 4190 2544 4252; x_wconf 91' lang='lat' dir='ltr'><strong>epu-</strong></span> 
     </span>
     <span class='ocr_line' id='line_1_46' title="bbox 597 4249 2545 4337; baseline 0.003 -23"><span class='ocrx_word' id='word_1_331' title='bbox 597 4249 739 4316; x_wconf 92' lang='lat' dir='ltr'><strong>lum</strong></span> <span class='ocrx_word' id='word_1_332' title='bbox 783 4249 1039 4316; x_wconf 87' lang='lat' dir='ltr'><strong>admitti</strong></span> <span class='ocrx_word' id='word_1_333' title='bbox 1085 4270 1168 4316; x_wconf 87' lang='lat' dir='ltr'><strong>ve</strong></span> <span class='ocrx_word' id='word_1_334' title='bbox 1218 4260 1348 4316; x_wconf 90' lang='lat' dir='ltr'><strong>ent.</strong></span> <span class='ocrx_word' id='word_1_335' title='bbox 1437 4250 1520 4317; x_wconf 87' lang='lat' dir='ltr'><strong>Id</strong></span> <span class='ocrx_word' id='word_1_336' title='bbox 1564 4252 1634 4316; x_wconf 89' lang='lat' dir='ltr'><strong>in</strong></span> <span class='ocrx_word' id='word_1_337' title='bbox 1677 4253 2020 4336; x_wconf 87' lang='lat' dir='ltr'><strong>baptismo,</strong></span> <span class='ocrx_word' id='word_1_338' title='bbox 2073 4254 2394 4337; x_wconf 90' lang='lat' dir='ltr'><strong>inquiunt,</strong></span> <span class='ocrx_word' id='word_1_339' title='bbox 2441 4275 2545 4320; x_wconf 88' lang='lat' dir='ltr'><strong>se·-</strong></span> 
     </span>
     <span class='ocr_line' id='line_1_47' title="bbox 597 4335 2544 4424; baseline 0.003 -23"><span class='ocrx_word' id='word_1_340' title='bbox 597 4335 731 4403; x_wconf 89' lang='lat' dir='ltr'><strong>mel</strong></span> <span class='ocrx_word' id='word_1_341' title='bbox 773 4336 1017 4402; x_wconf 85' lang='lat' dir='ltr'><strong>factum</strong></span> <span class='ocrx_word' id='word_1_342' title='bbox 1061 4336 1292 4402; x_wconf 81' lang='lat' dir='ltr'><strong>fuerat.</strong></span> <span class='ocrx_word' id='word_1_343' title='bbox 1363 4335 1500 4402; x_wconf 81' lang='lat' dir='ltr'><strong>Sed</strong></span> <span class='ocrx_word' id='word_1_344' title='bbox 1542 4358 1733 4404; x_wconf 89' lang='lat' dir='ltr'><strong>nemo</strong></span> <span class='ocrx_word' id='word_1_345' title='bbox 1775 4359 1911 4404; x_wconf 94' lang='lat' dir='ltr'><strong>non</strong></span> <span class='ocrx_word' id='word_1_346' title='bbox 1955 4338 2279 4406; x_wconf 85' lang='lat' dir='ltr'><strong>defecerat</strong></span> <span class='ocrx_word' id='word_1_347' title='bbox 2312 4361 2353 4405; x_wconf 91' lang='lat' dir='ltr'><strong>a</strong></span> <span class='ocrx_word' id='word_1_348' title='bbox 2385 4340 2544 4424; x_wconf 87' lang='lat' dir='ltr'><strong>bap·</strong></span> 
     </span>
     <span class='ocr_line' id='line_1_48' title="bbox 598 4420 2544 4510; baseline 0.002 -23"><span class='ocrx_word' id='word_1_349' title='bbox 598 4422 779 4487; x_wconf 90' lang='lat' dir='ltr'><strong>tismi</strong></span> <span class='ocrx_word' id='word_1_350' title='bbox 820 4421 1236 4504; x_wconf 85' lang='lat' dir='ltr'><strong>professione.</strong></span> <span class='ocrx_word' id='word_1_351' title='bbox 1318 4420 1395 4488; x_wconf 79' lang='lat' dir='ltr'><strong>Si</strong></span> <span class='ocrx_word' id='word_1_352' title='bbox 1437 4423 1710 4490; x_wconf 89' lang='lat' dir='ltr'><strong>militiae</strong></span> <span class='ocrx_word' id='word_1_353' title='bbox 1754 4422 2075 4490; x_wconf 88' lang='lat' dir='ltr'><strong>desertori</strong></span> <span class='ocrx_word' id='word_1_354' title='bbox 2113 4427 2405 4510; x_wconf 91' lang='lat' dir='ltr'><strong>primum</strong></span> <span class='ocrx_word' id='word_1_355' title='bbox 2440 4448 2544 4492; x_wconf 88' lang='lat' dir='ltr'><strong>sa·</strong></span> 
     </span>
     <span class='ocr_line' id='line_1_49' title="bbox 599 4508 2543 4591; baseline 0.003 -20"><span class='ocrx_word' id='word_1_356' title='bbox 599 4514 1026 4587; x_wconf 78' lang='lat' dir='ltr'><strong>uramentum,</strong></span> <span class='ocrx_word' id='word_1_357' title='bbox 1071 4508 1245 4591; x_wconf 91' lang='lat' dir='ltr'><strong>quod</strong></span> <span class='ocrx_word' id='word_1_358' title='bbox 1285 4508 1560 4591; x_wconf 88' lang='lat' dir='ltr'><strong>perfidia</strong></span> <span class='ocrx_word' id='word_1_359' title='bbox 1603 4529 1721 4576; x_wconf 88' lang='lat' dir='ltr'><strong>sua</strong></span> <span class='ocrx_word' id='word_1_360' title='bbox 1755 4510 2047 4590; x_wconf 85' lang='lat' dir='ltr'><strong>violavit,</strong></span> <span class='ocrx_word' id='word_1_361' title='bbox 2091 4513 2391 4578; x_wconf 87' lang='lat' dir='ltr'><strong>sufficere</strong></span> <span class='ocrx_word' id='word_1_362' title='bbox 2427 4534 2543 4578; x_wconf 89' lang='lat' dir='ltr'><strong>au-</strong></span> 
     </span>
     <span class='ocr_line' id='line_1_50' title="bbox 598 4593 2545 4680; baseline 0.003 -22"><span class='ocrx_word' id='word_1_363' title='bbox 598 4603 893 4673; x_wconf 88' lang='lat' dir='ltr'><strong>tumant,</strong></span> <span class='ocrx_word' id='word_1_364' title='bbox 939 4593 1217 4659; x_wconf 89' lang='lat' dir='ltr'><strong>verbum</strong></span> <span class='ocrx_word' id='word_1_365' title='bbox 1256 4615 1376 4678; x_wconf 90' lang='lat' dir='ltr'><strong>pro</strong></span> <span class='ocrx_word' id='word_1_366' title='bbox 1419 4616 1656 4661; x_wconf 88' lang='lat' dir='ltr'><strong>causae</strong></span> <span class='ocrx_word' id='word_1_367' title='bbox 1700 4602 1962 4663; x_wconf 88' lang='lat' dir='ltr'><strong>nostrae</strong></span> <span class='ocrx_word' id='word_1_368' title='bbox 2004 4597 2366 4680; x_wconf 87' lang='lat' dir='ltr'><strong>patrocinio</strong></span> <span class='ocrx_word' id='word_1_369' title='bbox 2411 4619 2545 4664; x_wconf 90' lang='lat' dir='ltr'><strong>non</strong></span> 
     </span>
     <span class='ocr_line' id='line_1_51' title="bbox 598 4676 2545 4764; baseline 0.003 -19"><span class='ocrx_word' id='word_1_370' title='bbox 598 4678 929 4745; x_wconf 84' lang='lat' dir='ltr'><strong>faciemus.</strong></span> <span class='ocrx_word' id='word_1_371' title='bbox 1016 4676 1144 4745; x_wconf 79' lang='lat' dir='ltr'><strong>Sin</strong></span> <span class='ocrx_word' id='word_1_372' title='bbox 1186 4681 1327 4764; x_wconf 91' lang='lat' dir='ltr'><strong>ipse</strong></span> <span class='ocrx_word' id='word_1_373' title='bbox 1370 4702 1458 4764; x_wconf 89' lang='lat' dir='ltr'><strong>qu</strong></span> <span class='ocrx_word' id='word_1_374' title='bbox 1540 4703 1622 4748; x_wconf 90' lang='lat' dir='ltr'><strong>ue</strong></span> <span class='ocrx_word' id='word_1_375' title='bbox 1677 4703 1912 4749; x_wconf 88' lang='lat' dir='ltr'><strong>sensus</strong></span> <span class='ocrx_word' id='word_1_376' title='bbox 1954 4684 2318 4750; x_wconf 90' lang='lat' dir='ltr'><strong>communis</strong></span> <span class='ocrx_word' id='word_1_377' title='bbox 2362 4683 2545 4749; x_wconf 87' lang='lat' dir='ltr'><strong>aliud</strong></span> 
     </span>
     <span class='ocr_line' id='line_1_52' title="bbox 598 4701 2549 4852; baseline 0.004 -24"><span class='ocrx_word' id='word_1_378' title='bbox 598 4762 835 4841; x_wconf 89' lang='lat' dir='ltr'><strong>dictat,</strong></span> <span class='ocrx_word' id='word_1_379' title='bbox 891 4766 1070 4830; x_wconf 91' lang='lat' dir='ltr'><strong>omni</strong></span> <span class='ocrx_word' id='word_1_380' title='bbox 1118 4766 1449 4833; x_wconf 89' lang='lat' dir='ltr'><strong>calumnia</strong></span> <span class='ocrx_word' id='word_1_381' title='bbox 1459 4701 1872 4834; x_wconf 50' lang='lat' dir='ltr'><strong>ofiberamur.</strong></span> <span class='ocrx_word' id='word_1_382' title='bbox 1962 4767 2191 4852; x_wconf 90' lang='lat' dir='ltr'><strong>Neque</strong></span> <span class='ocrx_word' id='word_1_383' title='bbox 2235 4790 2390 4835; x_wconf 89' lang='lat' dir='ltr'><strong>vero</strong></span> <span class='ocrx_word' id='word_1_384' title='bbox 2431 4776 2549 4835; x_wconf 87' lang='lat' dir='ltr'><strong>aut</strong></span> 
     </span>
     <span class='ocr_line' id='line_1_53' title="bbox 600 4850 2545 4940; baseline 0.004 -25"><span class='ocrx_word' id='word_1_385' title='bbox 600 4850 963 4916; x_wconf 86' lang='lat' dir='ltr'><strong>illustribus</strong></span> <span class='ocrx_word' id='word_1_386' title='bbox 1006 4852 1322 4937; x_wconf 84' lang='lat' dir='ltr'><strong>exemplis</strong></span> <span class='ocrx_word' id='word_1_387' title='bbox 1337 4905 1353 4933; x_wconf 88' lang='lat'><strong>,</strong></span> <span class='ocrx_word' id='word_1_388' title='bbox 1410 4861 1525 4919; x_wconf 86' lang='lat' dir='ltr'><strong>aut</strong></span> <span class='ocrx_word' id='word_1_389' title='bbox 1574 4853 1936 4938; x_wconf 87' lang='lat' dir='ltr'><strong>scripturae</strong></span> <span class='ocrx_word' id='word_1_390' title='bbox 1986 4855 2189 4920; x_wconf 89' lang='lat' dir='ltr'><strong>etiam</strong></span> <span class='ocrx_word' id='word_1_391' title='bbox 2231 4856 2545 4940; x_wconf 85' lang='lat' dir='ltr'><strong>suffragio</strong></span> 
     </span>
     <span class='ocr_line' id='line_1_54' title="bbox 601 4935 2547 5009; baseline 0.003 -9"><span class='ocrx_word' id='word_1_392' title='bbox 601 4935 1039 5002; x_wconf 85' lang='lat' dir='ltr'><strong>destituimur.</strong></span> <span class='ocrx_word' id='word_1_393' title='bbox 1119 4937 1653 5006; x_wconf 72' lang='lat' dir='ltr'><strong>circumcisionis</strong></span> <span class='ocrx_word' id='word_1_394' title='bbox 1696 4939 1927 5006; x_wconf 88' lang='lat' dir='ltr'><strong>foedus</strong></span> <span class='ocrx_word' id='word_1_395' title='bbox 1969 4940 2255 5009; x_wconf 85' lang='lat' dir='ltr'><strong>habebat</strong></span> <span class='ocrx_word' id='word_1_396' title='bbox 2292 4943 2364 5007; x_wconf 93' lang='lat' dir='ltr'><strong>in</strong></span> <span class='ocrx_word' id='word_1_397' title='bbox 2404 4963 2547 5008; x_wconf 91' lang='lat' dir='ltr'><strong>cor-</strong></span> 
     </span>
     <span class='ocr_line' id='line_1_55' title="bbox 599 5023 2547 5111; baseline 0.004 -25"><span class='ocrx_word' id='word_1_398' title='bbox 599 5041 762 5105; x_wconf 87' lang='lat' dir='ltr'><strong>pore</strong></span> <span class='ocrx_word' id='word_1_399' title='bbox 805 5044 921 5088; x_wconf 89' lang='lat' dir='ltr'><strong>suo</strong></span> <span class='ocrx_word' id='word_1_400' title='bbox 962 5023 1359 5108; x_wconf 90' lang='lat' dir='ltr'><strong>impressum</strong></span> <span class='ocrx_word' id='word_1_401' title='bbox 1399 5024 1681 5108; x_wconf 90' lang='lat' dir='ltr'><strong>populus</strong></span> <span class='ocrx_word' id='word_1_402' title='bbox 1696 5076 1712 5104; x_wconf 93' lang='lat'><strong>,</strong></span> <span class='ocrx_word' id='word_1_403' title='bbox 1759 5046 1955 5111; x_wconf 89' lang='lat' dir='ltr'><strong>quem</strong></span> <span class='ocrx_word' id='word_1_404' title='bbox 1998 5024 2083 5091; x_wconf 87' lang='lat' dir='ltr'><strong>ad</strong></span> <span class='ocrx_word' id='word_1_405' title='bbox 2122 5048 2372 5093; x_wconf 86' lang='lat' dir='ltr'><strong>novum</strong></span> <span class='ocrx_word' id='word_1_406' title='bbox 2414 5028 2547 5094; x_wconf 86' lang='lat' dir='ltr'><strong>foe-</strong></span> 
     </span>
     <span class='ocr_line' id='line_1_56' title="bbox 601 5106 2547 5191; baseline 0.003 -18"><span class='ocrx_word' id='word_1_407' title='bbox 601 5106 726 5173; x_wconf 91' lang='lat' dir='ltr'><strong>dus</strong></span> <span class='ocrx_word' id='word_1_408' title='bbox 767 5109 1226 5191; x_wconf 87' lang='lat' dir='ltr'><strong>paciscendum</strong></span> <span class='ocrx_word' id='word_1_409' title='bbox 1260 5111 1482 5176; x_wconf 87' lang='lat' dir='ltr'><strong>Moses</strong></span> <span class='ocrx_word' id='word_1_410' title='bbox 1516 5109 1902 5178; x_wconf 81' lang='lat' dir='ltr'><strong>exhortatus</strong></span> <span class='ocrx_word' id='word_1_411' title='bbox 1936 5122 2055 5178; x_wconf 90' lang='lat' dir='ltr'><strong>est.</strong></span> <span class='ocrx_word' id='word_1_412' title='bbox 2125 5111 2379 5179; x_wconf 86' lang='lat' dir='ltr'><strong>Eadem</strong></span> <span class='ocrx_word' id='word_1_413' title='bbox 2412 5115 2547 5180; x_wconf 88' lang='lat' dir='ltr'><strong>foe-</strong></span> 
     </span>
     <span class='ocr_line' id='line_1_57' title="bbox 604 5192 2548 5280; baseline 0.003 -19"><span class='ocrx_word' id='word_1_414' title='bbox 604 5192 779 5265; x_wconf 87' lang='lat' dir='ltr'><strong>deris</strong></span> <span class='ocrx_word' id='word_1_415' title='bbox 823 5197 1160 5262; x_wconf 89' lang='lat' dir='ltr'><strong>renovatio</strong></span> <span class='ocrx_word' id='word_1_416' title='bbox 1203 5216 1245 5262; x_wconf 92' lang='lat' dir='ltr'><strong>a</strong></span> <span class='ocrx_word' id='word_1_417' title='bbox 1286 5195 1532 5262; x_wconf 89' lang='lat' dir='ltr'><strong>sanctis</strong></span> <span class='ocrx_word' id='word_1_418' title='bbox 1587 5196 1854 5280; x_wconf 84' lang='lat' dir='ltr'><strong>regibus</strong></span> <span class='ocrx_word' id='word_1_419' title='bbox 1896 5197 2071 5263; x_wconf 89' lang='lat' dir='ltr'><strong>Iosia</strong></span> <span class='ocrx_word' id='word_1_420' title='bbox 2121 5205 2190 5262; x_wconf 89' lang='lat' dir='ltr'><strong>et</strong></span> <span class='ocrx_word' id='word_1_421' title='bbox 2228 5198 2367 5265; x_wconf 87' lang='lat' dir='ltr'><strong>Asa</strong></span> <span class='ocrx_word' id='word_1_422' title='bbox 2408 5201 2548 5265; x_wconf 82' lang='lat' dir='ltr'><strong>exi-</strong></span> 
     </span>
    </p>
   </div>
   <div class='ocr_carea' id='block_1_3' title="bbox 2262 288 2939 359">
    <p class='ocr_par' dir='ltr' id='par_1_3' title="bbox 2262 288 2939 359">
     <span class='ocr_line' id='line_1_58' title="bbox 2262 288 2939 359; baseline -0.001 -1"><span class='ocrx_word' id='word_1_423' title='bbox 2262 288 2939 359; x_wconf 76' lang='lat' dir='ltr'><strong>OATEOHISMUS.</strong></span> 
     </span>
    </p>
   </div>
   <div class='ocr_carea' id='block_1_4' title="bbox 2597 513 2607 5282">
    <p class='ocr_par' dir='ltr' id='par_1_4' title="bbox 2597 513 2607 5282">
     <span class='ocr_line' id='line_1_59' title="bbox 2597 513 2607 5282; baseline 0 0"><span class='ocrx_word' id='word_1_424' title='bbox 2597 513 2607 5282; x_wconf 95' lang='lat' dir='ltr'><strong> </strong></span> 
     </span>
    </p>
   </div>
   <div class='ocr_carea' id='block_1_5' title="bbox 4477 292 4605 357">
    <p class='ocr_par' dir='ltr' id='par_1_5' title="bbox 4477 292 4605 357">
     <span class='ocr_line' id='line_1_60' title="bbox 4477 292 4605 357; baseline 0.016 -3"><span class='ocrx_word' id='word_1_425' title='bbox 4477 292 4605 357; x_wconf 77' lang='lat'><strong>320</strong></span> 
     </span>
    </p>
   </div>
   <div class='ocr_carea' id='block_1_6' title="bbox 2652 476 4604 1163">
    <p class='ocr_par' dir='ltr' id='par_1_6' title="bbox 2652 476 4604 1163">
     <span class='ocr_line' id='line_1_61' title="bbox 2655 476 4604 563; baseline 0 -19"><span class='ocrx_word' id='word_1_426' title='bbox 2655 480 2802 546; x_wconf 89' lang='lat' dir='ltr'><strong>miis</strong></span> <span class='ocrx_word' id='word_1_427' title='bbox 2844 486 3072 563; x_wconf 89' lang='lat' dir='ltr'><strong>postea</strong></span> <span class='ocrx_word' id='word_1_428' title='bbox 3114 478 3439 545; x_wconf 87' lang='lat' dir='ltr'><strong>libertatis</strong></span> <span class='ocrx_word' id='word_1_429' title='bbox 3483 478 3853 546; x_wconf 78' lang='lat' dir='ltr'><strong>vindicibus</strong></span> <span class='ocrx_word' id='word_1_430' title='bbox 3869 530 3885 558; x_wconf 98' lang='lat'><strong>,</strong></span> <span class='ocrx_word' id='word_1_431' title='bbox 3942 477 4115 545; x_wconf 81' lang='lat' dir='ltr'><strong>Esra</strong></span> <span class='ocrx_word' id='word_1_432' title='bbox 4169 483 4237 543; x_wconf 85' lang='lat' dir='ltr'><strong>et</strong></span> <span class='ocrx_word' id='word_1_433' title='bbox 4279 476 4604 545; x_wconf 82' lang='lat' dir='ltr'><strong>Nehemia</strong></span> 
     </span>
     <span class='ocr_line' id='line_1_62' title="bbox 2653 563 4602 648; baseline -0.001 -16"><span class='ocrx_word' id='word_1_434' title='bbox 2653 566 2828 632; x_wconf 76' lang='lat' dir='ltr'><strong>faeta</strong></span> <span class='ocrx_word' id='word_1_435' title='bbox 2870 573 2987 630; x_wconf 87' lang='lat' dir='ltr'><strong>est.</strong></span> <span class='ocrx_word' id='word_1_436' title='bbox 3060 563 3190 631; x_wconf 87' lang='lat' dir='ltr'><strong>Oui</strong></span> <span class='ocrx_word' id='word_1_437' title='bbox 3231 566 3368 630; x_wconf 91' lang='lat' dir='ltr'><strong>iam</strong></span> <span class='ocrx_word' id='word_1_438' title='bbox 3410 565 3849 631; x_wconf 88' lang='lat' dir='ltr'><strong>criminationi</strong></span> <span class='ocrx_word' id='word_1_439' title='bbox 3892 571 4121 648; x_wconf 87' lang='lat' dir='ltr'><strong>patere</strong></span> <span class='ocrx_word' id='word_1_440' title='bbox 4164 564 4413 630; x_wconf 85' lang='lat' dir='ltr'><strong>factum</strong></span> <span class='ocrx_word' id='word_1_441' title='bbox 4453 584 4602 631; x_wconf 89' lang='lat' dir='ltr'><strong>nos-</strong></span> 
     </span>
     <span class='ocr_line' id='line_1_63' title="bbox 2652 648 4604 735; baseline -0.001 -19"><span class='ocrx_word' id='word_1_442' title='bbox 2652 660 2836 716; x_wconf 82' lang='lat' dir='ltr'><strong>trum</strong></span> <span class='ocrx_word' id='word_1_443' title='bbox 2868 657 3082 735; x_wconf 88' lang='lat' dir='ltr'><strong>potest</strong></span> <span class='ocrx_word' id='word_1_444' title='bbox 3096 703 3110 727; x_wconf 93' lang='lat'>‚</span> <span class='ocrx_word' id='word_1_445' title='bbox 3161 658 3259 716; x_wconf 92' lang='lat' dir='ltr'><strong>tot</strong></span> <span class='ocrx_word' id='word_1_446' title='bbox 3288 649 3575 717; x_wconf 83' lang='lat' dir='ltr'><strong>classicis</strong></span> <span class='ocrx_word' id='word_1_447' title='bbox 3597 649 3936 716; x_wconf 87' lang='lat' dir='ltr'><strong>autoribus</strong></span> <span class='ocrx_word' id='word_1_448' title='bbox 3970 648 4344 715; x_wconf 71' lang='lat' dir='ltr'><strong>munitum?</strong></span> <span class='ocrx_word' id='word_1_449' title='bbox 4391 650 4604 715; x_wconf 79' lang='lat' dir='ltr'><strong>&#39;Panta</strong></span> 
     </span>
     <span class='ocr_line' id='line_1_64' title="bbox 2653 734 4601 821; baseline -0.001 -19"><span class='ocrx_word' id='word_1_450' title='bbox 2653 737 2859 821; x_wconf 87' lang='lat' dir='ltr'><strong>igitur</strong></span> <span class='ocrx_word' id='word_1_451' title='bbox 2901 737 3289 802; x_wconf 86' lang='lat' dir='ltr'><strong>necessitate</strong></span> <span class='ocrx_word' id='word_1_452' title='bbox 3334 735 3568 817; x_wconf 89' lang='lat' dir='ltr'><strong>adacti,</strong></span> <span class='ocrx_word' id='word_1_453' title='bbox 3614 743 3917 802; x_wconf 91' lang='lat' dir='ltr'><strong>senatum</strong></span> <span class='ocrx_word' id='word_1_454' title='bbox 3952 755 4031 800; x_wconf 90' lang='lat' dir='ltr'><strong>ea</strong></span> <span class='ocrx_word' id='word_1_455' title='bbox 4064 734 4146 802; x_wconf 89' lang='lat' dir='ltr'><strong>de</strong></span> <span class='ocrx_word' id='word_1_456' title='bbox 4189 756 4262 801; x_wconf 89' lang='lat' dir='ltr'><strong>re</strong></span> <span class='ocrx_word' id='word_1_457' title='bbox 4304 743 4601 802; x_wconf 90' lang='lat' dir='ltr'><strong>nostrum</strong></span> 
     </span>
     <span class='ocr_line' id='line_1_65' title="bbox 2655 820 4601 906; baseline -0.001 -18"><span class='ocrx_word' id='word_1_458' title='bbox 2655 822 3156 906; x_wconf 84' lang='lat' dir='ltr'><strong>appellavimus:</strong></span> <span class='ocrx_word' id='word_1_459' title='bbox 3217 829 3284 887; x_wconf 88' lang='lat' dir='ltr'><strong>et</strong></span> <span class='ocrx_word' id='word_1_460' title='bbox 3342 820 3560 889; x_wconf 88' lang='lat' dir='ltr'><strong>oblata</strong></span> <span class='ocrx_word' id='word_1_461' title='bbox 3616 821 4039 888; x_wconf 86' lang='lat' dir='ltr'><strong>confessionis</strong></span> <span class='ocrx_word' id='word_1_462' title='bbox 4096 821 4382 887; x_wconf 82' lang='lat' dir='ltr'><strong>formula</strong></span> <span class='ocrx_word' id='word_1_463' title='bbox 4395 873 4412 900; x_wconf 92' lang='lat'><strong>,</strong></span> <span class='ocrx_word' id='word_1_464' title='bbox 4479 824 4601 886; x_wconf 90' lang='lat' dir='ltr'><strong>im-</strong></span> 
     </span>
     <span class='ocr_line' id='line_1_66' title="bbox 2653 905 4602 992; baseline -0.001 -18"><span class='ocrx_word' id='word_1_465' title='bbox 2653 930 2856 992; x_wconf 88' lang='lat' dir='ltr'><strong>pense</strong></span> <span class='ocrx_word' id='word_1_466' title='bbox 2915 909 3319 992; x_wconf 86' lang='lat' dir='ltr'><strong>rogavimus,</strong></span> <span class='ocrx_word' id='word_1_467' title='bbox 3375 915 3448 972; x_wconf 91' lang='lat' dir='ltr'><strong>ut</strong></span> <span class='ocrx_word' id='word_1_468' title='bbox 3503 929 3586 973; x_wconf 92' lang='lat' dir='ltr'><strong>ne</strong></span> <span class='ocrx_word' id='word_1_469' title='bbox 3642 905 3799 973; x_wconf 89' lang='lat' dir='ltr'><strong>dare</strong></span> <span class='ocrx_word' id='word_1_470' title='bbox 3853 907 4141 973; x_wconf 89' lang='lat' dir='ltr'><strong>Domino</strong></span> <span class='ocrx_word' id='word_1_471' title='bbox 4199 907 4478 992; x_wconf 81' lang='lat' dir='ltr'><strong>gloriam</strong></span> <span class='ocrx_word' id='word_1_472' title='bbox 4534 909 4602 973; x_wconf 91' lang='lat' dir='ltr'><strong>in</strong></span> 
     </span>
     <span class='ocr_line' id='line_1_67' title="bbox 2654 991 4600 1078; baseline 0 -19"><span class='ocrx_word' id='word_1_473' title='bbox 2654 992 3022 1077; x_wconf 89' lang='lat' dir='ltr'><strong>profitenda</strong></span> <span class='ocrx_word' id='word_1_474' title='bbox 3077 994 3220 1058; x_wconf 90' lang='lat' dir='ltr'><strong>eius</strong></span> <span class='ocrx_word' id='word_1_475' title='bbox 3261 994 3540 1059; x_wconf 84' lang='lat' dir='ltr'><strong>veritate</strong></span> <span class='ocrx_word' id='word_1_476' title='bbox 3582 991 3996 1078; x_wconf 63' lang='lat' dir='ltr'><strong>gravaretur.¹</strong></span> <span class='ocrx_word' id='word_1_477' title='bbox 4080 994 4387 1076; x_wconf 88' lang='lat' dir='ltr'><strong>Aequum</strong></span> <span class='ocrx_word' id='word_1_478' title='bbox 4439 1013 4600 1074; x_wconf 87' lang='lat' dir='ltr'><strong>esse,</strong></span> 
     </span>
     <span class='ocr_line' id='line_1_68' title="bbox 2654 1079 4601 1163; baseline 0 -18"><span class='ocrx_word' id='word_1_479' title='bbox 2654 1086 2731 1145; x_wconf 88' lang='lat' dir='ltr'><strong>ut</strong></span> <span class='ocrx_word' id='word_1_480' title='bbox 2772 1081 2842 1145; x_wconf 93' lang='lat' dir='ltr'><strong>in</strong></span> <span class='ocrx_word' id='word_1_481' title='bbox 2888 1080 3140 1145; x_wconf 89' lang='lat' dir='ltr'><strong>actione</strong></span> <span class='ocrx_word' id='word_1_482' title='bbox 3184 1087 3323 1144; x_wconf 83' lang='lat' dir='ltr'><strong>tam</strong></span> <span class='ocrx_word' id='word_1_483' title='bbox 3367 1087 3594 1146; x_wconf 89' lang='lat' dir='ltr'><strong>sancta</strong></span> <span class='ocrx_word' id='word_1_484' title='bbox 3635 1079 3873 1163; x_wconf 89' lang='lat' dir='ltr'><strong>populo</strong></span> <span class='ocrx_word' id='word_1_485' title='bbox 3918 1100 4034 1145; x_wconf 92' lang='lat' dir='ltr'><strong>suo</strong></span> <span class='ocrx_word' id='word_1_486' title='bbox 4077 1079 4442 1162; x_wconf 85' lang='lat' dir='ltr'><strong>praeirent,</strong></span> <span class='ocrx_word' id='word_1_487' title='bbox 4498 1082 4601 1145; x_wconf 88' lang='lat' dir='ltr'><strong>cui</strong></span> 
     </span>
    </p>
   </div>
   <div class='ocr_carea' id='block_1_7' title="bbox 2645 1165 4597 1249">
    <p class='ocr_par' dir='ltr' id='par_1_7' title="bbox 2645 1165 4597 1249">
     <span class='ocr_line' id='line_1_69' title="bbox 2645 1165 4597 1249; baseline 0.001 -19"><span class='ocrx_word' id='word_1_488' title='bbox 2645 1177 2725 1230; x_wconf 82' lang='lat' dir='ltr'><strong>&#39;se</strong></span> <span class='ocrx_word' id='word_1_489' title='bbox 2780 1166 2991 1231; x_wconf 90' lang='lat' dir='ltr'><strong>omnis</strong></span> <span class='ocrx_word' id='word_1_490' title='bbox 3035 1165 3306 1231; x_wconf 82' lang='lat' dir='ltr'><strong>virtutis</strong></span> <span class='ocrx_word' id='word_1_491' title='bbox 3360 1165 3700 1249; x_wconf 86' lang='lat' dir='ltr'><strong>exemplar</strong></span> <span class='ocrx_word' id='word_1_492' title='bbox 3755 1185 3898 1231; x_wconf 90' lang='lat' dir='ltr'><strong>esse</strong></span> <span class='ocrx_word' id='word_1_493' title='bbox 3953 1172 4252 1248; x_wconf 89' lang='lat' dir='ltr'><strong>oportere</strong></span> <span class='ocrx_word' id='word_1_494' title='bbox 4306 1173 4597 1232; x_wconf 80' lang='lat' dir='ltr'><strong>noverat.</strong></span> 
     </span>
    </p>
   </div>
   <div class='ocr_carea' id='block_1_8' title="bbox 2646 1249 4602 5282">
    <p class='ocr_par' dir='ltr' id='par_1_8' title="bbox 2646 1249 4602 5025">
     <span class='ocr_line' id='line_1_70' title="bbox 2654 1249 4600 1335; baseline 0 -20"><span class='ocrx_word' id='word_1_495' title='bbox 2654 1249 2842 1332; x_wconf 78' lang='lat' dir='ltr'><strong>Quae</strong></span> <span class='ocrx_word' id='word_1_496' title='bbox 2897 1260 3042 1316; x_wconf 90' lang='lat' dir='ltr'><strong>erat</strong></span> <span class='ocrx_word' id='word_1_497' title='bbox 3115 1250 3424 1335; x_wconf 87' lang='lat' dir='ltr'><strong>postulati</strong></span> <span class='ocrx_word' id='word_1_498' title='bbox 3496 1252 3705 1317; x_wconf 89' lang='lat' dir='ltr'><strong>nostri</strong></span> <span class='ocrx_word' id='word_1_499' title='bbox 3758 1250 4052 1334; x_wconf 89' lang='lat' dir='ltr'><strong>aequitas</strong></span> <span class='ocrx_word' id='word_1_500' title='bbox 4066 1302 4081 1330; x_wconf 94' lang='lat'><strong>,</strong></span> <span class='ocrx_word' id='word_1_501' title='bbox 4143 1250 4331 1318; x_wconf 86' lang='lat' dir='ltr'><strong>facile</strong></span> <span class='ocrx_word' id='word_1_502' title='bbox 4395 1252 4600 1334; x_wconf 91' lang='lat' dir='ltr'><strong>impe-</strong></span> 
     </span>
     <span class='ocr_line' id='line_1_71' title="bbox 2649 1335 4600 1419; baseline 0.001 -18"><span class='ocrx_word' id='word_1_503' title='bbox 2649 1337 2971 1402; x_wconf 83' lang='lat' dir='ltr'><strong>travimus</strong></span> <span class='ocrx_word' id='word_1_504' title='bbox 2988 1389 3004 1416; x_wconf 91' lang='lat'>‚</span> <span class='ocrx_word' id='word_1_505' title='bbox 3050 1342 3129 1401; x_wconf 90' lang='grc' dir='ltr'><strong>ιιι</strong></span> <span class='ocrx_word' id='word_1_506' title='bbox 3166 1336 3352 1419; x_wconf 90' lang='lat' dir='ltr'><strong>plebs</strong></span> <span class='ocrx_word' id='word_1_507' title='bbox 3396 1335 3782 1402; x_wconf 89' lang='lat' dir='ltr'><strong>decuriatim</strong></span> <span class='ocrx_word' id='word_1_508' title='bbox 3824 1343 4181 1402; x_wconf 88' lang='lat' dir='ltr'><strong>convocata</strong></span> <span class='ocrx_word' id='word_1_509' title='bbox 4225 1338 4299 1402; x_wconf 91' lang='lat' dir='ltr'><strong>in</strong></span> <span class='ocrx_word' id='word_1_510' title='bbox 4351 1337 4600 1403; x_wconf 85' lang='lat' dir='ltr'><strong>confes-</strong></span> 
     </span>
     <span class='ocr_line' id='line_1_72' title="bbox 2653 1421 4601 1505; baseline 0.001 -19"><span class='ocrx_word' id='word_1_511' title='bbox 2653 1424 2900 1489; x_wconf 90' lang='lat' dir='ltr'><strong>sionem</strong></span> <span class='ocrx_word' id='word_1_512' title='bbox 2953 1424 3180 1500; x_wconf 59' lang='lat' dir='ltr'><strong>istam‚</strong></span> <span class='ocrx_word' id='word_1_513' title='bbox 3209 1423 3477 1487; x_wconf 85' lang='lat' dir='ltr'><strong>iuraret.</strong></span> <span class='ocrx_word' id='word_1_514' title='bbox 3582 1422 3792 1488; x_wconf 81' lang='lat' dir='ltr'><strong>Cuius</strong></span> <span class='ocrx_word' id='word_1_515' title='bbox 3851 1423 3920 1487; x_wconf 90' lang='lat' dir='ltr'><strong>in</strong></span> <span class='ocrx_word' id='word_1_516' title='bbox 3977 1421 4372 1505; x_wconf 87' lang='lat' dir='ltr'><strong>praestando</strong></span> <span class='ocrx_word' id='word_1_517' title='bbox 4427 1422 4601 1488; x_wconf 88' lang='lat' dir='ltr'><strong>iura-</strong></span> 
     </span>
     <span class='ocr_line' id='line_1_73' title="bbox 2651 1506 4601 1590; baseline 0.001 -18"><span class='ocrx_word' id='word_1_518' title='bbox 2651 1518 2874 1574; x_wconf 87' lang='lat' dir='ltr'><strong>mento</strong></span> <span class='ocrx_word' id='word_1_519' title='bbox 2917 1530 3050 1574; x_wconf 93' lang='lat' dir='ltr'><strong>non</strong></span> <span class='ocrx_word' id='word_1_520' title='bbox 3105 1508 3320 1573; x_wconf 93' lang='lat' dir='ltr'><strong>minor</strong></span> <span class='ocrx_word' id='word_1_521' title='bbox 3374 1508 3500 1572; x_wconf 79' lang='lat' dir='ltr'><strong>fuit</strong></span> <span class='ocrx_word' id='word_1_522' title='bbox 3546 1508 3876 1585; x_wconf 81' lang='lat' dir='ltr'><strong>alacritas,</strong></span> <span class='ocrx_word' id='word_1_523' title='bbox 3921 1528 4116 1590; x_wconf 91' lang='lat' dir='ltr'><strong>quam</strong></span> <span class='ocrx_word' id='word_1_524' title='bbox 4162 1509 4233 1572; x_wconf 93' lang='lat' dir='ltr'><strong>in</strong></span> <span class='ocrx_word' id='word_1_525' title='bbox 4290 1506 4601 1574; x_wconf 88' lang='lat' dir='ltr'><strong>edicendo</strong></span> 
     </span>
     <span class='ocr_line' id='line_1_74' title="bbox 2652 1592 4600 1679; baseline 0.001 -20"><span class='ocrx_word' id='word_1_526' title='bbox 2652 1601 2919 1660; x_wconf 89' lang='lat' dir='ltr'><strong>senatus</strong></span> <span class='ocrx_word' id='word_1_527' title='bbox 2969 1593 3323 1678; x_wconf 83' lang='lat' dir='ltr'><strong>diligentia.</strong></span> <span class='ocrx_word' id='word_1_528' title='bbox 3415 1595 3636 1677; x_wconf 86' lang='lat' dir='ltr'><strong>Atque</strong></span> <span class='ocrx_word' id='word_1_529' title='bbox 3684 1592 3947 1660; x_wconf 86' lang='lat' dir='ltr'><strong>divinae</strong></span> <span class='ocrx_word' id='word_1_530' title='bbox 3987 1593 4155 1679; x_wconf 87' lang='lat' dir='ltr'><strong>legis</strong></span> <span class='ocrx_word' id='word_1_531' title='bbox 4206 1592 4600 1660; x_wconf 86' lang='lat' dir='ltr'><strong>observatio-</strong></span> 
     </span>
     <span class='ocr_line' id='line_1_75' title="bbox 2650 1677 4600 1761; baseline 0.001 -17"><span class='ocrx_word' id='word_1_532' title='bbox 2650 1701 2801 1745; x_wconf 92' lang='lat' dir='ltr'><strong>nem</strong></span> <span class='ocrx_word' id='word_1_533' title='bbox 2844 1678 3266 1746; x_wconf 86' lang='lat' dir='ltr'><strong>iureiurando</strong></span> <span class='ocrx_word' id='word_1_534' title='bbox 3317 1678 3608 1761; x_wconf 89' lang='lat' dir='ltr'><strong>polliceri</strong></span> <span class='ocrx_word' id='word_1_535' title='bbox 3650 1679 3814 1746; x_wconf 88' lang='lat' dir='ltr'><strong>iussi</strong></span> <span class='ocrx_word' id='word_1_536' title='bbox 3855 1687 4042 1759; x_wconf 86' lang='lat' dir='ltr'><strong>sunt,</strong></span> <span class='ocrx_word' id='word_1_537' title='bbox 4095 1677 4165 1744; x_wconf 86' lang='lat' dir='ltr'><strong>id</strong></span> <span class='ocrx_word' id='word_1_538' title='bbox 4208 1701 4364 1745; x_wconf 85' lang='lat' dir='ltr'><strong>vero</strong></span> <span class='ocrx_word' id='word_1_539' title='bbox 4404 1702 4600 1747; x_wconf 83' lang='lat' dir='ltr'><strong>excu-</strong></span> 
     </span>
     <span class='ocr_line' id='line_1_76' title="bbox 2650 1763 4601 1847; baseline 0.001 -17"><span class='ocrx_word' id='word_1_540' title='bbox 2650 1767 2783 1830; x_wconf 86' lang='lat' dir='ltr'><strong>sari</strong></span> <span class='ocrx_word' id='word_1_541' title='bbox 2827 1765 3011 1831; x_wconf 90' lang='lat' dir='ltr'><strong>nullo</strong></span> <span class='ocrx_word' id='word_1_542' title='bbox 3053 1764 3246 1830; x_wconf 90' lang='lat' dir='ltr'><strong>modo</strong></span> <span class='ocrx_word' id='word_1_543' title='bbox 3283 1773 3516 1847; x_wconf 89' lang='lat' dir='ltr'><strong>potest.</strong></span> <span class='ocrx_word' id='word_1_544' title='bbox 3598 1763 3732 1846; x_wconf 78' lang='lat' dir='ltr'><strong>Qui</strong></span> <span class='ocrx_word' id='word_1_545' title='bbox 3787 1773 3940 1830; x_wconf 77' lang='lat' dir='ltr'><strong>tam-</strong></span> <span class='ocrx_word' id='word_1_546' title='bbox 3968 1765 4448 1831; x_wconf 87' lang='lat' dir='ltr'><strong>inconsiderate</strong></span> <span class='ocrx_word' id='word_1_547' title='bbox 4489 1767 4601 1832; x_wconf 92' lang='lat' dir='ltr'><strong>ob-</strong></span> 
     </span>
     <span class='ocr_line' id='line_1_77' title="bbox 2650 1850 4602 1934; baseline 0.001 -17"><span class='ocrx_word' id='word_1_548' title='bbox 2650 1859 2942 1934; x_wconf 89' lang='lat' dir='ltr'><strong>strepere</strong></span> <span class='ocrx_word' id='word_1_549' title='bbox 3007 1850 3279 1930; x_wconf 90' lang='lat' dir='ltr'><strong>audent,</strong></span> <span class='ocrx_word' id='word_1_550' title='bbox 3376 1871 3509 1917; x_wconf 93' lang='lat' dir='ltr'><strong>non</strong></span> <span class='ocrx_word' id='word_1_551' title='bbox 3603 1850 4144 1918; x_wconf 86' lang='lat' dir='ltr'><strong>animadvertunt</strong></span> <span class='ocrx_word' id='word_1_552' title='bbox 4257 1851 4602 1918; x_wconf 90' lang='lat' dir='ltr'><strong>uibuscum</strong></span> 
     </span>
     <span class='ocr_line' id='line_1_78' title="bbox 2648 1935 4593 2021; baseline 0 -18"><span class='ocrx_word' id='word_1_553' title='bbox 2648 1945 2983 2003; x_wconf 90' lang='lat' dir='ltr'><strong>certamen</strong></span> <span class='ocrx_word' id='word_1_554' title='bbox 3029 1937 3408 2020; x_wconf 89' lang='lat' dir='ltr'><strong>suscipiant.</strong></span> <span class='ocrx_word' id='word_1_555' title='bbox 3500 1935 3712 2019; x_wconf 78' lang='lat' dir='ltr'><strong>Quale</strong></span> <span class='ocrx_word' id='word_1_556' title='bbox 3756 1937 3932 2002; x_wconf 91' lang='lat' dir='ltr'><strong>enim</strong></span> <span class='ocrx_word' id='word_1_557' title='bbox 3976 1944 4079 2003; x_wconf 87' lang='lat' dir='ltr'><strong>est</strong></span> <span class='ocrx_word' id='word_1_558' title='bbox 4119 1937 4154 2001; x_wconf 86' lang='lat' dir='ltr'><strong>f</strong></span> <span class='ocrx_word' id='word_1_559' title='bbox 4269 1958 4349 2002; x_wconf 89' lang='lat' dir='ltr'><strong>us</strong></span> <span class='ocrx_word' id='word_1_560' title='bbox 4363 1990 4377 2016; x_wconf 90' lang='lat'><strong>,</strong></span> <span class='ocrx_word' id='word_1_561' title='bbox 4423 1938 4593 2021; x_wconf 90' lang='lat' dir='ltr'><strong>quod</strong></span> 
     </span>
     <span class='ocr_line' id='line_1_79' title="bbox 2649 2015 4599 2108; baseline 0.001 -21"><span class='ocrx_word' id='word_1_562' title='bbox 2649 2023 2876 2103; x_wconf 90' lang='lat' dir='ltr'><strong>Iosias‚</strong></span> <span class='ocrx_word' id='word_1_563' title='bbox 2935 2023 3337 2108; x_wconf 89' lang='lat' dir='ltr'><strong>approbante</strong></span> <span class='ocrx_word' id='word_1_564' title='bbox 3381 2015 3698 2100; x_wconf 88' lang='lat' dir='ltr'><strong>Domino,</strong></span> <span class='ocrx_word' id='word_1_565' title='bbox 3763 2044 3880 2088; x_wconf 90' lang='lat' dir='ltr'><strong>suo</strong></span> <span class='ocrx_word' id='word_1_566' title='bbox 3924 2022 4274 2107; x_wconf 88' lang='lat' dir='ltr'><strong>populique</strong></span> <span class='ocrx_word' id='word_1_567' title='bbox 4334 2024 4599 2091; x_wconf 88' lang='lat' dir='ltr'><strong>nomine</strong></span> 
     </span>
     <span class='ocr_line' id='line_1_80' title="bbox 2651 2107 4600 2192; baseline 0.001 -18"><span class='ocrx_word' id='word_1_568' title='bbox 2651 2107 3013 2192; x_wconf 80' lang='lat' dir='ltr'><strong>percussit?</strong></span> <span class='ocrx_word' id='word_1_569' title='bbox 3060 2108 3313 2191; x_wconf 90' lang='lat' dir='ltr'><strong>Nempe</strong></span> <span class='ocrx_word' id='word_1_570' title='bbox 3329 2117 3404 2174; x_wconf 91' lang='lat' dir='ltr'><strong>ut</strong></span> <span class='ocrx_word' id='word_1_571' title='bbox 3434 2129 3652 2174; x_wconf 87' lang='lat' dir='ltr'><strong>coram</strong></span> <span class='ocrx_word' id='word_1_572' title='bbox 3675 2108 3962 2175; x_wconf 90' lang='lat' dir='ltr'><strong>Domino</strong></span> <span class='ocrx_word' id='word_1_573' title='bbox 4004 2108 4392 2188; x_wconf 89' lang='lat' dir='ltr'><strong>ambularet,</strong></span> <span class='ocrx_word' id='word_1_574' title='bbox 4415 2129 4600 2192; x_wconf 84' lang='lat' dir='ltr'><strong>prae-</strong></span> 
     </span>
     <span class='ocr_line' id='line_1_81' title="bbox 2653 2194 4602 2278; baseline 0 -16"><span class='ocrx_word' id='word_1_575' title='bbox 2653 2203 2840 2278; x_wconf 83' lang='lat' dir='ltr'><strong>cepta</strong></span> <span class='ocrx_word' id='word_1_576' title='bbox 2884 2201 2953 2258; x_wconf 86' lang='lat' dir='ltr'><strong>et</strong></span> <span class='ocrx_word' id='word_1_577' title='bbox 2997 2194 3370 2260; x_wconf 88' lang='lat' dir='ltr'><strong>testimonia</strong></span> <span class='ocrx_word' id='word_1_578' title='bbox 3412 2204 3480 2259; x_wconf 85' lang='lat' dir='ltr'><strong>et</strong></span> <span class='ocrx_word' id='word_1_579' title='bbox 3519 2195 4014 2261; x_wconf 80' lang='lat' dir='ltr'><strong>iustificationes</strong></span> <span class='ocrx_word' id='word_1_580' title='bbox 4057 2195 4200 2260; x_wconf 91' lang='lat' dir='ltr'><strong>eius</strong></span> <span class='ocrx_word' id='word_1_581' title='bbox 4246 2194 4602 2262; x_wconf 81' lang='lat' dir='ltr'><strong>custodiret</strong></span> 
     </span>
     <span class='ocr_line' id='line_1_82' title="bbox 2651 2275 4600 2364; baseline 0.001 -19"><span class='ocrx_word' id='word_1_582' title='bbox 2651 2282 2724 2346; x_wconf 90' lang='lat' dir='ltr'><strong>in</strong></span> <span class='ocrx_word' id='word_1_583' title='bbox 2765 2287 2906 2346; x_wconf 88' lang='lat' dir='ltr'><strong>toto</strong></span> <span class='ocrx_word' id='word_1_584' title='bbox 2951 2277 3144 2347; x_wconf 85' lang='lat' dir='ltr'><strong>corde</strong></span> <span class='ocrx_word' id='word_1_585' title='bbox 3188 2302 3304 2345; x_wconf 90' lang='lat' dir='ltr'><strong>suo</strong></span> <span class='ocrx_word' id='word_1_586' title='bbox 3348 2289 3416 2345; x_wconf 88' lang='lat' dir='ltr'><strong>et</strong></span> <span class='ocrx_word' id='word_1_587' title='bbox 3455 2287 3593 2347; x_wconf 86' lang='lat' dir='ltr'><strong>tota</strong></span> <span class='ocrx_word' id='word_1_588' title='bbox 3632 2280 3876 2346; x_wconf 87' lang='lat' dir='ltr'><strong>anima:</strong></span> <span class='ocrx_word' id='word_1_589' title='bbox 3933 2280 4169 2364; x_wconf 90' lang='lat' dir='ltr'><strong>quibus</strong></span> <span class='ocrx_word' id='word_1_590' title='bbox 4213 2275 4600 2347; x_wconf 83' lang='lat' dir='ltr'><strong>conditioni-</strong></span> 
     </span>
     <span class='ocr_line' id='line_1_83' title="bbox 2653 2364 4598 2446; baseline 0.001 -15"><span class='ocrx_word' id='word_1_591' title='bbox 2653 2365 2774 2432; x_wconf 90' lang='lat' dir='ltr'><strong>bus</strong></span> <span class='ocrx_word' id='word_1_592' title='bbox 2831 2365 3120 2433; x_wconf 88' lang='lat' dir='ltr'><strong>universi</strong></span> <span class='ocrx_word' id='word_1_593' title='bbox 3166 2364 3391 2431; x_wconf 85' lang='lat' dir='ltr'><strong>Iudaei</strong></span> <span class='ocrx_word' id='word_1_594' title='bbox 3445 2364 3642 2432; x_wconf 90' lang='lat' dir='ltr'><strong>fidem</strong></span> <span class='ocrx_word' id='word_1_595' title='bbox 3697 2387 3916 2446; x_wconf 85' lang='lat' dir='ltr'><strong>suam,</strong></span> <span class='ocrx_word' id='word_1_596' title='bbox 3976 2387 4106 2431; x_wconf 90' lang='lat' dir='ltr'><strong>non</strong></span> <span class='ocrx_word' id='word_1_597' title='bbox 4162 2367 4306 2432; x_wconf 90' lang='lat' dir='ltr'><strong>sine</strong></span> <span class='ocrx_word' id='word_1_598' title='bbox 4358 2367 4598 2433; x_wconf 89' lang='lat' dir='ltr'><strong>iureiu-</strong></span> 
     </span>
     <span class='ocr_line' id='line_1_84' title="bbox 2650 2449 4600 2537; baseline 0.002 -21"><span class='ocrx_word' id='word_1_599' title='bbox 2650 2452 2876 2530; x_wconf 89' lang='lat' dir='ltr'><strong>rand0‚</strong></span> <span class='ocrx_word' id='word_1_600' title='bbox 2923 2450 3436 2518; x_wconf 84' lang='lat' dir='ltr'><strong>obstrinxerunt.</strong></span> <span class='ocrx_word' id='word_1_601' title='bbox 3529 2449 3671 2518; x_wconf 80' lang='lat' dir='ltr'><strong>Sub</strong></span> <span class='ocrx_word' id='word_1_602' title='bbox 3713 2453 3854 2517; x_wconf 84' lang='lat' dir='ltr'><strong>Asa</strong></span> <span class='ocrx_word' id='word_1_603' title='bbox 3893 2449 4127 2522; x_wconf 86' lang='lat' dir='ltr'><strong>iisdem</strong></span> <span class='ocrx_word' id='word_1_604' title='bbox 4172 2451 4427 2537; x_wconf 87' lang='lat' dir='ltr'><strong>legibus</strong></span> <span class='ocrx_word' id='word_1_605' title='bbox 4469 2453 4600 2519; x_wconf 84' lang='lat' dir='ltr'><strong>foe-</strong></span> 
     </span>
     <span class='ocr_line' id='line_1_85' title="bbox 2651 2537 4598 2621; baseline 0.001 -19"><span class='ocrx_word' id='word_1_606' title='bbox 2651 2537 2774 2604; x_wconf 91' lang='lat' dir='ltr'><strong>dus</strong></span> <span class='ocrx_word' id='word_1_607' title='bbox 2814 2538 3138 2604; x_wconf 83' lang='lat' dir='ltr'><strong>sancitum</strong></span> <span class='ocrx_word' id='word_1_608' title='bbox 3196 2538 3352 2614; x_wconf 85' lang='lat' dir='ltr'><strong>fuit,</strong></span> <span class='ocrx_word' id='word_1_609' title='bbox 3406 2539 3823 2621; x_wconf 88' lang='lat' dir='ltr'><strong>iuratumque</strong></span> <span class='ocrx_word' id='word_1_610' title='bbox 3880 2538 3952 2602; x_wconf 90' lang='lat' dir='ltr'><strong>in</strong></span> <span class='ocrx_word' id='word_1_611' title='bbox 4006 2545 4147 2603; x_wconf 86' lang='lat' dir='ltr'><strong>toto</strong></span> <span class='ocrx_word' id='word_1_612' title='bbox 4199 2537 4396 2605; x_wconf 88' lang='lat' dir='ltr'><strong>corde</strong></span> <span class='ocrx_word' id='word_1_613' title='bbox 4451 2561 4598 2606; x_wconf 92' lang='lat' dir='ltr'><strong>cum</strong></span> 
     </span>
     <span class='ocr_line' id='line_1_86' title="bbox 2650 2621 4597 2708; baseline 0.002 -21"><span class='ocrx_word' id='word_1_614' title='bbox 2650 2623 2886 2700; x_wconf 91' lang='lat' dir='ltr'><strong>iubilo,</strong></span> <span class='ocrx_word' id='word_1_615' title='bbox 2931 2645 3080 2688; x_wconf 90' lang='lat' dir='ltr'><strong>cum</strong></span> <span class='ocrx_word' id='word_1_616' title='bbox 3125 2644 3285 2688; x_wconf 87' lang='lat' dir='ltr'><strong>voce</strong></span> <span class='ocrx_word' id='word_1_617' title='bbox 3327 2643 3600 2707; x_wconf 86' lang='lat' dir='ltr'><strong>magna,</strong></span> <span class='ocrx_word' id='word_1_618' title='bbox 3642 2623 3949 2708; x_wconf 88' lang='lat' dir='ltr'><strong>clangore</strong></span> <span class='ocrx_word' id='word_1_619' title='bbox 3993 2621 4219 2699; x_wconf 89' lang='lat' dir='ltr'><strong>tubae,</strong></span> <span class='ocrx_word' id='word_1_620' title='bbox 4276 2631 4345 2688; x_wconf 90' lang='lat' dir='ltr'><strong>et</strong></span> <span class='ocrx_word' id='word_1_621' title='bbox 4381 2626 4597 2691; x_wconf 88' lang='lat' dir='ltr'><strong>sonitu</strong></span> 
     </span>
     <span class='ocr_line' id='line_1_87' title="bbox 2650 2707 4600 2792; baseline 0.002 -19"><span class='ocrx_word' id='word_1_622' title='bbox 2650 2709 3092 2775; x_wconf 90' lang='lat' dir='ltr'><strong>buccinarum.</strong></span> <span class='ocrx_word' id='word_1_623' title='bbox 3161 2707 3349 2774; x_wconf 91' lang='lat' dir='ltr'><strong>Idem</strong></span> <span class='ocrx_word' id='word_1_624' title='bbox 3382 2718 3889 2786; x_wconf 87' lang='lat' dir='ltr'><strong>sacramentum,</strong></span> <span class='ocrx_word' id='word_1_625' title='bbox 3933 2708 4400 2792; x_wconf 85' lang='lat' dir='ltr'><strong>stipulantibus</strong></span> <span class='ocrx_word' id='word_1_626' title='bbox 4432 2712 4600 2776; x_wconf 88' lang='lat' dir='ltr'><strong>Esra</strong></span> 
     </span>
     <span class='ocr_line' id='line_1_88' title="bbox 2650 2794 4598 2880; baseline 0.002 -20"><span class='ocrx_word' id='word_1_627' title='bbox 2650 2805 2718 2860; x_wconf 88' lang='lat' dir='ltr'><strong>et</strong></span> <span class='ocrx_word' id='word_1_628' title='bbox 2762 2794 2824 2857; x_wconf 90' lang='lat' dir='ltr'>N</span> <span class='ocrx_word' id='word_1_629' title='bbox 2827 2794 3103 2873; x_wconf 87' lang='lat' dir='ltr'><strong>ehemia,</strong></span> <span class='ocrx_word' id='word_1_630' title='bbox 3147 2795 3537 2877; x_wconf 85' lang='lat' dir='ltr'><strong>praestitum</strong></span> <span class='ocrx_word' id='word_1_631' title='bbox 3581 2795 3735 2860; x_wconf 82' lang='lat' dir='ltr'><strong>fuit:</strong></span> <span class='ocrx_word' id='word_1_632' title='bbox 3781 2796 3852 2860; x_wconf 91' lang='lat' dir='ltr'><strong>in</strong></span> <span class='ocrx_word' id='word_1_633' title='bbox 3888 2815 4016 2879; x_wconf 93' lang='lat' dir='ltr'><strong>quo</strong></span> <span class='ocrx_word' id='word_1_634' title='bbox 4057 2796 4256 2860; x_wconf 87' lang='lat' dir='ltr'><strong>etiam</strong></span> <span class='ocrx_word' id='word_1_635' title='bbox 4291 2807 4598 2880; x_wconf 85' lang='lat' dir='ltr'><strong>parentes</strong></span> 
     </span>
     <span class='ocr_line' id='line_1_89' title="bbox 2649 2878 4598 2966; baseline 0.002 -22"><span class='ocrx_word' id='word_1_636' title='bbox 2649 2899 2769 2964; x_wconf 85' lang='lat' dir='ltr'><strong>pro</strong></span> <span class='ocrx_word' id='word_1_637' title='bbox 2814 2878 3073 2945; x_wconf 86' lang='lat' dir='ltr'><strong>tenellis</strong></span> <span class='ocrx_word' id='word_1_638' title='bbox 3114 2880 3338 2945; x_wconf 91' lang='lat' dir='ltr'><strong>liberis</strong></span> <span class='ocrx_word' id='word_1_639' title='bbox 3355 2931 3370 2956; x_wconf 91' lang='lat'><strong>,</strong></span> <span class='ocrx_word' id='word_1_640' title='bbox 3432 2893 3498 2945; x_wconf 92' lang='lat' dir='ltr'><strong>et</strong></span> <span class='ocrx_word' id='word_1_641' title='bbox 3552 2881 3790 2946; x_wconf 63' lang='lat' dir='ltr'><strong>tratres</strong></span> <span class='ocrx_word' id='word_1_642' title='bbox 3847 2891 4006 2947; x_wconf 90' lang='lat' dir='ltr'><strong>natu</strong></span> <span class='ocrx_word' id='word_1_643' title='bbox 4229 2880 4444 2947; x_wconf 89' lang='lat' dir='ltr'><strong>diores</strong></span> <span class='ocrx_word' id='word_1_644' title='bbox 4487 2903 4598 2966; x_wconf 90' lang='lat' dir='ltr'><strong>pro</strong></span> 
     </span>
     <span class='ocr_line' id='line_1_90' title="bbox 2650 2964 4596 3050; baseline 0.002 -19"><span class='ocrx_word' id='word_1_645' title='bbox 2650 2964 2944 3031; x_wconf 89' lang='lat' dir='ltr'><strong>nondum</strong></span> <span class='ocrx_word' id='word_1_646' title='bbox 3001 2964 3242 3035; x_wconf 80' lang='lat' dir='ltr'><strong>adultis</strong></span> <span class='ocrx_word' id='word_1_647' title='bbox 3284 2989 3316 3032; x_wconf 91' lang='lat' dir='ltr'><strong>s</strong></span> <span class='ocrx_word' id='word_1_648' title='bbox 3399 2965 3706 3032; x_wconf 88' lang='lat' dir='ltr'><strong>ndebant.</strong></span> <span class='ocrx_word' id='word_1_649' title='bbox 3794 2967 4028 3035; x_wconf 86' lang='lat' dir='ltr'><strong>Eiusm</strong></span> <span class='ocrx_word' id='word_1_650' title='bbox 4118 2967 4131 2982; x_wconf 85' lang='lat'><strong><em>&#39;</em></strong></span> <span class='ocrx_word' id='word_1_651' title='bbox 4194 2968 4596 3050; x_wconf 86' lang='lat' dir='ltr'><strong>iuramentis,</strong></span> 
     </span>
     <span class='ocr_line' id='line_1_91' title="bbox 2650 3050 4596 3138; baseline 0.002 -20"><span class='ocrx_word' id='word_1_652' title='bbox 2650 3054 2883 3137; x_wconf 90' lang='lat' dir='ltr'><strong>quibus</strong></span> <span class='ocrx_word' id='word_1_653' title='bbox 2937 3050 3022 3116; x_wconf 89' lang='lat' dir='ltr'><strong>ad</strong></span> <span class='ocrx_word' id='word_1_654' title='bbox 3077 3073 3314 3118; x_wconf 87' lang='lat' dir='ltr'><strong>servan</strong></span> <span class='ocrx_word' id='word_1_655' title='bbox 3401 3075 3468 3117; x_wconf 92' lang='lat' dir='ltr'><strong>m</strong></span> <span class='ocrx_word' id='word_1_656' title='bbox 3510 3051 3638 3118; x_wconf 92' lang='lat' dir='ltr'><strong>Dei</strong></span> <span class='ocrx_word' id='word_1_657' title='bbox 3693 3054 3906 3138; x_wconf 86' lang='lat' dir='ltr'><strong>legem</strong></span> <span class='ocrx_word' id='word_1_658' title='bbox 3963 3054 4263 3119; x_wconf 90' lang='lat' dir='ltr'><strong>homines</strong></span> <span class='ocrx_word' id='word_1_659' title='bbox 4317 3055 4596 3123; x_wconf 87' lang='lat' dir='ltr'><strong>obstrin-</strong></span> 
     </span>
     <span class='ocr_line' id='line_1_92' title="bbox 2650 3138 4594 3223; baseline 0.002 -19"><span class='ocrx_word' id='word_1_660' title='bbox 2650 3138 3007 3223; x_wconf 86' lang='lat' dir='ltr'><strong>gebantur,</strong></span> <span class='ocrx_word' id='word_1_661' title='bbox 3062 3138 3424 3222; x_wconf 81' lang='lat' dir='ltr'><strong>praefuisse</strong></span> <span class='ocrx_word' id='word_1_662' title='bbox 3465 3138 3828 3204; x_wconf 90' lang='lat' dir='ltr'><strong>Dominum</strong></span> <span class='ocrx_word' id='word_1_663' title='bbox 3845 3192 3860 3217; x_wconf 89' lang='lat'><strong>,</strong></span> <span class='ocrx_word' id='word_1_664' title='bbox 3917 3140 4248 3223; x_wconf 90' lang='lat' dir='ltr'><strong>scriptura</strong></span> <span class='ocrx_word' id='word_1_665' title='bbox 4300 3147 4594 3209; x_wconf 83' lang='lat' dir='ltr'><strong>testatur.</strong></span> 
     </span>
     <span class='ocr_line' id='line_1_93' title="bbox 2651 3224 4598 3307; baseline 0.002 -18"><span class='ocrx_word' id='word_1_666' title='bbox 2651 3225 2878 3307; x_wconf 91' lang='lat' dir='ltr'><strong>Neque</strong></span> <span class='ocrx_word' id='word_1_667' title='bbox 2922 3225 3184 3302; x_wconf 88' lang='lat' dir='ltr'><strong>mirum,</strong></span> <span class='ocrx_word' id='word_1_668' title='bbox 3229 3245 3431 3307; x_wconf 90' lang='lat' dir='ltr'><strong>quum</strong></span> <span class='ocrx_word' id='word_1_669' title='bbox 3477 3225 3602 3290; x_wconf 91' lang='lat' dir='ltr'><strong>sub</strong></span> <span class='ocrx_word' id='word_1_670' title='bbox 3623 3234 3889 3291; x_wconf 90' lang='lat' dir='ltr'><strong>aeterno</strong></span> <span class='ocrx_word' id='word_1_671' title='bbox 3932 3225 4050 3290; x_wconf 92' lang='lat' dir='ltr'><strong>illo</strong></span> <span class='ocrx_word' id='word_1_672' title='bbox 4093 3224 4352 3293; x_wconf 84' lang='lat' dir='ltr'><strong>foedere</strong></span> <span class='ocrx_word' id='word_1_673' title='bbox 4395 3228 4598 3293; x_wconf 83' lang='lat' dir='ltr'><strong>conti-</strong></span> 
     </span>
     <span class='ocr_line' id='line_1_94' title="bbox 2651 3309 4597 3397; baseline 0.002 -21"><span class='ocrx_word' id='word_1_674' title='bbox 2651 3316 2971 3377; x_wconf 90' lang='lat' dir='ltr'><strong>nerentur</strong></span> <span class='ocrx_word' id='word_1_675' title='bbox 2985 3360 3001 3388; x_wconf 93' lang='lat'><strong>,</strong></span> <span class='ocrx_word' id='word_1_676' title='bbox 3049 3309 3223 3394; x_wconf 90' lang='lat' dir='ltr'><strong>quod</strong></span> <span class='ocrx_word' id='word_1_677' title='bbox 3264 3310 3496 3388; x_wconf 88' lang='lat' dir='ltr'><strong>semel,</strong></span> <span class='ocrx_word' id='word_1_678' title='bbox 3542 3312 3682 3394; x_wconf 86' lang='lat' dir='ltr'><strong>ipso</strong></span> <span class='ocrx_word' id='word_1_679' title='bbox 3724 3310 4023 3394; x_wconf 89' lang='lat' dir='ltr'><strong>praeside</strong></span> <span class='ocrx_word' id='word_1_680' title='bbox 4037 3362 4054 3390; x_wconf 91' lang='lat'><strong>,</strong></span> <span class='ocrx_word' id='word_1_681' title='bbox 4100 3313 4364 3395; x_wconf 85' lang='lat' dir='ltr'><strong>auspice</strong></span> <span class='ocrx_word' id='word_1_682' title='bbox 4408 3322 4597 3397; x_wconf 75' lang='lat' dir='ltr'><strong>atque</strong></span> 
     </span>
     <span class='ocr_line' id='line_1_95' title="bbox 2652 3397 4597 3481; baseline 0.001 -18"><span class='ocrx_word' id='word_1_683' title='bbox 2652 3407 2908 3474; x_wconf 88' lang='lat' dir='ltr'><strong>autore,</strong></span> <span class='ocrx_word' id='word_1_684' title='bbox 2969 3397 3190 3460; x_wconf 85' lang='lat' dir='ltr'><strong>statim</strong></span> <span class='ocrx_word' id='word_1_685' title='bbox 3243 3406 3391 3479; x_wconf 88' lang='lat' dir='ltr'><strong>post</strong></span> <span class='ocrx_word' id='word_1_686' title='bbox 3447 3397 3659 3481; x_wconf 88' lang='lat' dir='ltr'><strong>legem</strong></span> <span class='ocrx_word' id='word_1_687' title='bbox 3702 3418 3892 3480; x_wconf 89' lang='lat' dir='ltr'><strong>prom</strong></span> <span class='ocrx_word' id='word_1_688' title='bbox 4199 3448 4217 3477; x_wconf 90' lang='lat'><strong>,</strong></span> <span class='ocrx_word' id='word_1_689' title='bbox 4276 3399 4597 3466; x_wconf 80' lang='lat' dir='ltr'><strong>sancitum</strong></span> 
     </span>
     <span class='ocr_line' id='line_1_96' title="bbox 2648 3478 4593 3567; baseline 0.002 -19"><span class='ocrx_word' id='word_1_690' title='bbox 2648 3483 2878 3548; x_wconf 84' lang='lat' dir='ltr'><strong>fuerat.</strong></span> <span class='ocrx_word' id='word_1_691' title='bbox 2970 3480 3141 3547; x_wconf 80' lang='lat' dir='ltr'><strong>Cum</strong></span> <span class='ocrx_word' id='word_1_692' title='bbox 3195 3489 3291 3547; x_wconf 87' lang='lat' dir='ltr'><strong>tot</strong></span> <span class='ocrx_word' id='word_1_693' title='bbox 3347 3502 3504 3566; x_wconf 87' lang='lat' dir='ltr'><strong>ergo</strong></span> <span class='ocrx_word' id='word_1_694' title='bbox 3571 3482 3883 3549; x_wconf 87' lang='lat' dir='ltr'><strong>ecclesiae</strong></span> <span class='ocrx_word' id='word_1_695' title='bbox 3949 3478 4347 3567; x_wconf 76' lang='lat' dir='ltr'><strong>primorib‘us</strong></span> <span class='ocrx_word' id='word_1_696' title='bbox 4364 3535 4381 3565; x_wconf 91' lang='lat'><strong>,</strong></span> <span class='ocrx_word' id='word_1_697' title='bbox 4447 3505 4593 3552; x_wconf 87' lang='lat' dir='ltr'><strong>cum</strong></span> 
     </span>
     <span class='ocr_line' id='line_1_97' title="bbox 2646 3567 4592 3656; baseline 0.001 -23"><span class='ocrx_word' id='word_1_698' title='bbox 2646 3569 2942 3652; x_wconf 89' lang='lat' dir='ltr'><strong>principe</strong></span> <span class='ocrx_word' id='word_1_699' title='bbox 2985 3568 3278 3633; x_wconf 91' lang='lat' dir='ltr'><strong>omnium</strong></span> <span class='ocrx_word' id='word_1_700' title='bbox 3321 3567 3795 3651; x_wconf 90' lang='lat' dir='ltr'><strong>prophetarum</strong></span> <span class='ocrx_word' id='word_1_701' title='bbox 3838 3568 4044 3648; x_wconf 81' lang='lat' dir='ltr'><strong>Mose,</strong></span> <span class='ocrx_word' id='word_1_702' title='bbox 4090 3590 4242 3635; x_wconf 91' lang='lat' dir='ltr'><strong>cum</strong></span> <span class='ocrx_word' id='word_1_703' title='bbox 4275 3567 4425 3635; x_wconf 89' lang='lat' dir='ltr'><strong>Deo</strong></span> <span class='ocrx_word' id='word_1_704' title='bbox 4459 3572 4592 3656; x_wconf 89' lang='lat' dir='ltr'><strong>ipso</strong></span> 
     </span>
     <span class='ocr_line' id='line_1_98' title="bbox 2648 3652 4592 3737; baseline 0.002 -18"><span class='ocrx_word' id='word_1_705' title='bbox 2648 3653 2822 3720; x_wconf 89' lang='lat' dir='ltr'><strong>disce</strong></span> <span class='ocrx_word' id='word_1_706' title='bbox 2869 3662 3030 3731; x_wconf 90' lang='lat' dir='ltr'><strong>tent,</strong></span> <span class='ocrx_word' id='word_1_707' title='bbox 3075 3654 3188 3737; x_wconf 90' lang='lat' dir='ltr'><strong>qui</strong></span> <span class='ocrx_word' id='word_1_708' title='bbox 3231 3652 3434 3718; x_wconf 90' lang='lat' dir='ltr'><strong>talem</strong></span> <span class='ocrx_word' id='word_1_709' title='bbox 3466 3654 3915 3737; x_wconf 87' lang='lat' dir='ltr'><strong>promissionis</strong></span> <span class='ocrx_word' id='word_1_710' title='bbox 3945 3654 4224 3721; x_wconf 86' lang='lat' dir='ltr'><strong>formam</strong></span> <span class='ocrx_word' id='word_1_711' title='bbox 4256 3654 4592 3723; x_wconf 82' lang='lat' dir='ltr'><strong>licentiosa</strong></span> 
     </span>
     <span class='ocr_line' id='line_1_99' title="bbox 2647 3675 4591 3824; baseline 0.002 -19"><span class='ocrx_word' id='word_1_712' title='bbox 2647 3675 3104 3805; x_wconf 54' lang='lat' dir='ltr'><strong>maledicentia</strong></span> <span class='ocrx_word' id='word_1_713' title='bbox 3135 3739 3446 3805; x_wconf 86' lang='lat' dir='ltr'><strong>insectari</strong></span> <span class='ocrx_word' id='word_1_714' title='bbox 3480 3739 3605 3806; x_wconf 91' lang='lat' dir='ltr'><strong>sibi</strong></span> <span class='ocrx_word' id='word_1_715' title='bbox 3638 3741 4045 3823; x_wconf 86' lang='lat' dir='ltr'><strong>permittunt.</strong></span> <span class='ocrx_word' id='word_1_716' title='bbox 4114 3738 4252 3807; x_wconf 81' lang='lat' dir='ltr'><strong>Sed</strong></span> <span class='ocrx_word' id='word_1_717' title='bbox 4287 3762 4418 3824; x_wconf 91' lang='lat' dir='ltr'><strong>quo</strong></span> <span class='ocrx_word' id='word_1_718' title='bbox 4455 3744 4591 3809; x_wconf 86' lang='lat' dir='ltr'><strong>iure</strong></span> 
     </span>
     <span class='ocr_line' id='line_1_100' title="bbox 2647 3824 4589 3912; baseline 0.003 -24"><span class='ocrx_word' id='word_1_719' title='bbox 2647 3824 2975 3891; x_wconf 90' lang='lat' dir='ltr'><strong>Dominus</strong></span> <span class='ocrx_word' id='word_1_720' title='bbox 3017 3825 3088 3888; x_wconf 92' lang='lat' dir='ltr'><strong>in</strong></span> <span class='ocrx_word' id='word_1_721' title='bbox 3131 3824 3469 3907; x_wconf 90' lang='lat' dir='ltr'><strong>peierandi</strong></span> <span class='ocrx_word' id='word_1_722' title='bbox 3523 3825 3822 3891; x_wconf 82' lang='lat' dir='ltr'><strong>fraudem</strong></span> <span class='ocrx_word' id='word_1_723' title='bbox 3880 3847 4032 3892; x_wconf 91' lang='lat' dir='ltr'><strong>suos</strong></span> <span class='ocrx_word' id='word_1_724' title='bbox 4075 3825 4415 3893; x_wconf 82' lang='lat' dir='ltr'><strong>induxisse</strong></span> <span class='ocrx_word' id='word_1_725' title='bbox 4473 3849 4589 3912; x_wconf 89' lang='lat' dir='ltr'><strong>pu-</strong></span> 
     </span>
     <span class='ocr_line' id='line_1_101' title="bbox 2647 3909 4591 3996; baseline 0.002 -20"><span class='ocrx_word' id='word_1_726' title='bbox 2647 3912 2911 3989; x_wconf 88' lang='lat' dir='ltr'><strong>tabitur,</strong></span> <span class='ocrx_word' id='word_1_727' title='bbox 2950 3910 3064 3993; x_wconf 89' lang='lat' dir='ltr'><strong>qui</strong></span> <span class='ocrx_word' id='word_1_728' title='bbox 3098 3909 3264 3994; x_wconf 89' lang='lat' dir='ltr'><strong>legis</strong></span> <span class='ocrx_word' id='word_1_729' title='bbox 3300 3931 3456 3977; x_wconf 89' lang='lat' dir='ltr'><strong>suae</strong></span> <span class='ocrx_word' id='word_1_730' title='bbox 3491 3912 4012 3978; x_wconf 87' lang='lat' dir='ltr'><strong>observationem</strong></span> <span class='ocrx_word' id='word_1_731' title='bbox 4045 3910 4437 3996; x_wconf 86' lang='lat' dir='ltr'><strong>stipulando,</strong></span> <span class='ocrx_word' id='word_1_732' title='bbox 4472 3915 4591 3979; x_wconf 90' lang='lat' dir='ltr'><strong>mi·</strong></span> 
     </span>
     <span class='ocr_line' id='line_1_102' title="bbox 2648 3995 4588 4082; baseline 0.002 -20"><span class='ocrx_word' id='word_1_733' title='bbox 2648 3995 3068 4062; x_wconf 90' lang='lat' dir='ltr'><strong>sericordiam</strong></span> <span class='ocrx_word' id='word_1_734' title='bbox 3113 3997 3403 4062; x_wconf 87' lang='lat' dir='ltr'><strong>vicissim</strong></span> <span class='ocrx_word' id='word_1_735' title='bbox 3445 4004 3513 4062; x_wconf 90' lang='lat' dir='ltr'><strong>et</strong></span> <span class='ocrx_word' id='word_1_736' title='bbox 3553 4006 3968 4080; x_wconf 84' lang='lat' dir='ltr'><strong>peccatorum</strong></span> <span class='ocrx_word' id='word_1_737' title='bbox 4010 3999 4271 4064; x_wconf 86' lang='lat' dir='ltr'><strong>veniam</strong></span> <span class='ocrx_word' id='word_1_738' title='bbox 4324 4000 4588 4082; x_wconf 88' lang='lat' dir='ltr'><strong>promit-</strong></span> 
     </span>
     <span class='ocr_line' id='line_1_103' title="bbox 2647 4081 4587 4168; baseline 0.001 -20"><span class='ocrx_word' id='word_1_739' title='bbox 2647 4081 2871 4148; x_wconf 78' lang='lat' dir='ltr'><strong>tebat?</strong></span> <span class='ocrx_word' id='word_1_740' title='bbox 2963 4081 3104 4147; x_wconf 84' lang='lat' dir='ltr'><strong>Cur</strong></span> <span class='ocrx_word' id='word_1_741' title='bbox 3158 4082 3428 4164; x_wconf 88' lang='lat' dir='ltr'><strong>periurii</strong></span> <span class='ocrx_word' id='word_1_742' title='bbox 3480 4083 3761 4168; x_wconf 89' lang='lat' dir='ltr'><strong>populus</strong></span> <span class='ocrx_word' id='word_1_743' title='bbox 3816 4091 4130 4168; x_wconf 85' lang='lat' dir='ltr'><strong>arguetur</strong></span> <span class='ocrx_word' id='word_1_744' title='bbox 4181 4084 4291 4168; x_wconf 89' lang='lat' dir='ltr'><strong>qui</strong></span> <span class='ocrx_word' id='word_1_745' title='bbox 4356 4106 4428 4152; x_wconf 92' lang='lat' dir='ltr'><strong>se</strong></span> <span class='ocrx_word' id='word_1_746' title='bbox 4482 4083 4587 4150; x_wconf 86' lang='lat' dir='ltr'><strong>ob-</strong></span> 
     </span>
     <span class='ocr_line' id='line_1_104' title="bbox 2648 4165 4587 4255; baseline 0.001 -20"><span class='ocrx_word' id='word_1_747' title='bbox 2648 4165 3049 4253; x_wconf 89' lang='lat' dir='ltr'><strong>stringendo,</strong></span> <span class='ocrx_word' id='word_1_748' title='bbox 3096 4170 3377 4251; x_wconf 82' lang='lat' dir='ltr'><strong>gratiam</strong></span> <span class='ocrx_word' id='word_1_749' title='bbox 3411 4169 3538 4235; x_wconf 89' lang='lat' dir='ltr'><strong>sibi</strong></span> <span class='ocrx_word' id='word_1_750' title='bbox 3579 4169 3864 4236; x_wconf 86' lang='lat' dir='ltr'><strong>oblatam</strong></span> <span class='ocrx_word' id='word_1_751' title='bbox 3905 4169 4104 4235; x_wconf 89' lang='lat' dir='ltr'><strong>simul</strong></span> <span class='ocrx_word' id='word_1_752' title='bbox 4146 4169 4587 4255; x_wconf 87' lang='lat' dir='ltr'><strong>apprehende-</strong></span> 
     </span>
     <span class='ocr_line' id='line_1_105' title="bbox 2646 4251 4587 4340; baseline 0.002 -21"><span class='ocrx_word' id='word_1_753' title='bbox 2646 4254 2799 4320; x_wconf 83' lang='lat' dir='ltr'><strong>bat?</strong></span> <span class='ocrx_word' id='word_1_754' title='bbox 2869 4251 3062 4334; x_wconf 79' lang='lat' dir='ltr'><strong>Quod</strong></span> <span class='ocrx_word' id='word_1_755' title='bbox 3108 4254 3165 4318; x_wconf 93' lang='lat' dir='ltr'><strong>si</strong></span> <span class='ocrx_word' id='word_1_756' title='bbox 3208 4262 3431 4320; x_wconf 89' lang='lat' dir='ltr'><strong>tamen</strong></span> <span class='ocrx_word' id='word_1_757' title='bbox 3471 4254 3660 4335; x_wconf 89' lang='lat' dir='ltr'><strong>hanc,</strong></span> <span class='ocrx_word' id='word_1_758' title='bbox 3705 4275 3903 4338; x_wconf 88' lang='lat' dir='ltr'><strong>quam</strong></span> <span class='ocrx_word' id='word_1_759' title='bbox 3944 4256 4450 4340; x_wconf 85' lang='lat' dir='ltr'><strong>conscripsimus</strong></span> <span class='ocrx_word' id='word_1_760' title='bbox 4489 4276 4587 4323; x_wconf 76' lang='lat' dir='ltr'><strong>sa-</strong></span> 
     </span>
     <span class='ocr_line' id='line_1_106' title="bbox 2648 4338 4586 4426; baseline 0.001 -20"><span class='ocrx_word' id='word_1_761' title='bbox 2648 4340 2967 4407; x_wconf 91' lang='lat' dir='ltr'><strong>cramenti</strong></span> <span class='ocrx_word' id='word_1_762' title='bbox 3009 4338 3386 4419; x_wconf 84' lang='lat' dir='ltr'><strong>formulam,</strong></span> <span class='ocrx_word' id='word_1_763' title='bbox 3442 4361 3593 4407; x_wconf 90' lang='lat' dir='ltr'><strong>cum</strong></span> <span class='ocrx_word' id='word_1_764' title='bbox 3634 4339 3752 4407; x_wconf 78' lang='lat' dir='ltr'><strong>illa</strong></span> <span class='ocrx_word' id='word_1_765' title='bbox 3803 4341 4086 4408; x_wconf 88' lang='lat' dir='ltr'><strong>mosaica</strong></span> <span class='ocrx_word' id='word_1_766' title='bbox 4129 4344 4586 4426; x_wconf 85' lang='lat' dir='ltr'><strong>compararint.</strong></span> 
     </span>
     <span class='ocr_line' id='line_1_107' title="bbox 2649 4425 4584 4513; baseline 0.001 -21"><span class='ocrx_word' id='word_1_767' title='bbox 2649 4435 2747 4492; x_wconf 91' lang='lat' dir='ltr'><strong>tot</strong></span> <span class='ocrx_word' id='word_1_768' title='bbox 2787 4426 3032 4492; x_wconf 88' lang='lat' dir='ltr'><strong>sanctis</strong></span> <span class='ocrx_word' id='word_1_769' title='bbox 3075 4425 3235 4491; x_wconf 86' lang='lat' dir='ltr'><strong>viris</strong></span> <span class='ocrx_word' id='word_1_770' title='bbox 3279 4425 3632 4504; x_wconf 84' lang='lat' dir='ltr'><strong>damnatis,</strong></span> <span class='ocrx_word' id='word_1_771' title='bbox 3689 4426 4028 4493; x_wconf 86' lang='lat' dir='ltr'><strong>absolvere</strong></span> <span class='ocrx_word' id='word_1_772' title='bbox 4081 4448 4202 4492; x_wconf 90' lang='lat' dir='ltr'><strong>nos</strong></span> <span class='ocrx_word' id='word_1_773' title='bbox 4257 4435 4584 4513; x_wconf 73' lang='lat' dir='ltr'><strong>cogentur.</strong></span> 
     </span>
     <span class='ocr_line' id='line_1_108' title="bbox 2647 4510 4584 4597; baseline 0.001 -20"><span class='ocrx_word' id='word_1_774' title='bbox 2647 4512 2711 4577; x_wconf 90' lang='lat' dir='ltr'>N</span> <span class='ocrx_word' id='word_1_775' title='bbox 2713 4532 2786 4577; x_wconf 89' lang='lat' dir='ltr'><strong>os</strong></span> <span class='ocrx_word' id='word_1_776' title='bbox 2828 4512 3007 4577; x_wconf 91' lang='lat' dir='ltr'><strong>enim</strong></span> <span class='ocrx_word' id='word_1_777' title='bbox 3052 4532 3278 4577; x_wconf 90' lang='lat' dir='ltr'><strong>sumus</strong></span> <span class='ocrx_word' id='word_1_778' title='bbox 3322 4511 3724 4578; x_wconf 85' lang='lat' dir='ltr'><strong>internuncii</strong></span> <span class='ocrx_word' id='word_1_779' title='bbox 3777 4510 4085 4592; x_wconf 84' lang='lat' dir='ltr'><strong>foederis,</strong></span> <span class='ocrx_word' id='word_1_780' title='bbox 4143 4512 4320 4597; x_wconf 92' lang='lat' dir='ltr'><strong>quod</strong></span> <span class='ocrx_word' id='word_1_781' title='bbox 4362 4514 4584 4579; x_wconf 84' lang='lat' dir='ltr'><strong>Domi·</strong></span> 
     </span>
     <span class='ocr_line' id='line_1_109' title="bbox 2649 4596 4581 4684; baseline 0.001 -21"><span class='ocrx_word' id='word_1_782' title='bbox 2649 4620 2777 4665; x_wconf 90' lang='lat' dir='ltr'><strong>nus</strong></span> <span class='ocrx_word' id='word_1_783' title='bbox 2831 4596 2984 4662; x_wconf 90' lang='lat' dir='ltr'><strong>dum</strong></span> <span class='ocrx_word' id='word_1_784' title='bbox 3042 4617 3161 4680; x_wconf 89' lang='lat' dir='ltr'><strong>per</strong></span> <span class='ocrx_word' id='word_1_785' title='bbox 3200 4597 3550 4662; x_wconf 86' lang='lat' dir='ltr'><strong>Ieremiam</strong></span> <span class='ocrx_word' id='word_1_786' title='bbox 3592 4597 3938 4681; x_wconf 88' lang='lat' dir='ltr'><strong>pollicetur</strong></span> <span class='ocrx_word' id='word_1_787' title='bbox 3994 4598 4151 4683; x_wconf 91' lang='lat' dir='ltr'><strong>(Ier.</strong></span> <span class='ocrx_word' id='word_1_788' title='bbox 4193 4601 4295 4678; x_wconf 87' lang='lat'><strong>31,</strong></span> <span class='ocrx_word' id='word_1_789' title='bbox 4338 4602 4414 4663; x_wconf 84' lang='lat'><strong>31</strong></span> <span class='ocrx_word' id='word_1_790' title='bbox 4453 4600 4581 4684; x_wconf 74' lang='lat' dir='ltr'><strong>sa),</strong></span> 
     </span>
     <span class='ocr_line' id='line_1_110' title="bbox 2646 4681 4582 4768; baseline 0.001 -19"><span class='ocrx_word' id='word_1_791' title='bbox 2646 4682 3022 4751; x_wconf 86' lang='lat' dir='ltr'><strong>inviolabile</strong></span> <span class='ocrx_word' id='word_1_792' title='bbox 3074 4682 3211 4749; x_wconf 87' lang='lat' dir='ltr'><strong>fore</strong></span> <span class='ocrx_word' id='word_1_793' title='bbox 3267 4684 3678 4767; x_wconf 87' lang='lat' dir='ltr'><strong>pronunciat.</strong></span> <span class='ocrx_word' id='word_1_794' title='bbox 3768 4681 4109 4768; x_wconf 80' lang='lat' dir='ltr'><strong>Siquidem</strong></span> <span class='ocrx_word' id='word_1_795' title='bbox 4165 4683 4353 4750; x_wconf 93' lang='lat' dir='ltr'><strong>nobis</strong></span> <span class='ocrx_word' id='word_1_796' title='bbox 4405 4705 4582 4751; x_wconf 81' lang='lat' dir='ltr'><strong>man-</strong></span> 
     </span>
     <span class='ocr_line' id='line_1_111' title="bbox 2650 4768 4580 4854; baseline 0 -19"><span class='ocrx_word' id='word_1_797' title='bbox 2650 4769 2878 4835; x_wconf 85' lang='lat' dir='ltr'><strong>datum</strong></span> <span class='ocrx_word' id='word_1_798' title='bbox 2934 4776 3034 4835; x_wconf 91' lang='lat' dir='ltr'><strong>est</strong></span> <span class='ocrx_word' id='word_1_799' title='bbox 3088 4768 3362 4834; x_wconf 85' lang='lat' dir='ltr'><strong>verbum</strong></span> <span class='ocrx_word' id='word_1_800' title='bbox 3418 4768 3962 4841; x_wconf 85' lang='lat' dir='ltr'><strong>reconciliationis</strong></span> <span class='ocrx_word' id='word_1_801' title='bbox 4017 4770 4087 4854; x_wconf 87' lang='lat'><strong>(2</strong></span> <span class='ocrx_word' id='word_1_802' title='bbox 4135 4768 4285 4836; x_wconf 87' lang='lat' dir='ltr'><strong>Oor.</strong></span> <span class='ocrx_word' id='word_1_803' title='bbox 4339 4777 4408 4851; x_wconf 86' lang='lat'><strong>5,</strong></span> <span class='ocrx_word' id='word_1_804' title='bbox 4463 4772 4580 4849; x_wconf 85' lang='lat'><strong>19),</strong></span> 
     </span>
     <span class='ocr_line' id='line_1_112' title="bbox 2649 4852 4583 4939; baseline -0.001 -16"><span class='ocrx_word' id='word_1_805' title='bbox 2649 4856 2837 4923; x_wconf 89' lang='lat' dir='ltr'><strong>cuius</strong></span> <span class='ocrx_word' id='word_1_806' title='bbox 2882 4876 3141 4920; x_wconf 89' lang='lat' dir='ltr'><strong>summa</strong></span> <span class='ocrx_word' id='word_1_807' title='bbox 3181 4861 3309 4920; x_wconf 88' lang='lat' dir='ltr'><strong>est:</strong></span> <span class='ocrx_word' id='word_1_808' title='bbox 3357 4852 3721 4934; x_wconf 80' lang='lat' dir='ltr'><strong>Christum,</strong></span> <span class='ocrx_word' id='word_1_809' title='bbox 3766 4856 3882 4939; x_wconf 91' lang='lat' dir='ltr'><strong>qui</strong></span> <span class='ocrx_word' id='word_1_810' title='bbox 3923 4863 4268 4939; x_wconf 85' lang='lat' dir='ltr'><strong>peccatmn</strong></span> <span class='ocrx_word' id='word_1_811' title='bbox 4298 4877 4433 4923; x_wconf 92' lang='lat' dir='ltr'><strong>non</strong></span> <span class='ocrx_word' id='word_1_812' title='bbox 4473 4877 4583 4921; x_wconf 87' lang='lat' dir='ltr'><strong>no-</strong></span> 
     </span>
     <span class='ocr_line' id='line_1_113' title="bbox 2650 4939 4287 5025; baseline -0.001 -17"><span class='ocrx_word' id='word_1_813' title='bbox 2650 4948 2864 5022; x_wconf 83' lang='lat' dir='ltr'><strong>verat,</strong></span> <span class='ocrx_word' id='word_1_814' title='bbox 2924 4961 3044 5024; x_wconf 90' lang='lat' dir='ltr'><strong>pro</strong></span> <span class='ocrx_word' id='word_1_815' title='bbox 3097 4939 3286 5005; x_wconf 91' lang='lat' dir='ltr'><strong>nobis</strong></span> <span class='ocrx_word' id='word_1_816' title='bbox 3337 4940 3588 5023; x_wconf 87' lang='lat' dir='ltr'><strong>peccati</strong></span> <span class='ocrx_word' id='word_1_817' title='bbox 3639 4941 4099 5025; x_wconf 87' lang='lat' dir='ltr'><strong>purgationem</strong></span> <span class='ocrx_word' id='word_1_818' title='bbox 4141 4961 4287 5009; x_wconf 87' lang='lat' dir='ltr'><strong>esse</strong></span> 
     </span>
    </p>

    <p class='ocr_par' dir='ltr' id='par_1_9' title="bbox 2649 5023 4579 5282">
     <span class='ocr_line' id='line_1_114' title="bbox 2649 5023 4579 5113; baseline 0.001 -20"><span class='ocrx_word' id='word_1_819' title='bbox 2649 5034 2727 5093; x_wconf 92' lang='lat' dir='ltr'><strong>ut</strong></span> <span class='ocrx_word' id='word_1_820' title='bbox 2768 5026 3018 5093; x_wconf 87' lang='lat' dir='ltr'><strong>iustitia</strong></span> <span class='ocrx_word' id='word_1_821' title='bbox 3058 5023 3187 5091; x_wconf 90' lang='lat' dir='ltr'><strong>Dei</strong></span> <span class='ocrx_word' id='word_1_822' title='bbox 3216 5026 3296 5097; x_wconf 28' lang='lat' dir='ltr'><strong>,in</strong></span> <span class='ocrx_word' id='word_1_823' title='bbox 3339 5025 3451 5091; x_wconf 93' lang='lat' dir='ltr'><strong>illo</strong></span> <span class='ocrx_word' id='word_1_824' title='bbox 3495 5026 3720 5095; x_wconf 88' lang='lat' dir='ltr'><strong>simus.</strong></span> <span class='ocrx_word' id='word_1_825' title='bbox 3805 5026 3937 5094; x_wconf 90' lang='lat' dir='ltr'><strong>Hic</strong></span> <span class='ocrx_word' id='word_1_826' title='bbox 3991 5047 4128 5093; x_wconf 93' lang='lat' dir='ltr'><strong>non</strong></span> <span class='ocrx_word' id='word_1_827' title='bbox 4177 5027 4468 5113; x_wconf 78' lang='lat' dir='ltr'><strong>exigitur</strong></span> <span class='ocrx_word' id='word_1_828' title='bbox 4505 5026 4579 5095; x_wconf 77' lang='lat' dir='ltr'><strong>ab</strong></span> 
     </span>
     <span class='ocr_line' id='line_1_115' title="bbox 2651 5110 4578 5196; baseline 0.002 -18"><span class='ocrx_word' id='word_1_829' title='bbox 2651 5110 3057 5188; x_wconf 89' lang='lat' dir='ltr'><strong>hominibus,</strong></span> <span class='ocrx_word' id='word_1_830' title='bbox 3117 5119 3193 5176; x_wconf 90' lang='lat' dir='ltr'><strong>ut</strong></span> <span class='ocrx_word' id='word_1_831' title='bbox 3233 5110 3398 5196; x_wconf 88' lang='lat' dir='ltr'><strong>legis</strong></span> <span class='ocrx_word' id='word_1_832' title='bbox 3453 5112 3774 5179; x_wconf 84' lang='lat' dir='ltr'><strong>iustitiam</strong></span> <span class='ocrx_word' id='word_1_833' title='bbox 3832 5120 4314 5180; x_wconf 88' lang='lat' dir='ltr'><strong>consectentur:</strong></span> <span class='ocrx_word' id='word_1_834' title='bbox 4364 5134 4578 5181; x_wconf 85' lang='lat' dir='ltr'><strong>verum</strong></span> 
     </span>
     <span class='ocr_line' id='line_1_116' title="bbox 2649 5197 4576 5282; baseline 0.001 -19"><span class='ocrx_word' id='word_1_835' title='bbox 2649 5207 2726 5263; x_wconf 89' lang='lat' dir='ltr'><strong>ut</strong></span> <span class='ocrx_word' id='word_1_836' title='bbox 2765 5197 3034 5282; x_wconf 85' lang='lat' dir='ltr'><strong>propria</strong></span> <span class='ocrx_word' id='word_1_837' title='bbox 3073 5197 3324 5263; x_wconf 86' lang='lat' dir='ltr'><strong>iustitia</strong></span> <span class='ocrx_word' id='word_1_838' title='bbox 3365 5197 3684 5279; x_wconf 83' lang='lat' dir='ltr'><strong>destituti,</strong></span> <span class='ocrx_word' id='word_1_839' title='bbox 3730 5198 3984 5265; x_wconf 79' lang='lat' dir='ltr'><strong>Christi</strong></span> <span class='ocrx_word' id='word_1_840' title='bbox 4022 5199 4279 5267; x_wconf 85' lang='lat' dir='ltr'><strong>iustitia</strong></span> <span class='ocrx_word' id='word_1_841' title='bbox 4312 5198 4576 5267; x_wconf 77' lang='lat' dir='ltr'><strong>indum·</strong></span> 
     </span>
    </p>
   </div>
   <div class='ocr_carea' id='block_1_9' title="bbox 4887 5 4905 2834">
    <p class='ocr_par' dir='ltr' id='par_1_10' title="bbox 4887 5 4905 2834">
     <span class='ocr_line' id='line_1_117' title="bbox 4887 5 4905 2834; baseline 0 0"><span class='ocrx_word' id='word_1_842' title='bbox 4887 5 4905 2834; x_wconf 95' lang='lat' dir='ltr'><strong> </strong></span> 
     </span>
    </p>
   </div>
  </div>
 </body>
</html>
