4984 5975
460 283 614 350 ΧΠ
1471 295 1475 304 ·
1588 361 1595 368 ‚
1642 275 2188 348 maurus
2234 277 2822 348 monoelol
2864 279 3307 349 mouns.
3450 253 3459 262 ’

468 467 3953 570 bm,w1pamsumnaynoscermuauomqmmmewvwmdiraummmmndmnessefmemmr,u
4002 496 4073 541 re
4123 476 4492 558 ipsaGlm’-

464 578 1690 665 stianosseinposterumpraeberent.
1779 579 2546 663 Aliisibiindulqentes,
2599 573 4488 676 externumidolorumcultumpervicaciterexcusare,at-

470 714 589 777 que
627 694 1006 760 horrendum
1045 692 1249 757 scelus
1288 692 1475 756 vanis
1513 691 1819 758 coloribus
1858 690 2153 756 obducere
2193 711 2318 756 non
2356 693 2738 757 destiterunt.
2832 691 3241 774 Quamobrem
3281 697 3540 778 saepius
3581 696 3862 762 ineunda
3903 697 4050 764 haec
4079 717 4306 782 puqna
4342 700 4488 780 fuit,

470 805 746 887 aliisque
786 804 973 869 libris
1015 803 1467 883 ostendendum,
1512 822 1704 885 quam
1749 804 1971 869 inanes
2012 803 2317 867 eiusmodi
2359 803 2592 869 colores
2631 809 2844 869 essent.
2930 803 3246 869 Exortum
3288 812 3377 871 est
3417 808 3640 874 deinde
3683 807 3865 875 aliud
3917 810 4144 898 bellum
4186 810 4494 876 adversus

470 915 946 998 Anabaptistas,
989 934 1258 995 quorum
1296 915 1590 998 doqmata
1620 915 1821 995 prius
1857 913 2105 995 sepulta
2158 933 2392 979 rursus
2447 920 2849 980 emerserant.-
2899 917 3048 980 item
3102 916 3409 983 adversus
3459 919 3805 1000 fanaticam
3846 921 4313 988 Libminorum
4365 941 4491 988 sec-

472 1032 619 1105 tam,
661 1046 789 1108 qua
831 1026 988 1091 leves
1030 1025 1338 1108 quaedam
1375 1030 1730 1092 nostrorum
1771 1046 1847 1090 ac
1887 1025 2235 1090 vicinorum
2274 1030 2508 1091 mentes
2559 1026 2844 1108 abreptae
2898 1033 3092 1092 erant.
3181 1029 3435 1095 Horum
3486 1032 3869 1111 impietatem
3910 1052 3985 1097 ac
4026 1035 4353 1100 vesaniam
4392 1035 4489 1099 ita

353 1169 357 1174 ·
456 1138 773 1219 patefecit,
815 1142 889 1201 ut
927 1157 1121 1218 nemo,
1163 1138 1294 1202 nisi
1336 1137 1672 1203 admodum
1712 1136 1905 1217 hebes,
1946 1136 2026 1201 ab
2068 1136 2158 1202 iis
2188 1142 2410 1218 postea
2447 1137 2605 1219 falli
2634 1143 2865 1218 posset.
2957 1137 3083 1205 Sed
3135 1160 3211 1205 ne
3264 1141 3503 1225 lonqior
3544 1144 3670 1207 sim
3711 1145 4161 1226 persequendis
4212 1145 4490 1229 sinqulis

473 1267 638 1330 quae
675 1250 763 1314 ad
804 1248 1272 1331 reformandam
1312 1249 1655 1328 ecclesiam,
1710 1248 1796 1314 ad
1847 1247 2214 1313 imbuendos
2245 1249 2371 1329 pia
2410 1249 2697 1314 doctrina
2737 1250 3000 1316 rudium
3052 1252 3327 1332 animos,
3382 1255 3468 1319 ad
3509 1255 3816 1320 scandala
3870 1255 4161 1334 vitanda,
4216 1256 4301 1321 ad
4341 1256 4485 1322 tole-

466 1360 745 1425 randam
787 1380 1025 1426 crucem
1038 1410 1054 1439 ,
1112 1361 1200 1425 ad
1240 1360 1531 1426 curiosas
1571 1366 1740 1425 artes
1793 1360 2195 1438 reiiciendas,
2250 1361 2518 1441 denique
2558 1362 2645 1426 ad
2683 1362 3171 1428 conservandum
3221 1363 3547 1447 reliqionis
3599 1371 3830 1431 statum
3881 1366 3986 1433 his
4041 1366 4223 1432 libris
4275 1374 4488 1449 aperte

461 1469 852 1554 fideliterque
891 1471 1129 1552 docuit,
1179 1493 1258 1537 ex
1300 1492 1517 1536 eorum
1560 1471 1838 1550 lectione,
1881 1491 2074 1553 quam
2113 1453 2299 1536 utiles
2340 1492 2414 1536 ac
2452 1471 2764 1552 fructuosi
2804 1474 2961 1554 sint,
3013 1474 3244 1540 melius
3284 1475 3603 1560 intelliqes.
3694 1476 3828 1543 Eos
3880 1478 4133 1559 quidem
4165 1479 4486 1559 pleniores

466 1587 652 1664 atque
691 1582 1011 1649 uberiores
1064 1582 1284 1648 habere
1323 1583 1674 1665 potuisses,
1729 1585 1791 1648 si
1845 1584 2076 1648 iterum
2129 1583 2266 1662 ipse
2316 1603 2579 1647 manum
2631 1583 3047 1650 adhibuisset.-
3100 1587 3211 1652 sed
3262 1587 3480 1669 quales
3538 1588 3617 1653 ab
3668 1590 3856 1654 initio
3895 1579 4276 1671 prodierunt
4325 1612 4488 1658 nunc

466 1693 657 1758 etiam
700 1700 945 1760 exstare
988 1694 1233 1776 maluit,
1274 1714 1469 1775 quum
1509 1694 1600 1759 iis
1633 1715 1800 1776 pure
1841 1715 1915 1760 ac
1944 1695 2284 1776 perspicue
2335 1695 2551 1760 onmia
2602 1700 2954 1761 tractentur.
3046 1698 3177 1763 Nec
3229 1719 3381 1763 sane
3431 1699 3570 1764 viro
3619 1701 4026 1795 gravissimis
4075 1702 4258 1767 rebus
4315 1722 4487 1768 occu-

454 1810 612 1886 pato
651 1806 1003 1889 importuni
1039 1827 1172 1872 esse
1211 1806 1546 1884 voluimus,
1601 1811 1673 1870 ut
1711 1826 1786 1870 ea
1827 1825 2055 1869 rursus
2098 1810 2390 1876 tractaret
2430 1827 2592 1888 quae
2626 1808 2763 1871 iam
2794 1806 3159 1888 fidelissime
3213 1809 3597 1877 tradidisset.
3688 1812 3864 1876 Nam
3919 1814 4168 1878 maiora
4224 1816 4294 1878 in
4346 1814 4485 1879 dies

467 1915 548 1980 ab
590 1916 733 1999 ipso
788 1923 1231 1999 exspectamus.
1317 1917 1599 1984 Accessit
1643 1917 1832 1983 etiam
1883 1915 2049 1982 hisce
2102 1915 2319 1981 diebus
2360 1917 2664 1998 perutilis
2702 1939 2778 1984 ac
2819 1920 3214 1986 necessarius
3270 1921 3426 1986 liber
3467 1921 3571 1986 De
3611 1928 3866 1990 aeterna
3901 1925 4490 2006 praedestinatione,

467 2027 544 2092 de
585 2048 715 2110 qua
755 2030 977 2094 variae
1018 2030 1407 2111 quaestiones
1448 2035 1581 2094 tum
1618 2051 1663 2094 a
1704 2028 1945 2094 levibus
1996 2034 2055 2093 et
2104 2028 2376 2094 curiosis
2432 2029 2731 2113 inqeniis,
2785 2036 2917 2095 tum
2973 2031 3051 2096 ab
3108 2032 3388 2098 hostibus
3434 2032 3605 2098 verbi
3660 2036 3937 2119 agitatae
3987 2036 4258 2117 fuerunt.
4363 2037 4492 2102 Vix

468 2144 625 2205 certe
666 2141 881 2223 ipsum
921 2139 1030 2206 boc
1071 2146 1339 2224 tempore
1379 2140 1667 2206 editurus
1707 2146 1866 2220 erat,
1922 2141 2056 2206 nisi
2096 2141 2375 2206 insolens
2415 2141 2576 2206 male
2613 2141 2834 2224 feriati
2884 2143 3219 2208 cuiusdam
3274 2146 3516 2210 coronis
3559 2148 3885 2226 protervia
3943 2167 4081 2212 eum
4123 2149 4489 2228 pepulisset.

475 2250 2495 2319 Tantusenimeratonmiumecclesiamunconsensusinhac
2546 2254 2855 2334 docmina,
2910 2260 2983 2319 ut
3033 2257 3170 2320 eius
3224 2257 3582 2340 arqumenti
3636 2259 3920 2323 tractatio
3975 2279 4101 2324 non
4152 2259 4490 2326 admodum

467 2364 826 2429 necessaria
866 2362 1195 2430 videretur.
1288 2363 1413 2430 Sed
1453 2383 1650 2445 quum
1690 2363 1793 2428 hic
1833 2365 2136 2446 impostor
2177 2365 2509 2444 erroribus,
2553 2385 2706 2448 quos
2745 2386 2824 2430 ex
2853 2368 3114 2448 putidis
3154 2355 3414 2451 Georqui
3459 2364 3665 2434 Siculi
3706 2375 3761 2433 et
3799 2368 4022 2452 Piqhii
4055 2369 4304 2436 lacunis
4333 2370 4491 2436 bano-

467 2477 657 2552 serat,
701 2475 1020 2540 ecclesiam
1061 2481 1338 2541 nostram
1378 2474 1702 2554 turbasset,
1744 2475 1959 2540 statim
2003 2475 2253 2540 obviam
2293 2477 2570 2542 eundum
2608 2478 2762 2559 fuit,
2818 2482 3002 2560 atque
3042 2479 3201 2543 edito
3237 2479 3435 2544 unius
3475 2499 3671 2545 manu
3709 2486 3991 2545 nostrum
4034 2483 4311 2546 connium
4351 2502 4491 2547 con-

467 2605 657 2650 sensu
699 2586 1189 2667 monstrandum,
1231 2587 1388 2669 quid
1428 2587 1500 2651 in
1543 2586 1660 2651 hac
1701 2606 1771 2651 re
1797 2587 1938 2668 piis
1980 2586 2266 2652 omnibus
2305 2609 2383 2652 ex
2423 2590 2777 2671 scripturae
2825 2591 3157 2656 autoritate
3208 2591 3598 2656 sentiendum
3649 2593 3761 2657 sit:
3813 2598 3886 2657 ut
3939 2599 3996 2657 et
4048 2613 4249 2659 vanas
4300 2613 4488 2676 quae-

466 2692 700 2763 stiones
738 2698 927 2761 vitent
968 2702 1026 2761 et
1064 2702 1308 2766 aeterno
1352 2697 1481 2764 Dei
1522 2698 1787 2763 consilio
1830 2697 2110 2763 tribuant
2161 2700 2326 2780 quod
2378 2707 2746 2784 arroyantes
2786 2707 2843 2766 et
2883 2702 3035 2766 vani
3079 2701 3356 2767 hornines
3409 2702 3607 2785 impio
3630 2709 3963 2785 praetextu
4001 2704 4321 2771 detrahere
4359 2727 4487 2772 non

468 2807 857 2874 dubitarunt.
948 2806 1071 2873 Sed
1112 2810 1185 2873 in
1226 2809 1519 2874 scelerato
1561 2830 1776 2875 eorum
1830 2814 2054 2875 conatu
2104 2810 2430 2894 beni9nam
2482 2832 2634 2894 crya
2684 2833 2802 2878 nos
2844 2811 2974 2878 Dei
3019 2814 3487 2896 providentiam
3540 2835 3979 2898 aquoscamus,
4031 2838 4164 2898 qua
4211 2817 4487 2899 effectum

468 2925 564 2984 est
604 2924 676 2983 ut
714 2919 995 2984 maxime
1024 2920 1393 3003 prodessent
1429 2942 1505 2987 ea
1545 2919 1775 3005 quibus
1814 2921 1928 2987 isti
1967 2941 2036 2987 se
2076 2923 2356 2988 maxime
2410 2943 2625 2990 nocere
2666 2944 2858 3007 posse
2911 2925 3365 2991 existimarunt.
3459 2925 3635 2991 Nam
3687 2928 3967 2994 chriora
4018 2934 4077 2993 et
4130 2929 4487 2996 illustriora

465 3030 716 3097 reddita
756 3038 909 3097 sunt
949 3052 1110 3116 quae
1151 3034 1287 3100 iam
1316 3034 1578 3115 pridem
1617 3033 1851 3099 multas
1875 3034 2141 3115 piorum
2184 3036 2429 3118 alioqui
2469 3036 2795 3103 bominum
2841 3043 3079 3104 mentes
3132 3038 3602 3120 implicuerant,
3655 3021 3839 3122 atque
3891 3041 4142 3107 omnino
4193 3042 4490 3124 satisfac-

463 3148 600 3208 tum
640 3144 731 3209 iis
772 3164 1035 3231 quorum
1075 3166 1270 3211 sanae
1310 3165 1385 3212 ac
1426 3144 1673 3211 sobriae
1708 3149 1940 3211 mentes
1980 3153 2174 3213 erant.
2269 3147 2629 3215 Pervicaces
2670 3151 2839 3214 enim
2879 3169 2956 3215 ac
2995 3168 3274 3243 morosos
3315 3155 3430 3214 aut
3476 3150 3843 3232 fastidiosos
3891 3151 4169 3218 hoonines
4183 3203 4200 3233 ,
4257 3153 4487 3235 quibus

464 3254 679 3321 nullae
730 3255 1133 3338 satisfaciunt
1182 3257 1276 3322 vel
1334 3258 1770 3340 apertissimae
1822 3259 2118 3341 rationes,
2174 3259 2341 3325 nihil
2391 3266 2481 3325 est
2532 3261 2697 3342 quod
2745 3280 3076 3326 moremur.
3169 3260 3344 3341 Piis,
3398 3263 3717 3342 modestis,
3760 3262 4044 3352 placidis
4099 3284 4175 3330 ac
4226 3265 4486 3331 minime

462 3370 857 3434 contentiosis
898 3368 1047 3436 haec
1086 3371 1298 3436 omnia
1339 3371 1580 3452 scripta
1611 3375 1775 3451 sunt,
1819 3371 1930 3453 qui
1968 3373 2048 3452 si,
2090 3377 2162 3437 ut
2199 3373 2480 3457 inteqras
2516 3377 2746 3439 mentes
2785 3372 2925 3439 Deo
2961 3373 3232 3455 offeromt
3270 3379 3343 3438 ut
3382 3375 3442 3438 ei
3484 3374 3556 3438 in
3597 3372 3956 3456 obsequium
4009 3376 4336 3457 addicant,
4390 3377 4484 3442 ita

462 3480 2118 3564 inteyroetcandidoadhaecanimoaccesserint,
2170 3484 4484 3646 maynamprofectoexbisbibellisconfirmationemuberrimumque

464 3594 739 3672 fructum
768 3593 1138 3678 percipient.
1232 3592 1456 3659 Valete.
1547 3594 1845 3674 Genevae,
1877 3595 2099 3677 pridie
2142 3594 2273 3662 Gal.
2313 3590 2511 3661 Mart.
2551 3595 2646 3662 Μ.
2666 3594 2753 3661 D.
2781 3595 2945 3661 LII.

770 3816 881 3881 Ex
922 3816 1050 3882 hac
1093 3814 1375 3883 Gallasii
1416 3816 1822 3900 praefatione
1854 3824 2038 3904 patet
2070 3818 2290 3902 ipsum
2323 3819 2685 3886 Calvinum
2728 3818 3129 3887 collectionis
3164 3819 3631 3902 opusculorum
3663 3838 3936 3885 suorum
3967 3821 4247 3888 iunctim
4281 3820 4483 3888 eden·

465 3926 701 3992 dorum
743 3948 959 4010 neque
998 3948 1336 3995 suasorem
1374 3948 1587 4010 neque
1627 3936 1997 3995 curatorem
2039 3929 2260 3996 fuisse.
2347 3931 2630 3997 Laboris
2659 3916 2992 3997 meritum
3034 3931 3159 3997 sibi
3202 3929 3326 3996 soli
3379 3930 3596 3996 editor
3637 3930 3928 3997 tribuere
3968 3930 4249 4013 videtur,
4302 3941 4481 4000 certe

462 4038 914 4105 disertissimis
958 4039 1176 4106 verbis
1220 4040 1534 4119 affirmat,
1582 4047 1877 4106 autorem
1920 4061 2335 4125 nequaquam
2374 4063 2652 4108 manum
2695 4043 2878 4127 operi
2917 4041 3327 4120 adhibuisse,
3383 4041 3499 4107 sed
3539 4042 3852 4109 maluisse
3894 4064 4047 4109 suos
4087 4042 4343 4111 libellos
4385 4046 4483 4111 sic

460 4144 687 4215 redudi
733 4149 960 4233 quales
1000 4134 1288 4234 primum
1329 4150 1711 4237 prodierint.
1801 4152 1971 4218 Inde
2013 4154 2306 4237 sequitur
2342 4176 2466 4220 nos
2510 4174 2769 4238 quoque
2810 4154 2885 4218 in
2922 4160 3111 4219 textu
3153 4151 3531 4220 authentico
3573 4155 4027 4221 constituendo
4044 4206 4060 4235 ‚
4103 4155 4481 4240 ubicunque

460 4261 533 4328 id
573 4262 720 4327 fieri
762 4261 1021 4345 poterit,
1066 4262 1384 4329 editiones
1425 4263 1774 4347 primarias
1819 4262 2001 4329 adire
2054 4266 2265 4349 iisque
2319 4267 2512 4332 unice
2569 4266 2667 4330 uti
2709 4265 2944 4366 debere
2986 4266 3060 4330 in
3103 4263 3569 4345 diiudicandis,
3626 4267 3684 4331 si
3736 4286 3904 4349 quae
3955 4267 4232 4344 fuerint,
4274 4267 4481 4333 variis

455 4373 862 4440 lectionibus.

767 4485 1196 4552 Tractatuum
1240 4485 1471 4551 tituli
1453 4509 1522 4551 ιιι
1557 4486 1855 4572 catalogo
1890 4488 2071 4572 operi
2104 4489 2399 4571 praefixo
2434 4494 2864 4555 recensentur
2898 4489 3142 4574 vig-inti
3183 4509 3348 4572 quos
3389 4488 3502 4554 hic
3540 4490 3835 4572 integros
3871 4487 4236 4556 describere
4275 4491 4473 4571 lubet,
4579 4518 4588 4529 ·

457 4596 732 4681 posthac
784 4595 983 4662 simili
1027 4597 1367 4662 occasione
1410 4596 1628 4664 oblata
1677 4599 1891 4683 magis
1934 4598 2395 4683 compendiose
2437 4599 2908 4685 designandos.
2987 4599 3042 4664 I.
3093 4598 3583 4685 Psychopan
3599 4600 3850 4685 nychi
3865 4622 3933 4679 a,
3977 4621 4111 4684 qua
4151 4603 4478 4668 refellitur

459 4707 873 4792 quorundam
920 4702 1396 4792 imperitorum
1460 4730 1641 4775 error
1704 4710 1820 4794 qui
1873 4710 2128 4776 animas
2181 4719 2331 4795 post
2381 4722 2664 4778 mortem
2712 4732 2917 4795 usque
2972 4711 3057 4776 ad
3111 4710 3423 4777 ultimum
3487 4711 3803 4779 iudicium
3871 4711 4160 4778 dormire
4214 4720 4472 4797 putant.

458 4818 552 4885 11.
609 4818 1041 4903 Epistolae
1080 4818 1315 4885 duae:
1369 4820 1593 4899 Prior,
1652 4822 1734 4888 de
1777 4822 2105 4909 fugiendis
2163 4822 2520 4905 impiorum
2560 4823 2807 4889 illicitis
2849 4823 3054 4889 sacris
3098 4832 3168 4889 et
3209 4824 3502 4905 puritate
3545 4823 3938 4891 christianae
3980 4824 4315 4908 religionis
4357 4823 4474 4890 ob-

383 5013 392 5022 ·
458 4931 804 4998 servanda.
907 4931 1166 5011 Altera,
1224 4931 1307 4997 de
1360 4932 1707 4999 christiani
1756 4935 2045 5000 hominis
2100 4936 2313 5002 officio
2371 4937 2442 5001 in
2495 4936 2873 5002 sacerdotiis
2927 4934 3179 5019 papalis
3245 4934 3553 5002 ecclesiae
3607 4937 3713 5002 vel
3768 4933 4309 5003 administrandis
4365 4934 4472 5002 vel

460 5042 855 5109 abiiciendis.
943 5042 1072 5109 ΙΠ.
1139 5042 1412 5109 Iacobi
1456 5042 1700 5110 Sadol
1715 5048 1825 5111 eti
1869 5047 2133 5113 romani
2169 5046 2544 5114 Gardinalis
2585 5046 2859 5131 epistola
2900 5047 2985 5112 ad
3028 5058 3334 5113 senatum
3373 5046 3818 5131 populumque
3859 5066 4297 5133 genevensem
4340 5067 4474 5131 qua

456 5157 529 5223 in
572 5153 1012 5222 obedientiam
1051 5156 1303 5221 romani
1344 5156 1690 5223 Pontificis
1743 5178 1853 5223 eos
1909 5159 2219 5225 reducere
2268 5165 2562 5225 conatur.
2629 5158 2824 5226 'Oum
2867 5159 2960 5224 Io.
3007 5157 3274 5225 Calvini
3317 5159 3402 5225 ad
3445 5179 3592 5225 eam
3635 5156 3980 5243 epistolam
4028 5158 4470 5240 responsione.
