4984 5975
673 320 756 382 63
2314 315 2444 384 DE
2489 316 3038 384 OLEMEN'HA
4568 321 4638 385 64

673 517 955 589 quatuor
1008 525 1151 570 esse
1207 525 1434 571 causas
1449 557 1463 582 ,
1524 526 1641 571 cur
1692 504 1932 570 talibus
1987 506 2361 589 ignoscatur
2409 506 2624 572 acrius

673 614 746 658 se
799 591 1278 658 vindicantibus
1295 642 1310 668 ,
1367 612 1531 674 quae
1588 590 1888 674 singulae
1934 592 2071 657 suis
2117 591 2275 657 locis
2318 593 2624 657 observa-

671 680 935 745 buntur.
1139 734 1150 751 ,
2461 734 2470 741 .

789 808 804 821 .
853 762 1127 829 Possunt
1166 763 1332 826 enim
1374 759 1562 828 laeda*
1616 762 2084 841 Prima„causa
2127 776 2253 828 est:
2301 781 2439 826 non
2492 761 2624 827 nisi

671 848 873 914 morsi
946 846 1348 925 remordent;
1416 837 1703 912 reddunt
1750 847 1925 913 idem
1981 847 2151 931 quod
2208 847 2381 930 passi
2446 854 2619 911 sunt.

670 935 1025 1001 Patiuntur
1047 942 1265 997 autem
1305 932 1726 1016 gravissimas
1761 934 2043 999 offensas
2067 942 2135 998 et
2170 932 2618 1009 contumeliae,

672 1041 836 1103 quas
870 1019 962 1084 oh
973 1020 1277 1083 fortunae
1307 1016 1822 1083 mediocritatem
1854 1019 2236 1103 propulsare
2268 1028 2618 1102 nequeunt.

849 1105 1094 1170 Timent
1116 1109 1445 1185 praeterea
1488 1102 1917 1191 contemptum]
2008 1105 2194 1169 Bene
2239 1105 2618 1169 Terentius:

809 1207 1004 1261 Omnes
1039 1206 1230 1275 quibus
1275 1222 1364 1260 res
1401 1214 1527 1260 sunt
1571 1207 1744 1260 minus
1792 1205 2077 1328 6601111116σέ,
2126 1207 2475 1287 sunt-nescio
2510 1222 2620 1274 quo

918 1286 925 1297 ·
1948 1292 2036 1330 1110
2078 1291 2109 1328 o
2145 1290 2312 1342 magis

808 1343 1126 1411 Suspiciosi:
1164 1342 1233 1397 ad
1271 1343 1646 1396 contumeliam
1683 1344 1859 1397 omnia
1894 1345 2162 1411 accipiunt
2196 1343 2391 1412 magis:

806 1412 1040 1480 Propter
1076 1428 1226 1465 suam
1260 1411 1628 1479 impotentiam
1666 1428 1725 1465 66
1763 1427 1977 1480 semper
2012 1412 2238 1466 credunt
2271 1412 2482 1480 negligi.

667 1499 796 1564 Est
835 1497 1043 1581 igitur
1085 1493 1369 1561 secunda
1411 1497 1607 1575 ratiO,
1653 1519 1770 1563 cur
1812 1496 1974 1562 adeo
2017 1497 2152 1563 sint
2204 1497 2481 1561 animosi
2538 1495 2623 1561 ad

669 1582 1048 1661 vindictam,
1085 1581 1238 1664 quia
1279 1602 1351 1646 se
1384 1582 1558 1647 laedi
1597 1591 1835 1666 putant
1874 1604 2078 1665 quum
2121 1589 2512 1665 tanguntur:
2557 1589 2624 1646 et

668 1669 792 1734 hoc
828 1688 1080 1753 quoque
1113 1666 1185 1730 in
1221 1667 1681 1732 contumeliam
1719 1688 1909 1733 suam
1952 1667 2243 1744 trahunt,
2288 1688 2420 1732 non
2465 1688 2620 1750 sup-

668 1762 892 1838 petere
929 1751 1008 1817 ad
1055 1751 1421 1818 nocendum
1464 1754 1656 1818 vires.

1251 1854 1353 1922 Qui
1384 1856 1575 1909 nolunt
1611 1854 1854 1910 occidere
1890 1871 2208 1923 quenquam,

1081 1924 1250 1978 Posse
1289 1923 1491 1991 volunt,

666 2010 883 2093 inquit
901 2008 1253 2075 Iuvenalis.
1312 2007 1763 2088 Quintilianus
1797 2009 1903 2074 lib.
1929 2009 2053 2073 H.:
2094 2006 2362 2074 Statura
2387 2010 2619 2075 breves

668 2096 739 2160 in
782 2095 1022 2179 digitos
1065 2096 1427 2178 eriguntur,
1473 2103 1542 2159 et
1579 2095 1769 2178 plura
1809 2095 2054 2159 infirmi
2096 2095 2452 2160 minantur.

847 2181 994 2246 Non
1044 2181 1324 2245 retulisse
1380 2180 1761 2246 laedentibus
1809 2178 2113 2267 qratiam]
2173 2180 2324 2245 Non
2376 2182 2621 2247 mirum

670 2274 772 2334 est
814 2268 870 2332 si
922 2267 1198 2331 iniurias
1237 2287 1391 2332 suas
1433 2287 1566 2332 non
1609 2265 1769 2331 adeo
1821 2266 2011 2332 facile
2068 2265 2440 2333 condonant
2479 2268 2620 2350 ple-

667 2354 798 2420 beii
833 2360 900 2417 et
933 2352 1288 2435 contempti
1325 2352 1640 2428 homines,
1678 2353 1984 2435 quoniam
2023 2351 2093 2416 id
2135 2351 2268 2417 illis
2306 2354 2463 2418 vitio
2508 2353 2620 2418 da-

667 2449 794 2517 tur,
840 2437 1012 2522 quod
1054 2438 1527 2521 potentioribus
1567 2437 1711 2503 laus
1755 2447 1869 2503 est.
1961 2436 2035 2503 Si
2082 2437 2258 2502 enim
2311 2440 2457 2522 quis
2513 2461 2620 2504 eo-

666 2546 818 2589 rnm
849 2524 1212 2621 yindictam
1256 2525 1597 2602 remiserit,
1641 2524 1710 2587 in
1757 2523 1997 2607 vulgus
2039 2523 2464 2590 nihilominus
2509 2547 2620 2589 ru-

667 2632 812 2677 mor
875 2611 1002 2676 erit
1016 2662 1031 2688 ,
1099 2609 1309 2675 voluit
1370 2609 1625 2688 ulcisci,
1690 2606 1807 2675 sed
1838 2630 1974 2673 non
2029 2609 2254 2692 potuit.
2345 2611 2621 2675 Referre

667 2717 825 2761 vero
880 2697 1193 2780 gratiam,
1250 2696 1494 2761 ironice
1535 2715 1653 2778 pro
1696 2715 1771 2759 eo
1807 2692 1981 2777 quod
2023 2704 2123 2759 est
2164 2695 2474 2760 iniuriam
2519 2717 2622 2760 re-

666 2781 973 2864 pendere,
1023 2801 1159 2858 seu,
1197 2789 1272 2844 ut
1307 2779 1464 2845 dicit
1508 2779 1809 2856 Curtius,
1859 2782 2068 2844 vicem
2116 2780 2403 2846 reddere.
2497 2781 2623 2845 'Pe-

644 2867 920 2932 'rentius
965 2867 1036 2930 in
1076 2863 1426 2930 Eunucho:

807 2967 1079 3022 Inveniam
1116 2967 1207 3036 pol
1243 2965 1404 3021 hodie
1440 2982 1628 3036 parem
1660 2966 1750 3021 ubi
1787 2968 1836 3021 ei
1871 2967 2103 3022 referam
2139 2969 2381 3037 gratiam.

671 3052 957 3119 Ibidem:

843 3154 1026 3221 Quid?
1062 3154 1188 3222 qnid
1222 3155 1403 3207 venire
1439 3155 1492 3207 in
1527 3161 1760 3209 mentem
1795 3171 1936 3209 1111110
1971 3156 2097 3209 1111111
2133 3151 2410 3223 00661191)

843 3223 1142 3287 Quidnam?
1178 3224 1266 3290 qui
1302 3223 1534 3276 referam
1568 3223 1690 3277 huic
1727 3224 1992 3292 sacrilego
2030 3225 2276 3293 gratiam,

844 3293 942 3364 Qui
980 3291 1121 3345 hunc
1158 3292 1442 3359 supposuit
1465 3291 1664 3345 nobis?

669 3378 924 3445 Eadem
980 3376 1230 3441 ratione
1288 3375 1458 3441 dixit
1508 3375 1771 3443 Coelius
1825 3377 2077 3443 deferre
2133 3377 2617 3445 munusculum.

667 3464 934 3531 Nemini
978 3462 1101 3526 1100
1143 3461 1397 3527 deferre
1441 3463 1903 3529 munusculum
1947 3464 2209 3543 maluit,
2247 3484 2445 3547 quam
2501 3485 2619 3531 suo

667 3548 1044 3617 accusatori.
1137 3548 1336 3612 Item:
1410 3550 1473 3612 A
1560 3559 1661 3613 rte
1728 3571 1880 3615 cum
1936 3550 2330 3632 quibusdam
2388 3550 2619 3633 loquu-

671 3651 810 3701 tum
844 3656 996 3702 cum
1032 3634 1113 3699 L.
1152 3633 1442 3699 Domitio
1526 3636 1761 3716 omine,
1799 3645 1873 3701 ut
1906 3657 2084 3702 1111110
2120 3645 2236 3716 661,
2281 3635 2446 3700 1111111
2489 3637 2620 3701 ini·-

665 3723 1022 3788 micissimo
1058 3717 1433 3798 deliberare,
1472 3721 1640 3786 velle
1674 3720 1797 3787 hoc
1840 3722 2307 3787 munusculum
2350 3721 2619 3788 deferre.

666 3808 817 3873 Etsi
837 3806 1110 3873 Servius
1146 3815 1365 3889 grates
1399 3809 1515 3869 τῶν
1546 3815 1747 3886 μέσων
1784 3828 1928 3873 6666
1976 3807 2179 3871 tradit
2212 3810 2281 3873 in
2315 3807 2403 3872 11.
2442 3829 2619 3874 com-

665 3900 941 3958 mentar.
987 3890 1319 3957 Aeneidos
1359 3892 1667 3976 Vergilii:

671 3992 816 4063 [pag.
836 3992 927 4062 53]
977 3994 1061 4061 Di,
1099 3995 1146 4047 si
1179 4009 1286 4061 qua
1322 4002 1409 4048 est
1444 3995 1598 4049 coelo
1635 3996 1811 4063 pietas
1848 4012 1986 4064 quae
2022 3996 2154 4050 talia
2189 4003 2356 4062 curet,

980 4061 1298 4115 persolvant
1332 4071 1514 4131 grates
1550 4063 1756 4132 dignas,
1794 4072 1850 4118 et
1883 4066 2123 4133 praemia
2157 4064 2386 4118 reddant

977 4129 1189 4196 Debita,
1225 4131 1315 4198 qui
1348 4133 1459 4184 nati
1495 4148 1676 4186 coram
1713 4149 1799 4186 me
1835 4149 2054 4187 cernere
2090 4133 2295 4187 lethum

975 4197 1192 4264 Fecisti,
1228 4209 1283 4252 et
1316 4200 1526 4266 patrios
1560 4200 1794 4255 foedasti
1829 4203 2084 4268 sanguine
2119 4201 2316 4256 vultus.

844 4283 933 4348 At
973 4285 1076 4348 oui
1118 4284 1277 4349 ultio
1318 4286 1388 4349 in
1429 4284 1641 4373 facili]
1699 4285 1760 4350 Ii
1815 4297 1972 4351 sunt
2016 4287 2130 4370 qui
2170 4286 2463 4352 vindicta
2506 4288 2618 4352 de·

666 4370 824 4436 bent
877 4367 1242 4448 abstinere,
1309 4372 1423 4454 qui
1480 4392 1564 4435 ex
1610 4393 1686 4436 eo
1745 4370 1918 4454 quod
1962 4373 2327 4450 abstinent,
2372 4383 2620 4437 certam

665 4455 929 4521 laudem
971 4466 1473 4538 consequuntur,
1518 4477 1639 4523 nec
1681 4457 1938 4542 facilius
1981 4457 2125 4523 ideo
2169 4459 2236 4523 in
2281 4465 2619 4541 posterum

665 4540 1038 4618 laedentur,
1084 4541 1238 4622 quia
1281 4542 1482 4607 semel
1539 4546 1810 4626 impune
1852 4542 2016 4609 laesi
2057 4553 2231 4608 sunt.
2320 4543 2503 4609 Ultio
2545 4546 2619 4609 in

667 4626 874 4705 facili,
917 4625 990 4690 id
1033 4638 1132 4690 est
1172 4627 1415 4704 facilis,
1462 4640 1808 4713 prompta,.
1838 4639 2088 4714 parata.
2176 4629 2476 4695 Honesta
2519 4639 2620 4696 est

664 4713 976 4796 loquutio.
1066 4709 1346 4778 Ovidius
1388 4714 1461 4778 in
1503 4715 1556 4780 I.
1604 4715 1685 4781 de
1727 4716 1925 4779 Arte:

976 4813 1133 4880 Quod
1168 4816 1327 4884 petis,
1363 4832 1432 4869 ex
1466 4816 1627 4885 facili,
1665 4818 1708 4872 si
1743 4818 1893 4871 volet
1926 4817 2037 4887 illa,
2071 4818 2233 4873 feres.

668 4899 921 4967 Seneca
963 4898 1070 4964 lib.
1115 4899 1243 4964 ΠΙ.
1291 4899 1372 4964 de
1417 4900 1789 4967 Beneficiis:
1848 4903 2252 4970 Beneficium
2308 4924 2394 4969 ex
2445 4904 2622 4970 facili

664 4987 941 5071 largitus
984 4993 1101 5051 est.
1193 4985 1504 5050 Valerius
1548 4987 1655 5052 lib.
1702 4987 1851 5053 1V.:
1898 4990 2104 5055 Ρ1·0111
2138 4989 2340 5054 s'tudii
2373 4990 2621 5054 certius

805 5226 862 5293 1)
901 5226 1075 5296 11696.-
1106 5229 1282 5297 possit
1317 5228 1462 5282 mihi.

2725 503 3045 570 indicium
3097 513 3200 570 est
3240 526 3442 589 supra
3484 508 3659 571 vires
3702 506 3824 572 niti
3840 557 3855 583 ,
3910 526 4111 588 quam
4157 506 4404 573 viribus
4444 528 4526 573 ex
4560 508 4643 573 fa-

2727 589 2838 656 cili
2882 591 2995 654 uti.
3082 590 3317 655 Livius
3358 591 3468 657 lib.
3514 590 3670 656 111.:
3716 589 3941 672 Quum
3976 592 4194 656 exitus
4238 591 4416 657 haud
4456 593 4523 658 in
4560 594 4645 658 fa-

2727 676 2834 741 cili
2879 688 3068 754 esset,
3111 677 3476 758 compulsos
3530 678 3601 741 in
3643 696 3838 742 cavas
3881 676 4087 743 valles
4128 679 4643 744 circumveniunt.

2728 759 3179 842 Quintilianus
3254 760 3362 827 lib.
3428 762 3586 855 IX2:
3657 762 3933 827 Interim
4007 783 4325 847 augemus
4391 764 4649 829 crimina

2728 868 2894 930 quae
2936 869 3020 912 ex
3062 847 3235 913 facili
3279 869 3626 930 possumus
3669 861 3785 913 aut
3825 847 4090 927 diluere,
4136 857 4254 914 aut
4296 870 4547 933 negare.

2900 932 3153 997 Humili
3197 934 3321 1000 loco
3350 931 3614 1019 positis]
3676 931 3753 998 Si
3795 934 4055 999 obscuri
4098 943 4164 998 et
4204 934 4525 1019 ignobiles
4562 936 4651 1000 in·

2728 1028 2830 1083 ter
2884 1040 2954 1084 se
3012 1017 3347 1096 rixantur,
3405 1040 3480 1085 60
3527 1040 3598 1084 66
3652 1025 3884 1085 mutuo
3927 1020 4233 1085 conviciis
4276 1020 4653 1087 maledictis·

2727 1124 2852 1186 que
2905 1104 3362 1187 proscindunt,
3418 1104 3585 1169 nihil
3640 1125 3901 1170 novum.
4006 1105 4131 1171 Est
4185 1107 4363 1171 enim
4415 1108 4512 1172 eis
4563 1124 4659 1173 so·‘

2724 1188 2939 1267 lenne,
2982 1191 3184 1255 rixari
3228 1211 3303 1256 60
3345 1190 3622 1274 iurgari:
3670 1200 3817 1273 post
3859 1190 3974 1256 ubi
4017 1213 4088 1256 se
4131 1191 4523 1258 clamoribus
4561 1213 4653 1257 sae·

2725 1276 2810 1340 tis
2851 1275 2935 1340 ad
2980 1277 3187 1341 ravim
3235 1284 3694 1355 exercuerunt,
3737 1275 3998 1340 tandem
4036 1276 4119 1341 ad
4156 1298 4389 1341 manus
4427 1279 4655 1355 venire,

2727 1370 2795 1425 et
2834 1360 3020 1425 litem
3059 1361 3357 1426 decidere
3395 1361 3637 1445 pugnis
3681 1368 3750 1425 et
3782 1361 4091 1427 calcibus:
4135 1372 4361 1444 estque
4398 1363 4657 1447 vulgare

2725 1446 3163 1528 proverbium,
3209 1462 3355 1528 post
3373 1447 3576 1512 verba
3608 1446 3900 1512 verbera.
3969 1448 4117 1512 Rex
4150 1468 4304 1512 vero
4339 1449 4395 1514 si
4430 1448 4504 1513 in
4536 1471 4657 1513 1110-

2726 1553 2866 1596 rem
2910 1533 3320 1615 popularium
3366 1532 3782 1612 vociferetur,
3840 1553 3914 1597 60
3972 1532 4305 1616 depugnet
4346 1534 4659 1617 unguibus

2726 1628 2795 1680 et
2859 1619 3127 1701 pugnis,
3187 1639 3403 1682 nonne
3469 1618 3749 1682 multum
3808 1617 4110 1683 detrahet
4165 1641 4249 1683 ex
4300 1639 4423 1684 sua
4476 1620 4659 1684 maie·-

2724 1702 2937 1768 state?
3026 1703 3200 1767 Nota
3245 1703 3413 1767 hanc
3454 1725 3595 1768 esse
3638 1703 3909 1768 tertium
3953 1704 4291 1769 rationem.

3427 1993 3730 2059 CAPUT
3774 1994 3966 2059 VIII.

2905 2129 3112 2195 Grave
3160 2134 3389 2210 putas,
3449 2130 3617 2210 eripi
3674 2130 3956 2211 loquendi
4009 2131 4347 2196 arbitrium
4386 2133 4659 2216 ,reyibus

2726 2216 2887 2314 quod
2929 2214 3291 2315 bumillimi·
3310 2215 3545 2348 kgbent.
3616 2214 3754 2281 Ista
3798 2216 4047 2314 quidem
4087 2219 4356 2282 servitus
4400 2224 4506 2296 est,
4552 2239 4663 2283 noa

2724 2301 3412 2466 Z'Znfflw'smssfflff
3428 2307 3509 2451 ξ’
3554 2322 3715 2451 Ξῖῗα
3737 2323 4049 2454 ῗοῖἐαἝ”
4058 2302 4411 2453 ἕῖἴῗνέἕ
4426 2324 4664 2470 m:

2723 2472 2935 2551 turba,
2982 2493 3174 2553 quam
3214 2493 3336 2537 non
3379 2473 3697 2551 excedunt,
3755 2475 3970 2539 latent:
4013 2494 4273 2554 quorum
4317 2480 4376 2539 et
4418 2477 4665 2541 virtutes

2724 2562 2795 2621 ut
2835 2563 3200 2640 appareant,
3258 2559 3374 2622 diu
3418 2558 3730 2624 luctantur
3743 2609 3758 2638 ,
3809 2565 3866 2624 et
3903 2560 4061 2626 vitia
4102 2560 4387 2625 tenebras
4434 2561 4662 2626 babent.

2742 2643 2961 2707 Vestra
3000 2643 3170 2723 facta
3212 2643 3496 2722 dictaque
3547 2663 3764 2709 rumor
3815 2646 4058 2728 excipit.
4148 2645 4235 2709 Et
4282 2646 4421 2711 ideo
4480 2646 4664 2712 nullis

2723 2729 2927 2810 mayis
2980 2729 3329 2793 curandum
3382 2733 3471 2792 est
3534 2729 3777 2808 qualem
3829 2732 4074 2814 famam
4127 2731 4416 2810 habeam,
4483 2753 4664 2813 quam

2724 2813 2835 2894 qui
2853 2862 2868 2890 ‚
2912 2834 2949 2893 9
3237 2834 3395 2893 nque
3436 2817 3796 2895 meruerint,
3842 2837 4136 2899 maenam
4192 2817 4473 2882 habituri
4512 2824 4663 2883 sunt.

2733 2899 2935 2980 Quam
2980 2899 3175 2963 multa
3219 2899 3332 2963 tibi
3381 2920 3501 2963 non
3556 2899 3763 2979 licent,
3820 2923 3979 2984 quae
4019 2903 4195 2968 nobis
4238 2903 4525 2984 beneficio
4567 2909 4663 2968 tuo

2724 2983 2949 3050 licent?
3034 2983 3300 3050 Possum
3357 2987 3425 3050 in
3482 2985 3750 3067 qualibet
3790 2995 3978 3069 parte
4040 2988 4217 3055 urbis
4279 2990 4451 3055 solus
4518 2992 4664 3056 ince-

2724 3070 2866 3135 dere
2919 3070 3053 3134 61116
3127 3072 3345 3136 timore
3359 3121 3374 3150 ,
3451 3076 3741 3153 quamvis
3810 3075 4025 3139 nullus
4084 3082 4385 3155 sequatur
4454 3096 4662 3154 comes,

2722 3155 2937 3220 nullus
2980 3159 3063 3221 sit
3106 3158 3286 3236 domi,
3340 3157 3547 3222 nullus
3581 3162 3664 3225 ad
3712 3161 3880 3225 latus
3907 3160 4183 3244 yladius.
4259 3160 4405 3226 Tibi
4446 3163 4519 3227 in
4559 3167 4665 3226 tua

2712 3261 2871 3323 pace
2936 3248 3175 3307 armato
3239 3244 3567 3308 vivendum
3619 3251 3724 3311 est.
3790 3246 4107 3311 Aberrare
4163 3269 4204 3311 a
4261 3248 4517 3327 fortuna
4559 3252 4666 3312 tua

2722 3333 3084 3478 mem·
3176 3330 3972 3499 [¹²²⁸·a0{133mss⁶⁸‡?‚?22{25;
4035 3334 4666 3485 “fflqfflwmff

2720 3500 3144 3581 111091111οἀ1ηὲ
3176 3502 3443 3566 servitus
3476 3507 3580 3580 est,
3616 3524 3740 3568 nou
3763 3524 3950 3583 posse
3980 3503 4129 3584 fieri
4160 3506 4482 3573 minorem.
4544 3504 4665 3569 Sed

2722 3605 2861 3648 cum
2913 3585 3042 3650 diis
3086 3586 3198 3651 tibi
3253 3588 3399 3667 ipsa
3451 3591 3778 3654 necessitas
3832 3594 3937 3654 est.
4029 3590 4201 3653 Nam
4243 3591 4391 3655 illos
4432 3611 4664 3672 quoque

2722 3671 2955 3736 coelum
3007 3673 3301 3755 alliqatos
3348 3678 3534 3737 tenet.-
3576 3695 3685 3738 nee
3724 3695 3789 3738 m
3876 3676 3931 3740 is
3974 3676 4110 3741 illis
4150 3676 4511 3741 descendere
4552 3677 4661 3758 dog

2722 3762 2853 3820 tum
2903 3761 3017 3834 est,
3072 3778 3263 3839 quam
3314 3757 3427 3822 tibi
3479 3763 3690 3824 tutum.
3845 3762 4073 3844 astiyio
4131 3765 4232 3825 tuo
4287 3761 4543 3842 adfixus
4583 3782 4661 3827 es.

2727 3841 2992 3910 Nostros
3024 3849 3226 3907 motus
3249 3845 3447 3926 pauci
3486 3846 3772 3910 sentiunt.
3869 3845 4133 3913 Prodire
4176 3847 4355 3912 nobis
4400 3868 4471 3912 ac
4515 3868 4663 3914 rece-

2716 3928 2884 4007 dere,
2916 3932 2973 3993 et
3005 3936 3247 3993 mutare
3279 3930 3576 4010 habitum,
3613 3933 3749 3997 sine
3782 3953 3968 3997 sensu
3989 3933 4241 4015 publico
4275 3933 4428 3998 licet.
4521 3933 4662 3998 Tibi

2721 4033 2841 4078 non
2893 4016 3099 4098 mayis
3150 4035 3342 4096 quam
3393 4016 3514 4081 soli
3565 4016 3752 4082 latere
3795 4019 4101 4102 continyit.
4190 4017 4405 4084 Multa
4457 4024 4662 4085 contra

2720 4104 2774 4163 te
2831 4098 2942 4163 lux
2997 4105 3104 4165 est.
3212 4100 3509 4165 Omnium
3560 4104 3630 4166 in
3693 4103 3880 4167 istam
3942 4105 4219 4170 conversi
4285 4105 4451 4169 oculi
4504 4109 4658 4169 sunt

2725 4184 2995 4251 Prodire
3028 4191 3084 4249 te
3108 4191 3311 4266 putes,
3352 4188 3560 4252 oriris.
3650 4189 3853 4270 Loqui
3894 4211 4015 4254 non
4047 4196 4241 4273 potes,
4288 4191 4421 4254 nisi
4462 4196 4527 4255 ut
4567 4210 4662 4255 vo-

2721 4292 2848 4336 cem
2891 4277 3066 4336 tuam
3108 4293 3266 4353 quae
3306 4273 3531 4355 ubique
3560 4273 3719 4339 'sunt
3752 4280 3958 4357 yentes
3971 4328 3988 4354 ,
4035 4276 4369 4357 excipiant.
4462 4276 4662 4341 Irasci

2720 4377 2842 4422 non
2863 4364 3056 4437 potes,
3091 4359 3222 4421 nisi
3256 4364 3322 4421 ut
3354 4360 3563 4423 omnia
3589 4365 3980 4441 premantur.
4072 4361 4179 4426 Sic
4218 4364 4522 4428 neminem
4557 4381 4662 4442 po-

2719 4448 2807 4507 tes
2851 4443 3146 4526 aflliyere,
3190 4445 3322 4509 nisi
3362 4450 3430 4508 ut
3471 4447 3780 4527 quidquid
3828 4448 3996 4511 eirca
4036 4447 4233 4528 fuerit
4250 4499 4263 4526 ,
4323 4450 4659 4530 quatiatur.

2739 4529 2815 4594 Ut
2852 4529 3131 4610 fulmina
3159 4550 3512 4611 paucorum
3543 4533 3826 4612 periculo
3867 4533 4116 4612 cadunt,
4163 4536 4447 4598 omnium
4487 4538 4658 4609 Μαι,

2723 4616 2814 4680 sie
2856 4615 3425 4681 animadversiones
3478 4636 3854 4699 maynarum
3893 4623 4266 4699 potestatum
4306 4624 4531 4685 terrent
4568 4617 4660 4682 la·

2721 4703 2849 4764 tius
2892 4721 3082 4782 quam
3122 4707 3346 4780 nocent,
3389 4721 3513 4764 non
3554 4703 3691 4767 sine
3735 4724 3979 4769 caussa.
4020 4759 4035 4770 ,
4071 4704 4218 4769 Non
4262 4707 4432 4770 enim
4472 4725 4660 4787 quan·

2720 4791 2855 4851 tum
2894 4786 3120 4867 fecerit,
3164 4787 3275 4851 scd
3313 4792 3614 4868 qua-ntum
3652 4789 3941 4870 facturus
3983 4792 4096 4868 stt,
4141 4792 4449 4873 coyitatur
4489 4792 4553 4855 in
4594 4809 4660 4854 eo

2722 4892 2832 5022 0
2871 4872 3396 5039 crucem-0:2⁸3:
3431 4872 3975 5045 :emam
3952 4876 4517 5046 mua
4474 4876 4661 5026 '⁸0:21

2716 5042 3026 5123 patientia
3070 5042 3239 5122 facit.
3341 5043 3617 5127 Reyibus
3657 5049 3877 5112 certior
3920 5053 4010 5112 est
4059 5069 4134 5112 ex
4189 5046 4659 5114 mansuetudine

2720 5128 3058 5206 securitas5
3099 5128 3254 5209 quia
3291 5129 3583 5211 frequens
3615 5133 3905 5212 vindicta,
3937 5152 4295 5214 paucorum
4328 5135 4536 5201 odium
4566 5152 4658 5196 ro-

2710 5213 2966 5296 primit,
3032 5214 3311 5279 omnium
3364 5216 3596 5281 irritat.
3701 5218 3996 5284 Voluntas
4058 5224 4285 5301 oportet
4339 5225 4479 5287 ante
4524 5238 4657 5283 sao-
