4984 5975
373 329 490 388 117

544 514 860 580 Tardiora
895 517 1140 595 ayentes
1174 512 1477 600 iumenta]
1538 514 1790 596 Nempe
1841 515 2060 579 asinos
2106 520 2176 579 et
2207 514 2320 580 bo-

369 619 512 667 ves:
550 600 849 683 quamvis
884 598 1004 664 hos
1039 599 1159 664 sub
1204 601 1648 665 iumentorum
1690 601 1956 665 nomine
1999 601 2320 664 contineri

374 708 504 752 non
547 685 879 769 putaverit
922 684 1246 767 Ulpianus
1290 684 1806 751 iurisconsultus.
1898 683 2034 750 8611
2079 686 2135 749 81
2180 694 2321 769 ety-

370 772 724 856 mologiam
747 771 1075 852 respicias,
1100 770 1269 836 nihil
1288 769 1591 855 prohibet
1625 772 1780 854 quin
1817 772 2112 836 iumenta
2146 780 2323 836 recte

369 859 494 925 dici
539 857 811 940 possint,
855 856 994 922 sive
1038 877 1078 921 a
1121 856 1429 940 ing-ando,
1474 866 1552 922 ut
1593 856 1803 924 voluit
1842 856 2078 933 Varro,
2124 878 2240 922 866
2284 876 2324 920 6

368 942 681 1020 iuvando,
726 952 803 1006 ut
855 941 965 1005 alii
1011 943 1423 1024 grammatici
1479 943 1739 1021 docent,
1783 962 2021 1007 nomen
2084 941 2322 1007 (1611116-

370 1040 511 1095 tum
547 1031 652 1094 sit.

537 1111 920 1199 Detrectare]
965 1113 1048 1178 In
1084 1113 1230 1179 aliis
1269 1113 1753 1198 exemplaribus
1788 1113 2032 1197 legitur
2068 1113 2322 1179 detrac-

234 1176 241 1183 .
368 1210 525 1267 tare.
611 1201 911 1283 Utraque
967 1199 1158 1264 lectio
1214 1200 1415 1283 recipi
1471 1206 1700 1283 potest.
1789 1199 1963 1264 Nam
2021 1200 2323 1282 quamvis

370 1288 737 1354 detrectare
777 1286 1184 1367 frequentius
1228 1285 1315 1349 sit
1354 1287 1425 1349 in
1471 1287 1599 1351 ista
1643 1286 1696 1350 si
1747 1284 2117 1350 nificatione
2133 1336 2148 1363 ,
2196 1283 2321 1350 hoc

369 1382 594 1440 tamen
637 1373 833 1437 etiam
883 1372 1225 1453 reperitur.
1316 1370 1650 1455 Vergilius
1764 1390 1938 1453 eorg.
1986 1370 2151 1435 111.:

515 1481 629 1532 Aut
662 1476 787 1544 iuga
822 1473 1132 1528 detractans
1167 1472 1432 1527 interdum
1468 1489 1606 1542 quae
1644 1475 1849 1541 optima
1884 1489 2068 1528 cornu.

369 1562 638 1629 Curtius
678 1560 846 1625 libro
887 1558 1042 1624 IX.:
1090 1558 1272 1624 Nihil
1317 1556 1487 1642 quod
1529 1560 1884 1642 imperaret
1926 1557 2318 1637 detractans,

372 1647 639 1713 biduum
686 1644 861 1729 apud
897 1664 1052 1710 eum
1095 1645 1402 1711 substitit.

376 1962 521 2037 [pag.
563 1957 711 2032 109]
1068 1907 1372 2018 cAPU‘r
1415 1951 1643 2017 xvn.

550 2108 817 2174 Nullum
861 2106 1104 2177 animal
1137 2107 1446 2170 morosius
1489 2111 1594 2184 est,
1634 2106 1878 2171 nullum
1912 2108 2151 2172 maiore
2187 2111 2322 2171 arte

374 2194 782 2269 nudandum,
806 2212 997 2275 quam
1030 2192 1222 2271 homo,
1258 2191 1420 2256 nulli
1455 2190 1660 2274 mayis
1682 2193 2089 2274 parcendum.
2154 2192 2321 2274 Quid

380 2283 542 2347 enim
603 2279 859 2344 stultius
872 2328 887 2355 ,
945 2298 1134 2361 quam
1176 2278 1245 2342 in
1301 2277 1598 2342 iumentis
1648 2278 1898 2359 quidem
1952 2282 2008 2342 et
2060 2277 2322 2343 canibus

376 2367 745 2445 erubescere,
804 2366 972 2429 iram
1027 2383 1332 2441 exercere,
1378 2363 1664 2445 pessima
1717 2369 1921 2427 autem
1983 2363 2324 2429 conditione

374 2453 677 2518 hominem
710 2450 888 2516 csse?
959 2448 1203 2514 Morbis
1234 2444 1578 2525 medemur,
1615 2468 1724 2514 nec
1758 2449 2116 2513 irascimur.
2206 2448 2323 2512 At-

374 2542 481 2622 qui
525 2543 583 2601 et
623 2537 723 2601 hic
769 2535 1015 2601 morbus
1057 2540 1146 2599 est
1188 2533 1408 2611 animi,
1452 2533 1696 2599 mollem
1737 2535 2110 2600 medicinam
2160 2534 2324 2599 desi-

375 2626 565 2702 derat,
590 2625 918 2706 ipsumque
942 2621 1274 2685 medentem
1294 2620 1553 2684 minime
1572 2619 1869 2700 infestum
1892 2640 2092 2702 aeyro.
2154 2618 2322 2684 Mali

374 2711 595 2775 medici
634 2714 725 2774 est
742 2708 1073 2788 desperare
1105 2727 1183 2769 ne
1203 2710 1385 2771 curet.
1445 2704 1625 2769 Idem
1660 2706 1727 2769 in
1752 2704 1857 2770 his
1890 2725 2154 2788 quorum
2176 2705 2318 2769 ani-

372 2817 511 2861 mus
546 2796 801 2877 affectus
825 2798 929 2871 est,
961 2793 1165 2874 facere
1187 2791 1417 2857 debebit
1453 2791 1555 2856 cui
1585 2790 1822 2856 tradita
1837 2792 2013 2857 salus
2043 2784 2321 2856 omnium

372 2888 490 2948 est:
530 2901 654 2945 non
696 2880 816 2945 cito
856 2898 1026 2960 spem
1056 2878 1367 2959 proiicere
1383 2928 1397 2955 ,
1442 2896 1551 2942 nec
1584 2877 1908 2959 mortifera
1949 2878 2132 2960 siqua
2172 2886 2320 2958 pro-

372 2967 688 3034 nunciare.
779 2964 1071 3030 Luctetur
1114 2983 1253 3028 cum
1294 2963 1472 3029 vitiis
1488 3013 1503 3042 ,
1539 2964 1809 3042 resistat,
1852 2963 2005 3029 aliis
2039 2962 2320 3028 morbum

374 3075 559 3120 suum
593 3051 931 3135 exprobret,
968 3050 1270 3132 quosdam
1309 3047 1509 3113 morbi
1544 3050 1860 3116 curatione
1902 3050 2190 3132 decipiat,
2235 3049 2319 3113 ci-

375 3142 498 3206 tius
550 3139 896 3218 meliusque
948 3131 1319 3203 sanaturus
1349 3135 1641 3200 remediis
1682 3134 2061 3218 fallentibus.
2148 3133 2321 3219 Aqat

360 3226 679 3377 primoecce-2
694 3220 1639 3391 wz‘x‘r'sszzmgi'ssfflasaffi'gi
1660 3221 2322 3373 sgweffassaimff

370 3399 558 3462 sione.
655 3395 812 3475 Quis
853 3395 1017 3459 enim
1058 3393 1298 3460 dubitat
1327 3413 1515 3476 posse
1530 3392 1565 3456 ‚9
1632 3393 1725 3457 At
1765 3397 1977 3458 contra
2018 3393 2319 3470 maxima,

371 3485 431 3548 si
468 3483 597 3547 vim
638 3501 824 3546 suam
865 3480 1137 3557 continet,
1172 3481 1233 3543 si
1270 3480 1497 3544 multos
1537 3480 1675 3551 irae
1710 3479 1950 3544 alienae
1982 3478 2186 3560 eripit,
2220 3498 2321 3543 ne-

374 3571 600 3633 minem
634 3586 790 3631 suae
830 3566 1150 3648 impendit.

550 3686 819 3751 Nullum
870 3683 1138 3771 mamae]
1199 3685 1539 3764 Clausala,
1598 3705 1729 3766 qua
1783 3689 1933 3766 apte
1987 3684 2321 3766 superiora

366 3773 851 3849 clauderentur,
897 3772 952 3835 si
988 3792 1142 3835 mox
1178 3780 1608 3853 sequerentur
1640 3791 1720 3834 ca
1765 3789 1930 3854 quae
1981 3768 2062 3834 de
2108 3768 2320 3834 servis

371 3859 569 3943 paulo
621 3869 771 3940 post
812 3857 1126 3922 subiiciet.
1217 3855 1439 3936 Quum
1495 3857 1671 3920 6111111
1723 3857 1797 3920 16
1839 3855 2321 3938 comparatione

372 3945 759 4009 animalium
784 3943 1027 4008 diversi
1049 3942 1311 4026 generis
1332 3941 1493 4005 illud
1536 3942 1932 4018 conveniret,
1967 3941 2136 4005 nulli
2180 3962 2320 4005 ma-

374 4030 477 4114 gis
522 4028 921 4115 parcendum
966 4050 1160 4110 quam
1217 4028 1496 4105 homini,
1544 4035 1687 4092 erat
1738 4038 1807 4093 et
1856 4026 2023 4092 illud
2076 4026 2320 4092 adden-

370 4116 551 4192 dum,
597 4116 796 4179 etiam
835 4114 1010 4179 inter
1052 4112 1354 4178 homines
1397 4113 1561 4177 nulli
1590 4113 1816 4197 »magis
1858 4132 2054 4195 quam
2096 4113 2319 4178 libero.

372 4202 569 4266 Nunc
609 4200 931 4283 quaedam
974 4200 1289 4265 admiscet
1340 4199 1613 4264 minime
1664 4199 1803 4265 loco
1858 4199 2097 4282 posita:
2154 4218 2321 4282 qnae

372 4289 429 4352 si
488 4288 559 4351 in
611 4286 815 4350 alium
868 4286 1081 4352 locum
1139 4284 1526 4361 distulisset,
1590 4287 1834 4367 optime
1897 4281 2316 4366 quadrarent.

234 4446 245 4453 ,
372 4373 562 4438 Η666
606 4393 763 4456 ergo
806 4372 1198 4455 accipiamus
1242 4371 1427 4453 quasi
1486 4369 1659 4436 dicta
1710 4371 1847 4436 sint
1898 4391 2016 4453 per
2069 4369 2321 4454 digres-

364 4479 644 4524 81666111.

550 4543 799 4609 Morbis
832 4541 1171 4629 medemur]
1221 4541 1427 4622 Quasi
1469 4541 1733 4619 diceret,
1777 4563 1983 4624 quum
2016 4542 2322 4624 princeps

371 4632 572 4697 alicui
608 4650 884 4713 poenam
920 4629 1182 4712 infligit,
1227 4649 1360 4692 non
1401 4628 1598 4693 aliam
1642 4649 1908 4693 causam
1950 4627 2324 4709 praetendit

373 4717 509 4781 nisi
550 4714 724 4799 quod
763 4716 855 4780 sic
900 4715 1248 4798 corrigitur
1289 4713 1637 4779 hominum
1678 4714 1998 4796 pravitas,
2043 4713 2158 4795 qui
2201 4713 2320 4777 ali-

372 4815 481 4867 ter
525 4799 812 4867 cohiberi
868 4823 996 4865 non
1050 4808 1353 4883 possunt:
1413 4799 1585 4885 quod
1639 4807 1908 4865 curatur
1961 4799 2145 4864 ulcus
2198 4820 2320 4881 pu-

371 4889 636 4964 blicum,
674 4886 847 4968 quod
889 4888 1184 4954 membra
1210 4887 1510 4952 morbosa
1534 4885 2028 4963 abscinduntur,
2072 4905 2156 4950 116
2179 4904 2319 4948 ma-

372 4976 516 5039 lum
550 4975 618 5037 in
658 4981 865 5038 totum
900 4994 1134 5057 corpus
1172 4981 1409 5056 serpat.
1477 4973 1682 5055 Atqui
1716 4979 1783 5037 et
1816 4992 1961 5036 eam
1997 4970 2321 5035 rationem

369 5067 739 5144 sequuntur
782 5057 1031 5125 medici.
1119 5059 1265 5122 Imo
1306 5060 1525 5124 verius
1565 5058 1871 5142 princeps
1910 5056 2178 5141 quidam
2221 5062 2322 5121 est

370 5146 580 5214 animi
602 5144 924 5211 medicus:
960 5165 1163 5228 quum
1184 5144 1449 5211 morbus
1482 5144 1684 5210 animi
1715 5145 1805 5210 sit
1838 5144 2091 5212 vitium.
2158 5141 2319 5207 Imi-

366 5241 603 5297 tentur
637 5253 791 5315 ergo
826 5230 1153 5313 principes
1188 5229 1390 5295 bonos
1423 5225 1727 5306 medicos,
1766 5232 1879 5314 qui
1913 5251 2046 5298 11611
2079 5228 2317 5294 intem-

1554 312 1846 391 LIBER
1887 325 1942 391 Ι.
1980 387 1984 391 «
2032 324 2337 393 CAPUT
2379 325 2573 392 XVI.
2629 327 2859 393 XVII.
2927 327 3195 393 XVIII.

4243 334 4392 396 ‘118

2428 522 2740 596 peranter
2773 535 3004 600 aegros
3039 516 3362 601 affligunt,
3407 517 3520 600 qui
3564 517 3785 587 faciles
3830 517 4199 585 curationes
4241 520 4382 602 pri-

2429 621 2613 664 mum
2649 601 3018 679 admovent,
3060 610 3127 667 et
3168 602 3465 668 fallentia
3508 601 3814 680 remedia,
3860 623 3982 669 nec
4025 604 4381 689 desperant

2427 685 2738 767 quamdiu
2774 686 3019 770 aliquid
3052 693 3308 753 tentare
3341 695 3632 771 possunt.
3723 689 3973 755 Morbis
3989 689 4377 770 medentur,

2428 791 2564 835 non
2606 772 2996 838 irascuntur.
3037 808 3048 813 -

2608 858 2882 938 Quorum
2926 860 3180 925 animus
3223 860 3478 941 affectus
3520 858 3635 1009 esti]
3679 858 3762 923 Id
3813 868 3915 925 est
3967 861 4140 925 male
4193 859 4381 928 habi-

2426 949 2539 1005 tus
2562 948 2630 1006 et
2651 943 2820 1008 male
2857 943 3227 1027 dispositus,
3265 952 3342 1009 ut
3375 945 3573 1029 vulgo
3633 954 3983 1027 oquuntur.
4051 944 4166 1013 Sic
4201 947 4383 1012 enim

2426 1027 2699 1094 affectus
2742 1030 2879 1095 fere
2922 1030 3236 1113 accipitur
3276 1036 3424 1109 [pag.
3477 1045 3503 1094 1
3520 1035 3625 1110 10]
3681 1031 3750 1095 in
3810 1031 4056 1096 malam
4107 1039 4382 1114 partem,

2425 1132 2628 1194 quum
2675 1128 2775 1180 est
2817 1117 2961 1181 sine
3018 1114 3284 1181 adiecto.
3373 1116 3609 1181 Livius
3663 1115 3832 1181 libro
3885 1117 4042 1181 IX.:
4100 1117 4185 1182 In
4237 1137 4383 1183 cor-

2426 1218 2585 1280 pore
2627 1213 2847 1266 tamon
2891 1202 3122 1267 affecto
3163 1201 3428 1286 vigebat
3469 1203 3569 1268 vis
3614 1201 3816 1266 animi
3859 1203 4256 1285 consiliique.

2609 1287 2741 1353 Nec
2782 1287 3108 1369 mortifera
3141 1285 3357 1373 siqua]
3405 1285 3665 1353 Alludit
3707 1286 3792 1352 ad
3843 1289 4184 1372 praesagia
4237 1310 4380 1354 me-

2428 1374 2723 1440 dicorum
2741 1424 2756 1451 ,
2802 1374 3036 1458 quibus
3095 1381 3338 1438 certam
3382 1378 3663 1439 mortem
3706 1374 4166 1455 praenunciari
4221 1375 4382 1440 scri-

2296 1504 2305 1509 ·
2424 1461 2610 1526 bunt

3102 1782 3408 1850 CAPUT
3453 1782 3719 1849 XVIII.

2605 1936 2822 2003 Servis
2854 1936 3166 2019 imperare
3195 1937 3529 2017 moderate,
3565 1936 3711 2001 laus
3750 1942 3872 2002 est.-
3916 1941 3974 2002 et
4027 1938 4097 2001 in
4149 1938 4384 2004 manci-

2414 2027 2536 2104 pio
2577 2023 2969 2107 coyitandum
3014 2027 3119 2100 est,
3179 2043 3300 2088 non
3355 2028 3660 2105 quantum
3708 2022 3871 2088 illud
3930 2023 4184 2104 impune
4229 2024 4377 2105 pati

2415 2110 2650 2190 possit,
2695 2108 2805 2173 sed
2840 2113 3147 2189 quantum
3189 2109 3304 2174 tibi
3337 2110 3662 2189 permittat
3716 2109 3904 2190 aequi
3949 2108 4211 2190 bonique
4263 2130 4382 2174 na-

2428 2199 2595 2271 tura,
2629 2214 2791 2276 quae
2821 2213 3083 2276 parcere
3124 2195 3313 2259 etiam
3354 2194 3620 2283 captivis
3654 2199 3711 2258 et
3735 2194 3947 2275 pretio
3980 2195 4239 2276 paratis
4281 2195 4381 2258 iu·

2426 2279 2533 2344 bet.
2630 2280 2873 2360 Quanto
2908 2278 3139 2343 iustius
3170 2279 3275 2343 his
3316 2279 3494 2358 iubet,
3536 2284 3705 2344 tanto
3747 2280 3983 2345 iustius
4025 2279 4384 2345 hominibus

2423 2365 2655 2443 liberis
2697 2365 3004 2448 ingenuis,
3047 2364 3331 2441 honestis,
3355 2364 3501 2430 ‘non
3541 2371 3611 2428 ut
3653 2366 3995 2444 mancipiis
4035 2364 4228 2444 abuti,
4271 2366 4383 2431 sed

2423 2450 2528 2515 his
2569 2470 2722 2533 quos
2751 2449 2962 2533 yradu
3004 2450 3342 2528 antecedas,
3388 2470 3768 2532 quorumque
3809 2450 3925 2514 tibi
3969 2472 4094 2515 non
4138 2451 4381 2517 tradita

2422 2537 2705 2615 servitus,
2741 2536 2849 2600 sed
2884 2536 3097 2601 tutela.
3190 2535 3402 2601 Servis
3436 2536 3829 2627 adxstatuam
3864 2535 4003 2600 licet
4035 2536 4380 2619 confuyere,

2422 2642 2618 2704 quum
2650 2622 2719 2685 in
2753 2640 3001 2686 servum
3034 2622 3243 2685 omnia
3282 2622 3516 2687 liceant.
3605 2620 3725 2685 Est
3767 2620 4019 2702 aliquid
4059 2622 4223 2703 quod
4278 2620 4382 2688 ho—

2420 2708 2585 2772 mini
2618 2708 2690 2771 iii
2731 2707 3037 2772 hominem
3078 2706 3274 2786 licere,
3319 2727 3634 2772 commune
3669 2707 3776 2771 ius
3818 2707 4244 2771 animantium
4281 2728 4381 2772 ve-

2422 2798 2517 2857 tet.
2612 2792 2769 2874 Quis
2809 2813 2928 2856 non
2993 2791 3253 2856 Vedium
3302 2792 3643 2857 Pollionem
3674 2794 3874 2873 peius„
3908 2793 4142 2872 oderat,
4183 2814 4380 2874 quam

2421 2878 2588 2943 servi
2622 2879 2745 2957 sui,
2778 2879 2941 2960 quod
2981 2898 3321 2944 muraenas
3362 2879 3670 2961 sanquine
3711 2878 3983 2942 humano
4026 2879 4379 2960 saginabat,

2422 2970 2479 3030 et
2520 2984 2622 3030 eos
2662 2965 2773 3047 qui
2828 2984 2897 3029 se
2950 2963 3199 3045 aliquid
3240 2964 3647 3046 offenderant,
3704 2965 3775 3028 in
3825 2964 4146 3030 vivarium
4160 3015 4175 3046 ,
4220 2964 4378 3048 quid

2422 3051 2604 3115 aliud
2647 3071 2837 3132 quam
2877 3050 3290 3131 serpentibus,
3350 3049 3536 3116 obiici
3589 3049 3880 3115 iubebat?
3973 3049 4027 3115 Ο
4068 3050 4380 3116 bominem

2422 3135 2595 3202 mille
2626 3135 2931 3202 mortibus
2971 3135 3246 3218 diynum,
3290 3136 3420 3201 sive
3459 3135 3843 3202 devorandos
3884 3154 4093 3201 servos
4135 3134 4383 3202 obiicie-

2424 3222 2528 3288 bat
2569 3223 2916 3301 muraenis,
2968 3242 3127 3303 quas
3183 3242 3408 3287 esurus
3461 3227 3632 3288 erat:
3673 3223 3806 3287 sive
3861 3222 3933 3286 in
3977 3220 4087 3287 hoc
4138 3226 4384 3288 tantum

2423 3309 2576 3374 illas
2608 3307 2824 3387 alebat,
2861 3312 2933 3372 ut
2964 3308 3056 3372 sic
3090 3308 3299 3373 aleret.
3394 3307 3924 3389 Quemadmodum
3966 3307 4208 3373 domini
4241 3327 4385 3374 cru-

2424 3393 2588 3459 deles
2620 3398 2744 3459 tota
2784 3394 3030 3458 civitate
3072 3398 3627 3458 commonstrantur
3670 3393 3983 3474 invisique
4027 3399 4082 3457 et
4114 3393 4381 3458 detesta-

2422 3480 2575 3544 biles
2614 3483 2786 3557 3661,
2831 3481 2923 3544 ita
2965 3499 3183 3562 reyum
3225 3484 3282 3543 et
3323 3479 3571 3543 iniuria
3613 3479 3808 3544 tatius
3850 3483 4061 3559 patet,
4109 3484 4169 3543 et
4212 3478 4383 3560 infa-

2422 3565 2559 3631 mia
2593 3570 2772 3646 atque
2804 3565 3020 3630 odium
3052 3564 3323 3630 saeculis
3353 3565 3647 3630 traditur.
3734 3564 3976 3646 Quanto
4011 3569 4219 3645 autem
4251 3584 4381 3629 non

2422 3651 2602 3715 nasci
2619 3649 2865 3784 a,melius
2912 3650 3064 3732 fuit,
3121 3670 3311 3732 quam
3352 3650 3680 3716 numerari
3722 3650 3884 3715 inter
3907 3648 4158 3732 publico
4217 3649 4388 3715 malo

2423 3741 2604 3802 natos
2617 3787 2631 3801 .

2525 3891 2538 3900 ν
2598 3857 2664 3922 Α
2695 3855 2927 3921 11161611
2962 3854 3046 3921 ad
3079 3856 3327 3920 minus:
3366 3855 3442 3921 81
3475 3877 3608 3922 non
3630 3855 3851 3921 omnia
3881 3854 4086 3920 licent
4116 3852 4383 3920 1161111116

2426 3943 2499 4007 16
2536 3963 2821 4020 servum,
2858 3962 3015 4025 ergo
3049 3961 3171 4007 nec
3203 3943 3487 4025 principi
3526 3942 3596 4006 in
3632 3940 3979 4006 subditum.
4050 3938 4166 4007 816
4201 3942 4384 4006 enim

2426 4027 2621 4094 debet
2653 4026 2960 4092 dominus
3003 4049 3193 4093 servo
3232 4028 3586 4111 imperare,
3622 4034 3699 4092 ut
3749 4028 4046 4092 interim=
4072 4039 4386 4111 agnoscat

2424 4113 2777 4180 hominem.
2870 4111 2983 4179 Sic
3019 4114 3323 4197 princeps
3367 4113 3689 4179 dominari
3729 4111 4006 4191 subdite,
4051 4121 4130 4178 ut
4170 4111 4384 4178 homi-

2424 4222 2578 4265 nem
2614 4206 2928 4284 agnoscat
2960 4207 3026 4263 et
3058 4199 3354 4268 liberum.
3415 4200 3480 4264 A
3512 4198 3782 4264 minori:
3829 4197 3906 4265 81
3943 4199 4190 4264 1161111111
4232 4220 4386 4264 cru-

2426 4286 2625 4365 deles,
2665 4306 2947 4368 quorum
2979 4283 3330 4351 crudelitas
3364 4285 3641 4368 privatis
3685 4284 4041 4368 parietibus
4085 4285 4383 4349 contine-

2426 4379 2566 4448 tur,
2613 4379 2748 4436 tota
2788 4371 3055 4437 civitate
3108 4375 3733 4436 commonstrantur:
3793 4392 4026 4455 regum
4081 4370 4380 4447 saevitia,

2427 4479 2595 4541 quae
2628 4458 2700 4522 in
2736 4456 3009 4540 populos
3045 4465 3404 4534 exercetur,
3443 4457 3514 4521 in
3557 4456 3799 4541 vulg-us
3843 4458 4106 4522 infamis
4150 4464 4271 4534 est,
4313 4464 4383 4522 et
4455 4473 4462 4480 ·

2425 4542 2510 4609 611
2551 4542 2954 4626 posteritatis
2998 4563 3251 4625 quoque
3293 4543 3676 4608 memoriam
3720 4541 4031 4608 dimanat.

2601 4627 2817 4695 Servis
2857 4630 3169 4711 imperare
3207 4626 3543 4715 moderate]
3585 4629 3713 4694 Est
3767 4630 3970 4694 etiam
4025 4648 4187 4712 erga
4227 4628 4383 4693 infi-

2421 4736 2610 4779 mum
2631 4713 2973 4780 hominum
2996 4735 3208 4797 genus
3227 4713 3552 4779 servanda
3584 4715 3855 4794 iustitia,
3877 4714 4097 4798 inquit
4129 4712 4381 4780 Oicero.

2420 4801 2518 4866 Hi
2561 4807 2715 4865 sunt
2756 4801 2959 4878 servi,
3006 4801 3242 4882 quibus
3291 4800 3388 4864 uti
3433 4801 3599 4866 bene
3653 4799 3917 4883 quidam
3972 4799 4386 4883 praecipiunt

2422 4893 2499 4952 ut
2539 4886 2978 4966 mercenariis,
3016 4884 3101 4950 ad
3143 4884 3497 4969 exigendas
3532 4906 3765 4969 operas
3778 4938 3793 4966 ,
3855 4893 3924 4950 et
3979 4887 4152 4951 iusta
4196 4905 4385 4968 prae-

2422 4970 2671 5038 standa.
2760 4973 2954 5038 Plato
2988 4991 3244 5056 quoque
3278 4971 3351 5036 in
3384 4971 3503 5036 VI.
3544 4970 3626 5037 de
3661 4972 4051 5056 Republica:
4090 4972 4235 5049 Est,
4281 4972 4385 5036 in-

2422 5059 2582 5142 quit,
2619 5067 2798 5124 recta
2821 5078 3162 5123 servorum
3195 5056 3512 5136 educatio,
3551 5064 3627 5123 ut
3668 5059 3853 5124 nulla
3875 5058 4006 5124 illis
4051 5065 4388 5123 contume-

2421 5144 2511 5209 lia
2565 5145 2905 5221 inferatur,
2937 5144 3304 5227 iniuriaque
3330 5144 3412 5209 iis
3434 5143 3644 5210 multo
3672 5144 3913 5224 minus,
3952 5144 4008 5209 81
4042 5145 4188 5209 fieri
4231 5163 4383 5226 pos-

2421 5232 2512 5296 sit
2526 5280 2543 5309 ,
2588 5251 2786 5314 quam
2821 5229 3200 5313 aequalibus
3243 5229 3600 5295 inferenda.
3692 5228 3933 5295 Modus
3987 5239 4210 5295 tamen
4264 5227 4384 5295 ad-

3907 5330 3971 5385 8*
