4984 5975
651 338 733 400 27
2434 332 2564 403 DE
2606 332 3153 419 channam
3730 356 3762 387 ··
3850 308 3877 331 ⁶
3942 318 3947 323 ’
4550 339 4635 403 es

647 525 1044 593 Varronem:
1101 527 1193 591 Et
1251 526 1385 590 iam
1437 545 1574 589 non
1615 543 1765 588 cum
1809 522 1983 600 aliis,
2031 521 2146 589 sed
2190 528 2408 585 tecum
2448 520 2590 602 ipse

648 620 841 679 certa.
930 612 1188 676 Plinius
1236 611 1309 674 in
1351 610 1785 695 Panegyrico:
1847 605 2067 688 Quam
2119 626 2438 689 magnum
2489 615 2593 669 est

648 719 734 764 ex
775 698 1079 763 omnibus
1135 697 1350 780 patrio
1391 716 1573 760 more
1589 746 1603 773 ,
1659 694 1873 777 patria
1915 694 2161 759 virtute
2202 691 2463 769 laetari,
2524 700 2591 755 et

646 785 788 849 sine
823 782 1097 861 aemule,
1133 782 1273 847 sine
1297 780 1597 863 exemplo
1632 801 1853 847 secum
1869 777 2274 845 contendere.
2341 777 2589 841 Exem-

644 864 790 951 plar
846 869 952 933 hic
1010 869 1269 951 proprie
1323 867 1689 948 usurpavit.
1789 864 1992 942 Nam,
2057 870 2135 928 ut
2199 864 2291 927 ait
2343 862 2586 927 Festus

644 954 1028 1036 Pompeiae,
1087 952 1464 1039 exemplum
1505 961 1609 1017 est
1675 950 1848 1034 quod
1914 970 2262 1032 sequamur
2315 956 2429 1011 aut
2482 948 2588 1011 fu-

644 1042 928 1124 giamus:
987 1040 1323 1122 exemplar
1379 1060 1461 1102 ex
1509 1059 1637 1120 quo
1679 1035 1890 1102 simile
1943 1035 2284 1111 faciamus,
2338 1033 2585 1115 impro-

642 1126 785 1208 prie
835 1124 1083 1191 dictum
1147 1147 1187 1190 a
1240 1123 1620 1205 Tranquillo
1686 1123 1757 1186 in
1812 1123 1948 1189 vita
2001 1118 2261 1184 Tiberii.
2361 1116 2583 1198 Quam

559 1238 586 1293 f
645 1211 829 1276 velut
863 1210 1262 1293 exemplaria
1295 1209 1606 1274 saevitiae
1643 1227 2025 1273 enumerare
2061 1211 2164 1270 sat
2198 1210 2355 1268 erat.
2413 1203 2586 1269 Item

650 1318 691 1361 a
730 1296 1037 1363 Cornelio
1080 1296 1306 1362 Tacito
1350 1294 1460 1359 lib.
1499 1294 1689 1358 XII:
1779 1294 1873 1357 At
1916 1293 1971 1356 81
2013 1289 2407 1356 111991111119111
2449 1310 2587 1354 891·-

643 1384 902 1449 vaveris
915 1432 930 1459 ‚
1000 1389 1342 1446 aeternum
1405 1379 1743 1463 exemplar
1794 1377 2178 1443 clementiae
2233 1394 2362 1439 ero.
2452 1375 2589 1439 De-

648 1467 930 1533 buerant
972 1466 1345 1549 excmplum
1391 1471 1540 1544 [pag.
1584 1470 1687 1544 15]
1733 1464 1964 1529 dicere.

812 1553 923 1618 Ad
962 1558 1214 1635 qustum
1254 1550 1554 1637 exigitur]
1611 1551 1692 1616 Id
1735 1558 1834 1614 est
1874 1547 2316 1614 conformatur
2360 1553 2426 1610 et
2481 1566 2585 1609 re-

799 1646 908 1704 tur
953 1638 1036 1703 ad
1078 1639 1370 1702 omnium
1415 1637 1820 1702 voluntatem
1859 1642 1925 1699 et
1964 1631 2376 1697 desiderium.
2467 1632 2585 1696 L:-

640 1726 788 1791 vius
830 1724 940 1789 lib.
983 1724 1103 1788 IV.
1161 1722 1318 1788 belli
1362 1718 1730 1788 Macedon:
1792 1718 2011 1784 Nolite
2064 1715 2148 1782 ad
2190 1725 2444 1783 vestras
2491 1717 2584 1781 le-

642 1832 756 1897 ges
800 1812 1063 1894 exigere
1107 1830 1186 1874 ea
1225 1828 1392 1890 quae
1435 1806 1931 1872 Lacedaemone
1974 1806 2159 1869 fiunt.

816 1896 1013 1962 Nemo
1055 1899 1259 1977 potest
1305 1914 1643 1974 personam
1697 1893 1812 1956 diu
1873 1886 2071 1975 ferre]
2142 1886 2337 1968 Quod
2399 1889 2583 1970 prius

640 1982 997 2049 bonitatem
1039 1979 1122 2044 ad
1164 1976 1421 2061 temp-us
1462 1986 1788 2060 sumptam
1804 2028 1819 2053 ,
1874 1996 2053 2039 nunc
2094 1994 2442 2058 personam

640 2069 758 2146 cit,
813 2072 1076 2150 sumpta
1130 2089 1168 2129 a
1222 2064 1541 2130 comoedis
1598 2070 1665 2127 ct
1716 2060 2044 2145 tragoedis
2075 2062 2124 2143 ¹)
2178 2060 2582 2141 metaphora,

641 2154 754 2237 qui
795 2148 1128 2235 personati
1173 2150 1469 2216 solebant
1511 2170 1705 2234 agere
1739 2149 1808 2211 in
1842 2147 2120 2212 theatro.
2188 2144 2381 2210 Unde
2415 2145 2586 2209 ferre

638 2258 1002 2322 personam,
1048 2238 1234 2320 quasi
1267 2258 1308 2300 a
1339 2237 1567 2303 nativa
1608 2236 1818 2300 forma
1859 2230 2233 2298 desciscere.
2300 2230 2395 2294 Et
2435 2251 2585 2314 pcr-

641 2329 946 2390 sonatum
999 2322 1333 2388 hominem
1387 2322 1663 2387 dicimus
1705 2320 1999 2383 fucatum
2042 2327 2109 2381 et
2149 2316 2584 2400 hypocritam.

641 2409 959 2492 Apuleius
1015 2409 1123 2475 lib.
1171 2407 1364 2473 Vm.
1421 2408 1719 2472 Metam:
1788 2405 2090 2486 Astuque
2142 2403 2310 2467 miro
2362 2422 2585 2484 perso·

641 2502 818 2573 nata,
863 2495 1179 2578 garrienti
1222 2494 1689 2575 summisseque
1734 2490 2137 2572 deprecanti,
2182 2487 2426 2565 adhuc,
2480 2489 2585 2551 in-

640 2581 797 2664 quit,
842 2581 943 2645 tui
983 2572 1204 2646 fratris
1247 2580 1504 2662 meique
1536 2578 1758 2644 mariti
1801 2576 1998 2641 facies
2038 2573 2317 2658 pulchra
2357 2573 2473 2637 illa
2512 2575 2584 2637 in

638 2667 803 2732 meis
847 2665 1218 2732 diversatur
1260 2665 1481 2731 oculis.
1605 2734 1616 2743 ,
1968 2662 1986 2685 χ
2441 2695 2450 2705 ν

815 2751 996 2815 Ficta
1049 2753 1167 2816 cito
1215 2752 1286 2815 in
1337 2757 1650 2816 naturam.
1689 2768 1873 2812 suam
1924 2742 2232 2831 recidunt]
2293 2744 2583 2809 Imitatio

639 2847 740 2903 est
781 2838 1119 2902 Ciceronis
1155 2858 1237 2901 ex
1259 2837 1349 2901 Π.
1386 2835 1604 2901 offic:
1665 2832 1973 2899 Socrates
2017 2832 2187 2896 hanc
2219 2831 2394 2895 viam
2432 2850 2584 2911 pro-

640 2925 888 2988 ximam
932 2930 998 2988 et
1038 2924 1223 3006 quasi
1267 2920 1813 3005 compendiariam
1870 2916 1953 2981 ad
2005 2916 2286 3000 gloriam
2329 2914 2587 2981 dicebat

643 3031 803 3088 esse,
850 3009 905 3074 si
946 3011 1092 3091 quis
1126 3009 1194 3073 id
1240 3015 1481 3092 ageret,
1526 3014 1603 3072 ut
1644 3004 1856 3088 qualis
1900 3004 2125 3068 haberi
2171 3001 2386 3079 vellet,
2433 3002 2584 3066 talis

640 3103 826 3161 esset.
896 3092 1091 3175 Quod
1134 3095 1188 3160 si
1229 3095 1342 3176 qui
1385 3093 1796 3159 simulatione
1833 3097 1899 3152 et
1931 3088 2114 3153 inani
2148 3087 2584 3152 ostentatione

640 3190 708 3247 et
746 3183 899 3246 ficto
953 3201 1085 3245 non
1135 3180 1326 3245 modo
1369 3199 1684 3256 sermone,
1731 3173 1845 3240 sed
1887 3174 2086 3239 etiam
2127 3174 2335 3250 vultu,
2381 3173 2582 3238 stabi-

638 3267 773 3331 lem
814 3286 885 3340 se
926 3265 1205 3349 gloriam
1260 3265 1569 3348 consequi
1621 3281 1809 3347 posse
1850 3267 2109 3338 rentur,
2167 3259 2358 3326 valde
2410 3259 2583 3324 deci-

639 3353 927 3436 piuntur.
1016 3352 1197 3416 Vera
1258 3353 1436 3416 enim
1502 3349 1711 3434 gloria
1784 3345 2069 3418 radicem
2145 3346 2313 3429 agit,
2388 3355 2624 3427 atque.

642 3439 839 3503 etiam
892 3447 1318 3521 propagatur:
1383 3440 1536 3503 ficta
1591 3434 1813 3499 omnia
1875 3432 2173 3497 celeriter
2187 3482 2204 3508 ,
2271 3441 2584 3514 tanquam

640 3523 910 3600 flosculi,
962 3522 1295 3589 decidunt:
1365 3545 1487 3589 nec
1528 3519 1908 3588 simulatum
1959 3517 2316 3600 quidquam
2369 3530 2585 3599 potest

642 3630 784 3674 9889
827 3608 1228 3673 diuturnum.
1320 3608 1542 3690 Qujd?
1589 3626 1807 3672 nonne
1847 3613 1916 3670 et
1964 3611 2188 3669 nostra
2226 3611 2439 3667 aetate
2482 3604 2582 3668 vi-

642 3694 795 3759 dere
860 3701 962 3760 est
1026 3703 1317 3760 monstra
1379 3693 1697 3777 quaedam
1750 3691 2093 3755 hominum
2148 3688 2581 3755 intercutibus

640 3781 820 3846 vitiis
881 3780 1286 3846 madentium
1300 3831 1314 3858 ,
1382 3778 1890 3862 praeferentium
1951 3787 2172 3840 tamen
2238 3783 2581 3846 externam

641 3866 922 3948 speciem
976 3877 1043 3931 et
1097 3867 1352 3933 larvam
1415 3862 1797 3949 probitatis?
1888 3862 2024 3943 Qui
2091 3872 2306 3926 tamen
2370 3863 2581 3927 instar

565 4031 582 4037 ι
640 3972 825 4016 cerac
868 3951 1345 4034 colliquescent,
1391 3973 1597 4034 quum
1641 3970 1783 4015 sese
1827 3959 2086 4014 exseret
2107 3949 2366 4025 veritae,
2412 3968 2579 4030 quae

636 4036 774 4101 filia
816 4047 922 4101 est
963 4039 1288 4121 temporis.
1377 4029 1692 4102 Vendant
1733 4043 1809 4099 ut
1851 4035 2092 4113 volent,
2147 4033 2382 4117 populo
2427 4035 2577 4098 tris-

637 4129 738 4188 tes
800 4124 1288 4200 sanctimonias,
1354 4124 1482 4187 erit
1543 4120 1890 4204 aliquando
1955 4129 2031 4191 ut
2094 4121 2274 4186 fumo
2338 4131 2580 4202 pereat,

681 4208 754 4272 ui
795 4208 1049 4272 fumum
1091 4207 1482 4273 vendiderit.
1573 4207 1802 4273 Oicero
1847 4206 1929 4271 ad
1973 4207 2173 4271 Attic.
2233 4206 2344 4273 lib.
2391 4206 2578 4270 VIL:

705 4314 859 4359 uam
912 4305 1045 4357 n'on
1100 4300 1201 4359 est
1265 4294 1473 4359 facilis
1529 4294 1739 4359 virtus
1753 4344 1770 4371 ,
1836 4298 2032 4376 quam
2081 4313 2235 4358 vero
2298 4292 2582 4358 difficilis

640 4381 778 4445 eius
823 4378 1138 4443 diuturna
1180 4380 1524 4445 simulatiO.
1863 4379 1872 4390 ’

810 4464 920 4528 Ea:
939 4465 1137 4530 solido
1157 4463 1557 4551 enascuntur]
1605 4465 1858 4549 Corpus
1893 4463 2173 4530 solidum
2209 4464 2383 4547 apud
2407 4465 2580 4531 Geo-

639 4558 902 4629 metras,
947 4550 1119 4632 quod
1142 4551 1381 4633 triplici
1406 4551 1809 4617 dimensione
1832 4560 2106 4630 constat,
2151 4551 2577 4636 longitudine,

638 4634 984 4700 latitudine
1028 4644 1094 4701 et
1138 4636 1502 4716 altitudine,
1556 4646 1631 4702 ut
1674 4647 1774 4703 est
1815 4636 1989 4721 apud
2033 4637 2328 4703 Gellium
2371 4637 2478 4703 lib.
2523 4638 2578 4703 I.

639 4742 778 4804 cap.
836 4725 918 4785 20
974 4731 1040 4786 et
1093 4722 1268 4804 apud
1309 4723 1652 4789 Euclidem
1707 4722 1818 4788 lib.
1863 4725 1939 4804 1.,
1995 4725 2347 4808 opponitur
2397 4725 2583 4789 inani

640 4827 758 4872 seu
797 4828 1025 4873 vacuo.
1117 4808 1430 4876 Horatius
1476 4807 1695 4895 Satyr.
1738 4810 1861 4876 Π.;

1074 4903 1077 4907 ·
1117 4892 1192 4946 Et
1224 4895 1380 4948 inane
1417 4895 1732 4950 abscindere
1768 4896 1941 4952 soldo.
2475 4941 2482 4950 .

640 4979 772 5045 Hic
819 5000 974 5063 ergo
1018 4979 1408 5045 translatitie
1453 5003 1536 5046 ex
1595 4982 1800 5048 solido
1845 4985 2065 5049 enasci
2107 4984 2363 5061 dicitur,
2410 4982 2583 5066 quod

639 5085 777 5130 non
811 5072 1072 5132 tantum
1106 5067 1517 5148 superficiem
1557 5068 1754 5134 habet
1787 5079 1904 5134 aut
1938 5083 2156 5135 cutem
2189 5089 2581 5152 supremam,

695 5303 710 5310 -
778 5253 856 5320 1)-
877 5253 1192 5308 Nonnullae
1224 5269 1384 5309 rece„-
1419 5235 1712 5311 comoediis
1746 5262 1803 5310 et
1836 5257 2146 5326 tragoediis.

2695 522 2811 589 sed
2852 524 3120 606 plenum
3153 532 3255 591 est
3286 531 3354 589 et
3386 525 3746 608 integrum:
3792 525 4070 608 qualiter
4102 526 4408 590 Donatus
4444 544 4632 591 enar-

2694 616 2802 674 rat
2838 610 2914 674 in
2946 608 3202 674 Andria
3242 610 3548 675 Terentii.
3639 608 3753 677 Sic
3770 609 4069 676 ssurtius
4110 610 4220 677 lib.
4263 609 4419 676 IX.:
4466 609 4532 675 N
4530 631 4634 677 98-

2694 701 2798 761 tra
2841 716 3096 778 quoque
3139 694 3348 778 gloria
3390 716 3595 777 quum
3638 696 3725 761 sit
3778 717 3863 762 ex
3920 695 4152 773 solido,
4210 695 4359 778 plus
4413 704 4634 763 tamen

2693 780 2893 845 habet
2936 781 3238 858 nominis,
3282 801 3483 862 quam
3527 782 3758 864 operis.

2863 860 3171 949 Maqnam
3205 867 3419 932 adibat
3449 865 3680 952 aleam]
3728 865 4080 951 Significat
4118 888 4260 933 rem
4294 887 4633 934 romanam

2693 952 2763 1015 in
2806 968 3046 1036 magno
3102 951 3477 1017 discrimine
3529 952 3731 1018 fuisse
3785 953 3969 1035 prius
4025 973 4221 1035 quam
4263 953 4440 1019 Nero
4495 972 4633 1018 cer-

2691 1044 2827 1101 tam
2893 1040 3068 1103 vitae
3130 1038 3453 1103 rationem
3520 1037 3853 1104 habuisset
3916 1040 4363 1104 constitutam:
4431 1059 4637 1121 quum
4734 1048 4753 1055 ⁴

2691 1123 2988 1187 nondum
3032 1124 3278 1189 scilicet
3322 1123 3581 1206 aliquod
3630 1124 3881 1208 ingenii
3926 1125 4256 1206 specimen
4298 1123 4635 1190 exhibuis-

2691 1217 2807 1286 set,
2852 1208 3026 1274 unde
3070 1215 3414 1291 caperetur
3463 1210 3835 1275 coniectura
3877 1208 4115 1291 probae
4156 1208 4419 1274 indolis.
4508 1210 4637 1276 Est

2691 1294 2867 1360 enim
2913 1308 3090 1360 aetas
3135 1294 3250 1359 illa
3308 1294 3614 1361 flexibilis
3657 1304 3723 1360 et
3764 1293 4039 1374 lubrica,
4099 1316 4267 1377 quae
4321 1294 4511 1361 facile
4566 1303 4636 1359 et

2690 1400 2911 1445 rerum
2949 1381 3279 1462 imperitia
3320 1380 3591 1461 labitur,
3649 1390 3718 1445 et
3770 1380 4000 1447 alienis
4051 1381 4337 1446 consiliis
4382 1380 4635 1446 abstra-

2690 1465 2874 1530 hitur
2892 1518 2907 1544 ,
2976 1475 3301 1549 postremo
3359 1487 3398 1530 a
3452 1474 3628 1530 recta
3691 1467 4095 1550 honestaque
4152 1465 4497 1550 disciplina
4550 1464 4636 1532 ad

2688 1552 2923 1617 luxum
2970 1551 3466 1633 voluptatesque
3510 1551 3853 1630 delabitur,
3899 1554 3993 1617 ait
4032 1552 4465 1627 Herodianus.
4542 1555 4637 1617 At

2690 1659 2844 1704 vero
2888 1638 2959 1701 in
3000 1638 3291 1702 moribus
3335 1637 3649 1721 principis
3686 1637 3904 1720 agitur
3938 1637 4274 1721 publicum
4311 1649 4426 1702 aut
4460 1659 4632 1704 com-

2689 1724 2986 1802 modum,
3033 1732 3152 1787 aut
3192 1723 3573 1804 periculum.
3662 1723 3774 1788 Nil
3816 1724 4022 1808 igitur
4065 1725 4309 1788 mirum
4352 1723 4408 1787 si
4449 1743 4633 1807 mag-

2691 1832 2842 1875 nam
2879 1809 3101 1874 adibat
3137 1813 3284 1887 [pag.
3319 1815 3433 1889 16]
3469 1809 3681 1874 aleam
3725 1809 4006 1892 populus
4043 1829 4369 1893 romanus.
4436 1808 4634 1875 Nunc

2688 1916 2845 1961 vero
2888 1895 3172 1960 evolavit
3214 1895 3599 1976 periculum,
3646 1895 3739 1960 sic
3782 1895 3954 1960 iacta
3996 1904 4151 1960 sunt
4185 1894 4629 1973 fundamenta,

2486 1972 2584 2037 di·
2661 1988 2765 2056 ,ut
2825 2002 2957 2045 non
3018 1981 3225 2063 possit
3275 2001 3314 2043 a
3366 1980 3536 2044 laeto
3605 1982 3922 2063 principio
3987 1980 4334 2045 dissentire
4398 1982 4629 2044 exitus.

2688 2067 2936 2132 Notum
2992 2075 3093 2131 est
3147 2065 3355 2131 aleam
3411 2087 3551 2132 esse
3607 2066 3837 2131 ludum
3899 2067 4195 2131 fortunae
4264 2065 4633 2131 subiectum

2689 2154 3019 2218 varietati:
3093 2174 3133 2216 a
3188 2172 3317 2233 qua
3379 2152 3852 2236 significatione
3911 2153 4247 2235 primitiva
4301 2151 4461 2217 haec
4517 2172 4636 2237 per

2688 2236 3183 2304 similitudinem
3227 2237 3580 2316 derivatur,
3626 2259 3790 2321 quae
3829 2238 4154 2322 significat
4189 2257 4380 2302 omne
4415 2239 4632 2304 cuius-
4748 2290 4753 2297 .

2688 2345 2942 2409 cunque
2976 2323 3238 2407 generis
3271 2323 3649 2406 periculum.
3710 2323 4026 2388 Horatius
4062 2323 4229 2388 libro
4266 2321 4485 2387 Carm.
4509 2322 4631 2387 11.:

3066 2410 3409 2464 Periculosae
3445 2409 3662 2478 plenum
3699 2425 3835 2477 opus
3872 2409 4039 2463 aleae.

2689 2496 2998 2561 Lucanus
3040 2493 3148 2559 lib.
3195 2493 3347 2558 VL:

2922 2592 2929 2597 ’
3541 2596 3731 2650 Placet
3764 2596 3884 2650 alea
3918 2596 4017 2650 fati

3101 2664 3431 2718 Alterutrum
3467 2680 3709 2719 mersura
3745 2672 3922 2732 caput.
3981 2691 3998 2713 ν

2689 2753 2923 2816 Livius
2968 2751 3142 2815 idem
3185 2749 3462 2815 verbum
3505 2750 3822 2832 apposuit,
3868 2771 3995 2832 quo
4041 2771 4215 2815 nunc
4254 2752 4465 2815 utitur
4506 2747 4633 2816 Se-

2688 2857 2875 2902 neca:
2945 2837 3131 2902 cuius
3185 2836 3389 2900 verba
3443 2846 3599 2901 sunt
3653 2834 3762 2899 lib.
3820 2835 3903 2899 I.:
3958 2835 4095 2916 Qui
4152 2858 4286 2901 non
4341 2837 4635 2902 contenti

2687 2923 2984 2989 libertate
3025 2929 3217 3000 certa,
3263 2922 3334 2984 in
3378 2920 3643 2985 dubiam
3687 2922 3945 3004 imperii
3995 2923 4371 3006 servitiique
4418 2922 4634 2990 aleam
4668 2944 4683 2953 ·

2687 3012 2890 3088 imus:
2945 3011 3239 3073 ineamus
3282 3008 3565 3091 aliquam
3609 3008 3817 3086 viam,
3907 3029 3995 3072 ua
4034 3010 4169 3073 utri
4213 3010 4381 3073 utris
4424 3010 4635 3092 impe-

2688 3105 2837 3160 rent
2880 3096 3019 3160 sinc
3063 3115 3302 3177 magna
3334 3093 3535 3173 clade,
3582 3094 3722 3158 sine
3767 3115 3833 3156 m
3908 3103 3974 3157 to
4020 3096 4338 3180 sanguine
4382 3095 4634 3160 utrius-

2731 3202 2813 3246 ue
2856 3179 3079 3263 populi
3121 3179 3382 3245 decerni
3423 3179 3647 3262 possit.
3738 3178 4009 3244 Dictum
4054 3181 4356 3247 Caesaris
4399 3180 4555 3245 Iulii
4592 3202 4638 3245 a

2687 3203 3001 3333 {uetonio
3033 3266 3372 3330 recitatur:
3419 3266 3605 3331 Iacta
3647 3273 3748 3329 est
3793 3266 3951 3336 alea.
4024 3265 4174 3347 Quo
4205 3267 4634 3351 significatur,

2687 3373 3012 3419 summam
3065 3352 3161 3414 rei
3219 3352 3516 3416 fortunae
3568 3352 3872 3416 manibus
3926 3360 3994 3416 et
4034 3353 4307 3435 imperio
4357 3353 4636 3436 permis-

2686 3457 2844 3504 sam.
2937 3437 3190 3503 Graece
3234 3435 3407 3519 apud
3449 3436 3882 3502 Plutarchum
3923 3436 4182 3523 ἐρῤίφθη
4226 3441 4421 3520 κῦβος.

2863 3525 2995 3606 Quo
3018 3543 3084 3587 se
3104 3522 3590 3588 nobilisvindoles
3611 3520 3818 3610 daret]
3863 3523 3945 3587 Id
3966 3532 4083 3602 est,
4123 3524 4360 3607 quibus
4395 3522 4639 3590 studiis

2685 3611 2977 3676 animum
2998 3607 3371 3691 applicaret,
3399 3608 3448 3692 ¹)
3484 3627 3679 3691 quam
3708 3611 3881 3674 vitae
3918 3609 4301 3675 methodum
4324 3630 4629 3693 sequere-

2685 3706 2813 3762 tur.
2902 3695 3204 3760 Honesta
3254 3703 3355 3759 est
3393 3695 3700 3776 loquuti0.
3794 3695 4023 3761 Cicero
4077 3695 4243 3761 libro
4285 3695 4486 3760 XIII.
4540 3694 4633 3760 ad

2685 3782 3008 3847 Atticum:
3056 3778 3277 3859 Quare
3322 3779 3405 3843 da
3446 3790 3511 3846 te
3554 3781 3622 3844 in
3667 3800 4064 3860 sermonem,
4112 3790 4180 3845 et
4221 3800 4512 3864 perseca,
4556 3785 4634 3845 e't

2685 3869 2956 3944 confice,
3019 3865 3259 3940 excita,
3327 3866 3674 3948 compella,
3741 3867 4023 3949 loquere.
4113 3868 4205 3933 Et
4257 3865 4365 3931 lib.
4423 3866 4630 3934 XIII.

2683 3954 2895 4036 Epist.
2948 3951 3183 4015 famil:
3238 3950 3315 4016 Si
3372 3974 3502 4034 qua
3545 3952 4022 4017 offensiuncula
4063 3952 4235 4019 facta
4277 3959 4380 4017 est
4423 3952 4633 4018 animi

2686 4040 2783 4104 tui
2830 4039 3252 4120 perversitate
3296 4037 3678 4119 aliquorum,
3726 4037 3839 4102 des
3881 4045 3949 4101 te
3992 4037 4076 4102 ad
4117 4038 4472 4116 lenitatem,
4519 4037 4637 4102 vel

2685 4133 2953 4209 propter
3017 4143 3340 4187 summam
3409 4123 3911 4206 humanitatem,
3993 4124 4097 4188 vel
4163 4125 4427 4189 honoris
4493 4124 4637 4189 mei

2685 4231 2898 4276 causa.
2988 4207 3100 4273 Sic
3137 4209 3338 4272 etiam
3380 4210 3505 4287 hic,
3553 4229 3678 4290 quo
3723 4230 3792 4273 se
3837 4209 4041 4286 daret,
4086 4209 4155 4275 id
4198 4217 4297 4275 est
4341 4206 4425 4274 ad
4466 4229 4637 4291 quos

2646 4311 2649 4314 “
2685 4297 2959 4361 affectus
3008 4294 3305 4360 animum
3357 4295 3716 4378 appelleret
3728 4297 3786 4378 ⁴²)
3852 4301 3920 4358 et
3979 4292 4341 4362 inclinaret.
4441 4293 4639 4361 Haeo

2685 4383 2861 4448 enim
2905 4379 3034 4445 duo
3074 4379 3280 4445 verba
3321 4380 3647 4464 applicare
3685 4393 3751 4444 et
3793 4379 3975 4458 dare,
4023 4380 4197 4464 apud
4241 4380 4643 4446 Ciceronem

2685 4488 2801 4552 pro
2845 4464 3072 4531 codem
3126 4466 3337 4547 posita
3378 4467 3816 4549 reperiuntur.
3906 4466 4195 4532 Verrina
4236 4467 4387 4532 IV.:
4444 4465 4643 4533 Bene

2683 4554 2943 4637 penitus
2957 4604 2970 4629 ,
3024 4551 3263 4633 inquit,
3318 4554 3389 4616 in
3442 4552 3635 4616 istius
3688 4551 4196 4617 familiaritatem
4243 4573 4386 4617 sese
4429 4550 4644 4619 dedit.

2684 4641 2766 4704 In
2834 4638 3122 4703 oratione
3188 4646 3405 4703 autem
3472 4639 3590 4720 pro
3645 4635 3983 4702 Cluentio:
4050 4635 4142 4703 Se
4206 4636 4292 4702 ad
4342 4637 4651 4705 hominis

2683 4725 2952 4811 egentis,
2994 4722 3277 4801 audacis,
3320 4725 3391 4788 in
3436 4722 3688 4787 iudiciis
3732 4723 4223 4806 corrumpendis
4264 4723 4647 4806 exercitati,

2683 4811 2831 4876 tum
2873 4819 3095 4874 autem
3134 4809 3366 4876 iudicis
3409 4808 3667 4875 Staieni
3708 4808 4216 4874 familiaritatem
4257 4829 4340 4892 ap
4384 4808 4648 4877 licavit.

2683 4896 2873 4962 Idem
2915 4893 3143 4960 Cicero
3186 4894 3317 4959 alia
3350 4895 3615 4980 syntaxi
3657 4914 3815 4959 usus
3858 4902 3959 4960 est
3995 4895 4160 4962 libro
4417 4894 4651 4978 Epist.

2685 5003 2885 5066 quum
2924 4979 3115 5045 dixit:
3161 4981 3255 5046 M.
3301 4981 3517 5046 Varro
3544 4981 3858 5064 petitioni
3900 5002 3971 5047 se
4014 4980 4209 5046 dedit.

2824 5187 2881 5251 1)
2932 5182 3081 5237 Edd.
3126 5185 3478 5248 recentiores.-
3523 5202 3592 5255 ap
3634 5187 3838 5241 elleret.
4043 5184 4103 5252 2)
4154 5183 4248 5240 Sic
4286 5185 4421 5242 labro·
4453 5191 4669 5247 nome·

2685 5269 2886 5316 omnes,
2921 5252 3017 5307 eod
3043 5254 3301 5324 princeps
3333 5257 3395 5309 in
3652 5255 3812 5310 ndis.-
3843 5255 4160 5325 applicaret.
