4984 5975
92 5061 95 5074 “
92 4945 103 5020 ιιι-..-
91 4399 103 4928 *ῡ-Ἦμῄ--μᾼττ--ή
92 4251 95 4318 u?

618 325 704 388 88
1212 384 1245 391 ,,
2266 319 2396 385 nn
2441 314 2988 383 CLEMENTIA
4529 322 4603 386 34

616 512 824 594 nigne
891 509 1163 593 excepit.
1263 508 1653 573 Pontificem
1712 506 1963 572 statim·
2004 505 2384 571 declaravit:
2452 526 2576 571 nec

618 597 833 661 multo
867 605 1017 680 post
1060 593 1396 659 consulem
1437 592 1744 670 instituit,
1791 600 1860 657 et
1903 590 2141 676 Syriae
2184 600 2573 674 praetorem.

618 682 913 747 Antonio
956 679 1131 763 apud
1175 680 1441 744 Actium
1485 679 1807 761 posterius
1852 677 2112 744 devicto
2132 729 2147 756 ‚
2188 676 2425 741 consul
2471 677 2577 741 ius

616 766 860 851 populo
902 766 1288 850 plerumque
1332 763 1532 842 dixit,
1588 764 1883 848 seditque
1935 783 2055 846 pro
2099 762 2331 828 rostris
2375 783 2451 827 eo
2504 762 2577 826 in

619 854 778 931 loce,
817 873 944 935 quo
987 861 1183 936 caput
1223 851 1520 932 parentis
1542 851 1685 915 eius
1707 868 2069 932 manusque
2105 847 2572 933 pependerant.

624 939 837 1003 Autor
876 938 1225 1020 Appianus
1264 935 1373 1002 lib.
1419 935 1541 1003 IV.
1631 935 1840 1000 Addit
1877 934 2278 1000 Plutarchus
2323 934 2394 998 in
2419 934 2580 997 Vita

623 1022 979 1103 Ciceronis,
1025 1022 1340 1107 collegam
1386 1043 1530 1087 esse
1576 1021 1959 1106 adoptatum
2001 1021 2074 1084 in
2117 1020 2459 1085 consulatu
2496 1020 2578 1085 ab

630 1109 952 1192 Augusto,
993 1128 1120 1191 quo
1168 1113 1315 1188 [pag.
1357 1112 1463 1186 74]
1511 1128 1680 1171 anno
1716 1113 1984 1171 senatus
2021 1112 2269 1171 statuas
2305 1106 2581 1170 Antonii

624 1194 875 1272 deiecit,
922 1216 998 1260 ac
1040 1194 1358 1259 nonnulla
1409 1202 1794 1259 ornamenta
1846 1192 2158 1257 abolevit:
2216 1201 2292 1256 ut
2356 1190 2580 1256 divino

624 1280 906 1363 quodam
940 1282 1074 1345 fato
1110 1279 1345 1345 ultima
1386 1280 1548 1344 ultio
1592 1278 1675 1343 ad
1719 1277 2057 1344 Ciceronis
2093 1278 2361 1343 domum
2404 1276 2580 1341 redi-

623 1374 744 1433 ret.
833 1367 989 1432 Non
1021 1366 1230 1450 igitur
1262 1366 1380 1432 abs
1427 1387 1497 1430 re
1538 1372 1731 1431 vocat
1770 1385 1880 1429 eos
1924 1362 2179 1430 Seneca
2216 1365 2446 1427 florem
2488 1364 2580 1427 ci-

622 1453 867 1531 vitatis,
915 1452 1027 1535 qui
1071 1473 1203 1516 non
1247 1451 1639 1517 mediocrem
1681 1449 1897 1516 locum
1940 1450 2337 1515 obtinebant.

802 1539 1029 1620 Ipsum
1086 1535 1426 1624 Lepidum]
1492 1537 1800 1602 Primum
1867 1544 2015 1619 post
2078 1535 2405 1600 tumultus
2461 1554 2582 1617 per

625 1624 945 1689 Fulvium
988 1632 1066 1691 et
1095 1625 1176 1689 L.
1225 1623 1594 1688 Antonium
1636 1623 1951 1688 excitatos
1995 1619 2278 1687 divisum
2319 1626 2423 1685 est
2476 1619 2580 1684 in·

626 1725 731 1775 ter
766 1731 875 1776 eos
917 1710 1284 1794 imperium.
1375 1708 1614 1774 Omnis
1658 1707 1742 1772 ad
1779 1709 2102 1772 orientem
2146 1713 2394 1772 tractus
2437 1707 2580 1770 An·-

625 1796 803 1861 tonio
856 1816 1231 1873 concessus,
1279 1794 1547 1860 Caesari
1604 1793 1955 1859 attributae
2007 1800 2227 1877 partes
2284 1789 2368 1857 ad
2413 1791 2583 1857 occi·-

627 1880 920 1959 dentem,
986 1882 1080 1945 ita
1140 1891 1217 1945 ut
1279 1881 1641 1945 terminum
1704 1880 1996 1964 facerent
2059 1879 2322 1943 Ionium
2380 1897 2580 1942 mare.

626 1967 882 2050 Lepido
918 1968 1238 2050 permissa
1279 1967 1523 2031 Africa.
1611 1966 1758 2030 Iam
1814 1974 1961 2029 tum
2006 1963 2309 2029 Caesaris
2352 1972 2582 2046 poten-

626 2055 719 2117 tia
761 2075 963 2136 supra
1005 2052 1341 2136 Lepidum
1384 2052 1795 2129 efferebatur,
1841 2072 2044 2133 quum
2095 2057 2316 2114 tamen
2360 2049 2583 2114 hacte-

628 2159 753 2203 nus
795 2149 863 2204 et
896 2139 1215 2223 dignitate
1251 2146 1319 2203 et
1354 2138 1599 2203 bonore
1641 2136 1938 2219 Lepidus
1980 2137 2282 2219 superior
2334 2135 2578 2200 fiiisset.

628 2222 742 2291 Sic
800 2234 1020 2288 tamen
1071 2228 1490 2308 quieverunt,
1538 2223 1743 2289 donec
1799 2229 2109 2289 evocatus
2163 2222 2244 2287 ab
2304 2219 2583 2287 Octavio

629 2309 713 2374 ad
766 2311 1083 2375 auxilium
1149 2309 1493 2374 ferendum
1549 2311 1623 2373 in
1681 2306 2122 2392 expugnando
2178 2305 2334 2373 Sex.
2380 2307 2582 2371 Pom-

625 2395 773 2479 peio
818 2395 1098 2460 duarum
1143 2404 1212 2459 et
1253 2395 1522 2479 viginti,
1570 2417 1706 2473 seu,
1751 2404 1830 2459 ut
1864 2394 1976 2458 alii
2020 2394 2285 2469 volunt,
2342 2392 2583 2477 viginti

624 2482 958 2565 legionum
1024 2481 1264 2547 fiducia
1326 2481 1741 2564 superbiens,
1782 2484 2099 2545 'summas
2170 2479 2314 2545 sibi·
2360 2490 2583 2562 partes

625 2567 1019 2634 vendicaret.
1121 2568 1294 2632 Tum
1363 2564 1682 2633 Octavius
1750 2574 1965 2633 castra
2016 2567 2161 2631 eius
2217 2565 2580 2650 ingressus,

626 2654 927 2736 quamvis
965 2654 1196 2736 capitis
1233 2652 1629 2730 discrimine,
1663 2673 1886 2717 rerum
1922 2661 2143 2716 tamen
2181 2652 2427 2734 potitus
2463 2659 2581 2728 est,

628 2749 695 2804 et
728 2747 1044 2822 exceptus
1094 2740 1487 2805 salutatione
1532 2737 1817 2802 militari.
1899 2736 2197 2820 Lepidus
2238 2738 2435 2803 rebus
2469 2736 2585 2802 de-

629 2825 905 2908 speratis
927 2826 1131 2889 vitam
1167 2824 1544 2908 impetravit
1580 2824 1829 2890 abiecto
1872 2824 2283 2908 magistratu,
2324 2824 2393 2887 in
2434 2822 2583 2888 Cir-

629 2911 799 2975 ceios
853 2910 1209 2995 relegatus,
1266 2911 1379 2976 ubi
1434 2910 1765 2993 reliquum
1809 2910 1983 2974 vitae
2028 2919 2288 2992 tempus
2342 2909 2582 2974 finivit.

628 2996 813 3062 Haec
846 2998 1085 3080 partim
1121 3019 1204 3062 ex
1244 2998 1571 3081 Appiano,
1612 2996 1853 3080 partim
1889 3017 1973 3061 ex
2009 2994 2386 3074 Plutarcho,
2432 3015 2585 3078 par-

628 3083 750 3147 tim
792 3084 992 3148 etiam
1035 3104 1119 3147 ex
1163 3081 1562 3167 Tranquillo.

807 3168 936 3233 Per
987 3169 1210 3234 multos
1261 3189 1462 3234 annos
1502 3166 1672 3255 tulit]
1720 3167 1944 3250 Atque
1988 3167 2053 3232 id
2099 3168 2275 3232 inter
2317 3163 2582 3232 Octavii

626 3253 857 3320 laudes
891 3256 1118 3337 reponi
1153 3276 1286 3319 non
1322 3253 1533 3332 debet,
1571 3256 1685 3337 qui
1720 3261 1795 3318 ut
1834 3254 2126 3336 primum
2168 3253 2401 3335 potuit,
2448 3253 2584 3318 Le-

587 3348 595 3358 '
625 3340 855 3424 pidum
897 3340 1200 3424 spoliavit
1241 3341 1422 3405 omni
1466 3340 1804 3424 dignitate.

800 3426 970 3491 Eius
997 3425 1435 3508 pontificatum
1468 3422 1851 3511 maoeimum]
1890 3424 2187 3508 Lepidus
2219 3434 2372 3507 post
2405 3447 2581 3490 mor-

627 3521 764 3578 tem
821 3513 980 3577 Iulii
1036 3511 1337 3578 Caesaris
1390 3513 1847 3595 pontificatum
1906 3512 2268 3576 maximum
2334 3511 2584 3577 invasit

624 3620 752 3682 quo
786 3600 1054 3665 functus
1099 3606 1198 3664 est
1242 3596 1323 3663 ad
1368 3606 1647 3664 mortem
1688 3617 1897 3680 usque
1948 3597 2147 3663 etiam
2203 3617 2406 3679 quum
2463 3619 2580 3662 ex-

625 3683 885 3752 sularet.
974 3684 1075 3749 Eo
1113 3692 1373 3750 mortuo
1414 3683 1658 3750 Caesar
1694 3682 1777 3747 ad
1812 3704 1885 3748 se
1928 3683 2150 3747 traxit.
2216 3682 2581 3748 Creabatur

624 3772 916 3854 primum
960 3792 999 3835 a
1042 3770 1317 3855 collegio
1356 3771 1768 3854 pontificum,
1831 3767 2068 3833 deinde
2113 3767 2237 3833 Cn.
2279 3769 2579 3835 Domitio

626 3856 889 3922 consule
958 3857 1063 3921 ius
1129 3857 1597 3941 suffragiorum
1659 3854 1742 3919 ad
1809 3853 2123 3936 populum
2187 3855 2582 3920 translatum

628 3948 786 4006 erat.
891 3940 1351 4008 Sacerdotium
1414 3947 1557 4007 erat
1624 3939 2008 4023 amplissimi
2077 3940 2359 4005 honoris.
2472 3940 2582 4005 Ita

628 4027 805 4091 enim
840 4028 1307 4110 superstitione
1340 4027 1836 4094 obstrinxerant
1865 4024 2090 4109 populi
2126 4026 2379 4091 animos
2415 4047 2580 4109 pon-

626 4113 852 4192 tifices,
899 4119 973 4177 ut
1018 4122 1241 4178 essent
1284 4116 1531 4196 primae
1574 4113 1647 4177 in
1689 4110 1854 4177 urbe
1898 4111 2265 4177 autoritatis
2321 4111 2580 4195 publice

626 4206 694 4264 et
748 4198 1075 4283 privatim.
1137 4198 1289 4281 lpse
1352 4199 1649 4282 pontifex
1715 4199 2046 4263 maximus
2111 4197 2290 4262 inter
2353 4219 2579 4263 omnes

626 4285 970 4368 pontifices
1016 4285 1388 4367 spectabilis
1433 4293 1501 4350 et
1543 4284 2119 4349 eminentissimus.

800 4370 1039 4435 Maluit
1071 4371 1237 4435 enm
1277 4370 1460 4436 illum
1501 4370 1793 4437 honorem
1867 4369 2340 4452 Epiphonema.

804 4457 1077 4523 Gratum
1142 4476 1218 4522 ac
1273 4453 1716 4542 favorabilem]
1871 4457 1927 4518 'c
1985 4456 2310 4537 passivam
2377 4456 2581 4522 habet

625 4544 1211 4695 fflificationem&
1230 4542 1347 4626 qui
1390 4564 1548 4608 usus
1591 4542 1928 4640 autoribus
1970 4541 2180 4624 magis
2218 4541 2575 4641 familiaris.

627 4629 1106 4798 dmssfflt.
1140 4626 1397 4798 {13³qu
1400 4626 1935 4812 Ιὲἓνξξῗῖέέῗᾞέῗ
1949 4627 2579 4779 ’ζῗιέὲῗὲὦῖ-

626 4809 748 4883 ret,
794 4821 952 4885 prae
996 4801 1190 4866 turba
1231 4807 1713 4865 occurrentium
1755 4807 2376 4883 prosequentiumve
2411 4819 2580 4864 non-

622 4886 2282 5054 ssssssffldztffltfflpt‘ffqzffffimm.
2306 4884 2582 5037 Zhffiffi·

626 5079 703 5124 ac
744 5057 1084 5123 favorabili
1129 5078 1325 5123 causa
1365 5057 1584 5123 velim.
1674 5056 2032 5141 Reperitur
2072 5063 2297 5123 tamen
2349 5058 2578 5137 active,

504 5179 507 5182 ·
624 5153 857 5211 contra
900 5144 1416 5209 observationem
1459 5141 1694 5207 Vallae
1737 5150 1804 5206 et
1855 5142 2197 5222 Beroaldi,
2243 5142 2419 5226 apud
2459 5143 2580 5209 Li-

617 5232 811 5295 vium
852 5230 1019 5295 libro
1053 5231 1284 5296 XXII.
1376 5228 1481 5294 De
1536 5229 1843 5294 Terentio
1899 5228 2077 5293 enim
2128 5230 2434 5296 Varrone
2482 5228 2581 5295 lo-

2680 522 2907 585 quens,
2955 503 3107 581 iam,
3154 502 3385 584 inquit,
3431 502 3514 566 ad
3537 501 3917 568 consulatus
3952 521 4137 584 spem
4157 521 4357 584 quum
4375 506 4608 573 attolle-

2680 594 2785 654 ret
2826 589 3097 668 animos‚
3145 587 3327 652 haud
3353 608 3589 671 parum
3621 586 3851 654 callide
3874 609 4104 652 auram
4124 587 4488 657 favorabilis
4506 613 4607 675 po-

2679 674 2823 756 puli
2843 696 2924 740 ex
2950 672 3292 740 dictatoria
3311 671 3563 739 invidia
3582 675 3762 758 petit.
3820 672 3936 739 Sic
3957 673 4295 757 Vergilius
4330 674 4398 739 in
4418 675 4611 743 Geor-

2728 761 2870 826 'cisz
2916 760 3322 842 penetrabile
3363 760 3600 844 frigus,
3645 767 3712 825 et
3737 759 3923 825 alibi:
3969 759 4367 844 penetrabile
4404 762 4608 830 telum.

2735 847 2797 912 ic
2817 845 3146 926 Valerius,
3184 846 3375 910 titulo
3411 845 3493 910 de
3515 843 3794 911 Observ.
3820 867 3891 911 re
3922 845 3934 858 ‘
3989 896 4025 924 .‚
4063 858 4362 911 senatum
4385 847 4451 911 in
4473 848 4612 916 deos

2682 931 3224 997 venerabiliorem
3282 929 3456 996 dicit.
3560 931 3655 996 Et
3725 930 3896 996 libro
4026 953 4073 996 .:
4135 930 4613 1001 Venerabilibus

2685 1021 2830 1096 [pag.
2857 1023 2965 1097 75]
3008 1038 3167 1102 erga
3201 1017 3354 1083 deos
3388 1017 3714 1100 obsequiis
3748 1017 4074 1082 iuventus.
4104 1017 4156 1100 ¹)
4233 1017 4614 1101 Insatiabile,

2681 1103 2855 1185 apud
2891 1102 3273 1168 Ciceronem
3307 1102 3472 1169 libro
3506 1102 3789 1169 secundo
3826 1102 3909 1168 de
3944 1104 4091 1168 Nat.
4131 1101 4418 1182 deorum,
4461 1106 4618 1188 quod

2684 1190 2926 1255 satiare
2966 1211 3100 1254 non
3135 1195 3365 1272 potest.
3431 1188 3637 1254 Nulla
3670 1190 3848 1254 enim
3883 1197 3983 1255 est
4024 1189 4450 1256 insatiabilior
4485 1213 4617 1275 spe-

2685 1277 2832 1354 cies,
2878 1275 3065 1339 nulla
3105 1275 3445 1358 pulchrior
3480 1273 3561 1339 ad
3606 1275 3923 1340 rationem
3960 1274 4417 1358 solertiamque
4448 1298 4620 1359 prae-

2685 1361 2981 1425 stantior.
3073 1362 3466 1426 Ammianus
3502 1360 3609 1426 lib.
3655 1361 3879 1426 XIV.:
3928 1358 4060 1442 Qui
4105 1363 4280 1425 enim
4325 1362 4620 1429 adulabili

2685 1467 2989 1511 sermone
3025 1448 3214 1511 seriis
3250 1446 3543 1511 admixto
3579 1446 3758 1513 solus
3794 1446 4093 1512 omnium
4133 1449 4457 1529 proficisci
4495 1448 4622 1532 pel·

2685 1532 2852 1597 lexit
2893 1533 3081 1597 vultu
3126 1532 3550 1598 dissimulate.
4131 1567 4140 1573 ·

2859 1619 3035 1684 Haec
3067 1618 3249 1684 hodie
3269 1616 3588 1705 praestat]
3626 1617 3998 1684 Clementia
4038 1619 4291 1683 viventi
4339 1621 4625 1704 Augusto

2687 1705 3102 1769 securitatem
3146 1705 3488 1788 praestitit,
3535 1710 3794 1769 mortuo
3829 1704 4075 1769 famam
4116 1712 4426 1788 praestat.
4513 1704 4626 1772 Se-

2686 1790 3189 1857 natusconsulta
3231 1811 3395 1873 quae
3438 1790 3511 1854 in
3553 1788 3813 1855 laudem
3857 1791 4228 1874 principum
4271 1792 4628 1857 viventium

2687 1877 2878 1955 fiunt,
2917 1884 3035 1940 aut
3066 1884 3252 1941 metu
3294 1895 3622 1959 expressa,
3660 1883 3779 1940 aut
3813 1877 4180 1941 temeritate
4214 1878 4632 1960 praecipitata

2684 1961 2895 2027 videri
2930 1970 3222 2045 possunt.
3291 1959 3623 2044 Obsequia
3666 1961 3933 2028 servilia
3965 1983 4133 2045 quae
4168 1982 4209 2025 a
4239 1962 4487 2046 populo
4524 1984 4630 2028 ex·

2688 2046 3020 2127 hibentur,
3080 2047 3576 2113 acclamationes
3644 2067 3928 2131 quoquc,
3991 2055 4065 2112 ut
4106 2048 4376 2130 quidam
4437 2058 4631 2130 vocat,

2686 2134 3123 2200 ancillatrices
3137 2186 3151 2213 ‚
3210 2134 3510 2198 serviunt
3552 2134 3940 2216 imperantis
3981 2136 4411 2218 praesentiae.
4503 2136 4633 2201 Ho-

2686 2221 2851 2284 mini
2895 2229 3155 2286 mortuo
3208 2240 3373 2302 quae
3431 2218 3710 2297 dantur,
3767 2226 4130 2303 spontanea
4187 2228 4381 2300 sunt,
4442 2242 4636 2305 eoque

2686 2306 2955 2388 potiora.
3055 2306 3276 2371 Deum
3331 2325 3487 2389 ergo
3540 2305 3750 2370 credit
3791 2306 4078 2456 tpopulus
4124 2327 4449 2373 romanus
4506 2309 4638 2373 Au·

2687 2400 3010 2475 gustum„
3036 2413 3171 2458 non
3215 2392 3370 2474 quia
3413 2392 3661 2469 iussus,
3718 2412 3788 2456 se
3889 2392 4040 2475 quia
4093 2393 4346 2458 bonum
4401 2394 4641 2477 prinei-

2686 2499 2838 2560 pem
2894 2486 3206 2560 expertus
3261 2487 3377 2542 est.
3468 2477 3617 2542 Mos
3651 2476 3777 2540 fuit
3817 2476 3930 2543 ille
3973 2478 4265 2544 solennis
4313 2480 4642 2545 Romano-

2688 2585 2839 2628 rum
2852 2614 2867 2642 ,
2914 2577 2994 2629 ut
3036 2563 3350 2630 Caesares
3394 2583 3547 2627 suos
3590 2583 3709 2646 per
3749 2583 3790 2626 a
3871 2563 4129 2630 theosin
4165 2564 4237 2627 in
4296 2586 4642 2632 numerum

2689 2648 2961 2715 deorum
3006 2651 3341 2715 referrent.
3397 2648 3739 2713 Valerius:
3788 2584 3979 2715 &eos
4037 2651 4197 2719 alios
4254 2653 4641 2735 accepimus,

2689 2735 3007 2801 Caesares
3040 2735 3329 2801 fecimus.
3395 2734 3594 2798 Ritus
3629 2755 3703 2800 ac
3741 2736 4182 2803 caeremonias
4218 2738 4644 2803 consecrandi

2687 2821 3112 2904 imperatores
3148 2821 3419 2904 exponit
3459 2819 3881 2885 Herodianus
3926 2821 4116 2887 libro.
4138 2823 4261 2888 IV.
4312 2845 4513 2906 quem
4553 2824 4646 2889 lo·

2687 2929 2834 2972 cum
2891 2908 3142 2992 quoties
3197 2906 3447 2992 relego,
3493 2928 3624 2971 non
3669 2926 3936 2990 possum
3981 2929 4021 2972 a
4061 2911 4201 2975 risu
4255 2918 4645 2994 temperare.

2685 2992 2873 3060 Adeo
2928 2994 3206 3061 ridicula
3249 2994 3374 3058 fuit
3428 2991 3543 3057 illa
3593 2994 4045 3060 Romanorum
4102 2996 4357 3081 religio.
4447 2997 4650 3063 Prae-

2686 3091 2870 3146 terea
2921 3101 3058 3145 non
3115 3086 3376 3145 tantum
3427 3088 3577 3162 post
3629 3083 3909 3145 mortem
3965 3083 4313 3167 Augustus
4376 3081 4485 3148 dei
4538 3104 4651 3147 no-

2687 3167 2867 3231 mine
2910 3166 3190 3232 donatus
3234 3173 3335 3231 est
3347 3189 3363 3244 ;
3409 3164 3524 3231 sed
3567 3165 3764 3230 vivus
3813 3167 4169 3251 vidensque
4213 3168 4491 3236 divinos
4531 3168 4652 3235 sibi

2689 3251 2970 3318 honores
3012 3274 3091 3318 ex
3100 3252 3311 3318 hiberi
3362 3272 3494 3316 non
3539 3271 3736 3335 aegre
3787 3273 4024 3335 passus
4083 3263 4199 3319 est.
4294 3255 4647 3324 Horatius:

2981 3354 3263 3410 Praesenti
3295 3354 3394 3408 tibi
3429 3362 3669 3409 maturos
3703 3354 3959 3424 largimur
3990 3357 4229 3413 bonores

2979 3423 3349 3491 Iurandasque
3386 3430 3537 3477 tuum
3571 3439 3672 3491 per
3704 3440 3901 3479 nomen
3935 3427 4185 3494 ponimus
4222 3443 4374 3484 aras.

2684 3512 2775 3575 Et
2814 3509 3205 3576 Carminum
3245 3509 3408 3574 111.:

3062 3612 3230 3667 Coelo
3265 3619 3543 3668 tonantem
3578 3613 3901 3670 credidimus
3934 3614 4120 3671 Iovem

3062 3681 3337 3750 Regnare:
3374 3697 3636 3750 praesens
3671 3682 3824 3737 divus
3859 3684 4145 3739 habebitur

3062 3752 3354 3819 Augustus.

2682 3837 2958 3904 Publice
3001 3843 3220 3901 tamen
3266 3856 3401 3902 non
3441 3838 3567 3902 fuit
3606 3837 3709 3902 illi
3751 3837 4012 3905 decreta
4051 3840 4291 3924 religio
4341 3844 4480 3910 nisi
4515 3851 4660 3927 post

2682 3931 2982 3988 mortem.

2860 4008 3034 4073 Bene
3066 4007 3169 4076 illi
3203 4010 3556 4075 convenisse
3585 4012 3879 4091 parentis
3918 4000 4168 4100 nomen]
4215 4015 4662 4099 Tranquillus

2684 4096 2757 4161 in
2799 4095 2943 4160 cius
2987 4097 3154 4160 vita:
3200 4094 3426 4160 Patris
3467 4096 3720 4178 patriae
3773 4116 4138 4182 cognomen
4181 4101 4500 4170 universi
4565 4124 4662 4169 re-

2685 4183 2955 4265 pentino
2989 4181 3408 4262 maximoque
3442 4201 3767 4248 consensu
3802 4180 4200 4250 detulerunt.
4300 4185 4663 4254 salutatus

2685 4275 2789 4333 est
2850 4288 2891 4333 a
2955 4267 3224 4333 Valerio
3288 4266 3586 4333 Messala
3651 4268 3916 4334 nomine
3994 4271 4294 4338 universi
4366 4285 4662 4341 senatus.

2685 4352 2966 4420 Ovidius
3001 4354 3353 4418 Fastorum
3396 4353 3518 4417 H.:

2843 4455 3064 4581 &tt
3078 4464 3263 4594 pigi-rt,
3270 4456 3819 4580 ”magatia
3854 4457 3953 4579 ἓξὲξ
3979 4472 4426 4599 ffiffssffsss..

2837 4594 2948 4650 Res
2983 4603 3164 4649 tamen
3199 4601 3325 4648 ante
3363 4593 3536 4647 dedit:
3574 4609 3697 4649 sero
3733 4610 3945 4663 quoque
3980 4593 4114 4651 vera
4148 4597 4334 4654 tulisti

2945 4663 3203 4719 Nomina:
3243 4662 3557 4731 iampridem
3593 4670 3652 4717 tu
3688 4671 3848 4733 pater
3884 4664 4028 4718 orbis
4065 4680 4205 4720 eras.

2681 4749 2775 4813 Et
2809 4748 3129 4814 Tristium
3174 4748 3300 4814 II.:

2855 4852 3026 4906 Parce
3060 4860 3219 4920 pater
3250 4854 3490 4921 patriae:
3526 4868 3628 4908 nec
3662 4854 3892 4908 nominis
3923 4854 4203 4911 immemor
4235 4856 4418 4915 huius

2959 4919 3098 4974 Olim
3130 4919 3384 4990 placandi
3420 4935 3570 4988 spem
3605 4921 3734 4975 mihi
3768 4920 3935 4976 redde
3970 4924 4065 4978 tui.

2823 5108 2881 5174 1)
2923 5107 3071 5163 Ead.
3121 5106 3256 5161 1597
3302 5116 3354 5163 et
3384 5125 3413 5164 8
3476 5127 3527 5182 q.
3571 5111 3839 5177 inventus,
3884 5112 4018 5166 vitio
4061 5126 4391 5180 mamm.
4475 5115 4662 5171 ann-

2680 5192 2806 5231 rum
2841 5178 2904 5231 in
2938 5183 3127 5231 nostro
3157 5177 3366 5232 Valerii
3470 5179 3648 5232 aoeimi
3679 5185 3826 5233 tatu
3861 5179 3930 5233 L.
3963 5179 4054 5234 ΙΙ.
4089 5196 4132 5235 e.
4166 5179 4218 5233 4.
4260 5181 4520 5252 legitur.-
4559 5185 4663 5240 Ve-

2685 5246 3013 5301 nerabilibus
3049 5261 3180 5315 erga
3214 5245 3346 5301 deos
3380 5247 3559 5302 verbis
3593 5247 3843 5302 iuventus
3878 5255 4064 5317 gestus
4099 5249 4322 5305 adiecit.
