4984 5975
580 273 703 338 183

579 459 847 545 spiritui
881 455 1452 540 inquinamentum
1486 453 1751 529 tribuat,
1790 470 1919 534 quo
1951 450 2219 515 nomine
2253 447 2401 512 aliis
2444 446 2541 512 lo-

580 547 676 613 818
731 543 1055 628 significat
1106 562 1360 606 meram
1415 539 1788 620 puritatem.
1895 533 2152 601 Addam
2198 541 2264 598 et
2318 533 2536 599 locum

588 632 885 703 alterum.
932 647 1306 711 quanquam
1350 624 1541 690 video
1577 644 1705 703 eos,
1742 622 1854 705 qui
1876 619 2265 687 calumniari
2288 619 2535 698 volent,

589 716 889 801 protinus
928 711 1012 779 ad
1046 731 1197 778 suas
1233 711 1484 796 glossas
1519 708 1916 791 delapsuros.
2006 707 2189 772 Dum
2223 704 2399 771 enim
2443 705 2539 770 ait

585 803 650 887 (l
702 800 851 867 Cor.
900 803 959 878 2,
1012 798 1149 882 11):
1201 804 1318 878 [fol.
1358 800 1424 875 6]
1463 794 1633 877 Quis
1667 801 1769 859 est
1811 793 2171 870 hominum,
2216 791 2331 874 qui
2366 790 2534 856 sciat

583 903 751 970 quae
797 893 955 951 sunt
986 883 1291 960 hominis,
1328 882 1456 947 nisi
1500 880 1772 963 spiritus
1804 878 2092 943 hominis
2127 877 2239 960 qui
2281 877 2353 940 in
2394 876 2536 958 ipso

585 971 729 1038 est?
773 971 886 1050 ita,
931 977 1001 1034 et
1042 990 1207 1052 quae
1250 976 1407 1035 sunt
1447 965 1578 1032 Dei
1620 986 1814 1030 nemo
1858 963 2185 1049 cognovit,
2232 961 2360 1027 nisi
2403 962 2536 1045 spi-

584 1058 754 1123 ritus
796 1055 956 1121 Dei:
1011 1061 1268 1139 poterat
1323 1051 1541 1119 dicere
1594 1052 1931 1117 hominem
1982 1048 2149 1115 scire
2193 1069 2361 1131 quae
2417 1068 2538 1113 888

585 1151 770 1209 sunt:
818 1139 934 1207 sed
975 1147 1231 1224 partem
1270 1139 1453 1204 illam
1488 1139 1686 1205 verbo
1730 1135 2101 1220 appellavit,
2145 1135 2216 1198 in
2259 1155 2389 1217 qua
2431 1155 2536 1198 re-

522 1231 527 1236 ’
586 1228 757 1297 811181
777 1228 877 1294 vis
900 1226 1229 1311 cogitandi
1254 1233 1320 1290 et
1340 1223 1770 1309 intelligendi.
1826 1221 2295 1304 Atque‘etiam,
2332 1235 2532 1301 quum

589 1313 766 1394 dicit,
812 1314 1116 1396 spiritum
1148 1312 1279 1377 Dei
1313 1311 1756 1375 testimonium
1797 1307 2071 1373 reddere
2092 1304 2353 1388 spiritui
2385 1325 2537 1370 nos-

588 1408 720 1478 tro,
777 1397 949 1481 quod
1001 1397 1121 1463 filii
1160 1397 1290 1461 Dei
1329 1416 1555 1461 sumus
1609 1395 1827 1479 (Rom.
1867 1398 1925 1472 8,
1970 1393 2109 1475 115),
2166 1411 2382 1456 nonne
2427 1411 2538 1455 88-

590 1485 741 1550 dem
783 1483 1089 1567 loquendi
1130 1482 1528 1565 proprietate
1558 1501 1717 1545 usus
1753 1477 1893 1544 est?
1965 1477 2164 1558 Quid,
2200 1475 2368 1560 quod
2406 1497 2538 1540 uno

587 1571 790 1639 verbo
833 1569 1220 1635 convincere
1265 1588 1374 1632 888
1416 1566 1642 1650 potui?
1673 1568 1724 1650 ¹)
1792 1564 2053 1631 Scimus
2098 1563 2292 1642 enim,
2339 1583 2538 1645 quam

591 1676 785 1739 saepe
815 1654 1068 1720 Christi
1089 1674 1247 1720 voce
1283 1653 1630 1718 damnatus
1661 1653 1746 1716 sit
1781 1669 1965 1715 error
1986 1647 2535 1725 Sadducaeorum,

592 1742 776 1807 cuius
828 1749 1084 1824 partem
1135 1760 1277 1805 8888
1321 1739 1538 1803 Lucas
1590 1738 1661 1801 in
1704 1737 1889 1802 Actis
1946 1737 2080 1820 (23,
2130 1736 2199 1817 8)
2255 1734 2534 1816 scripsit,

591 1826 764 1909 quod
809 1826 1117 1908 spiritum
1159 1846 1294 1889 non
1330 1844 1472 1889 8888
1508 1823 1813 1889 dicerent.
1883 1821 2107 1886 Verba
2132 1829 2317 1885 sunt:
2366 1817 2536 1884 Sad-

592 1911 821 1978 ducaei
867 1919 1088 1977 autem
1132 1910 1388 1988 dicunt,
1436 1929 1569 1973 non
1615 1929 1756 1974 8888
1800 1906 2373 1983 resurrectionem,
2418 1923 2536 1968 ne-

592 2019 720 2081 que
759 1997 1063 2082 angelum
1084 2003 1124 2074 ,'
1146 2017 1357 2078 neque
1409 1996 1736 2077 spiritum:
1792 1992 2133 2058 Pharisaei
2176 2010 2331 2057 vero
2375 1989 2538 2055 11888

592 2083 813 2148 818818
855 2084 1268 2148 confitentur.
1339 2082 1591 2146 Vereor
1634 2101 1718 2144 ne
1761 2078 1843 2143 de
1886 2079 2123 2162 spiritu
2159 2083 2386 2141 sancto
2431 2096 2536 2140 cae

592 2168 905 2235 villentur
949 2167 1109 2234 haec
1151 2166 1450 2250 intelligi,
1497 2174 1612 2230 aut
1656 2164 1736 2229 de
1780 2164 2050 2248 angelis.
2119 2160 2247 2227 Oui
2283 2161 2538 2226 obiecto

591 2254 780 2319 188118
824 2260 924 2318 881
967 2273 1321 2318 occurrere.
1412 2252 1586 2316 Nam
1642 2257 1709 2315 et
1763 2249 2027 2334 angelos
2085 2268 2379 2313 seorsum
2420 2265 2538 2329 po-

592 2340 748 2405 suit:
797 2347 863 2403 et
895 2347 1145 2403 eertum
1178 2348 1278 2403 est
1308 2337 1684 2402 Pharisaeis
1715 2336 1849 2401 illis
1882 2334 2137 2400 nullam
2168 2334 2303 2398 fere
2335 2333 2539 2397 fuisse

591 2425 865 2506 spiritus
910 2424 1119 2490 saneti
1164 2424 1483 2488 notitiam.
1551 2424 1774 2505 Atque
1819 2421 2017 2486 etiam
2058 2418 2127 2484 id
2160 2419 2398 2483 melius
2433 2439 2538 2482 as-

591 2518 965 2592 sequentur,
1008 2510 1120 2591 qui
1163 2530 1392 2593 graece
1437 2515 1710 2573 nonmt:
1753 2508 1973 2573 Lucas
2015 2506 2190 2571 enim
2233 2506 2376 2570 sine
2423 2502 2539 2567 ad·

589 2595 867 2661 iectione
911 2594 1186 2672 articuli,
1233 2593 1403 2658 dixit
1441 2596 1693 2674 πνεῦμα,
1737 2593 2108 2660 adiecturus
2151 2589 2436 2667 indubie,
2482 2587 2541 2652 si

594 2680 675 2746 de
715 2681 953 2763 spiritu
1011 2688 1237 2746 sancto
1292 2680 1598 2763 loquutus
1652 2687 1837 2745 esset.
1928 2679 2078 2743 Hoc
2121 2677 2177 2741 81
2230 2697 2365 2740 888
2407 2673 2540 2738 11118

594 2787 666 2832 88
706 2766 1001 2842 obstruit,
1048 2785 1183 2830 non
1218 2765 1405 2830 video
1436 2788 1565 2849 qua
1598 2766 1847 2830 ratione
1880 2764 1987 2829 vel
2018 2762 2212 2840 trahi,
2249 2760 2355 2825 vel
2391 2759 2540 2825 duci
2591 2799 2594 2810 ·

2097 244 3054 327 PSYOHOPANNYOHIA.

4459 129 4480 162 d

4462 262 4582 326 184

2639 446 2814 511 inter
2845 463 3226 510 communes
3268 451 3337 508 et
3375 443 3623 525 primas
3665 445 3868 511 animi
3904 446 4375 530 conceptiones,
4420 468 4588 530 81188

2642 553 2683 597 8
2737 540 2981 596 natura
3004 529 3054 615 ¹)
3123 530 3556 595 communiter
3609 530 4209 614 apprehenduntur.
4298 533 4590 600 Tametsi

2640 618 2775 682 iam
2816 615 3045 681 multis
3085 615 3450 681 rationibus
3492 624 3858 700 pugnatum
3902 625 4020 696 est,
4068 639 4236 701 8888
4268 619 4586 699 evincere,

2641 702 2772 768 nisi
2829 701 3046 780 fallor,
3107 699 3478 766 debuerunt
3532 701 3702 783 quod
3759 702 4270 769 contendebant:
4329 726 4583 789 nempe,

2643 788 2933 853 animam
2987 792 3102 851 aut
3150 785 3457 869 spiritum
3509 784 3825 867 hominis,
3883 789 4320 855 substantiam
4362 813 4505 856 esse
4548 814 4588 858 a

2640 878 2758 953 [fol.
2798 877 2863 951 7]
2917 891 3184 955 corpore
3229 869 3633 938 distinctam:
3690 896 3855 957 quae
3899 883 4121 940 tamen
4164 898 4341 943 nunc
4387 877 4587 943 subii-

2641 960 2913 1036 cientur,
2958 957 3300 1024 certiorem
3346 956 3560 1022 adhue
3603 959 3743 1025 eius
3785 961 3882 1025 rei
3911 960 4111 1026 fidem
4139 961 4394 1027 facient.
4452 963 4588 1028 Ve-

2641 1045 2751 1110 nio
2786 1045 2961 1109 enim
3000 1042 3083 1108 ad
3117 1040 3204 1122 id,
3251 1041 3427 1126 quod
3460 1044 3746 1110 secundo
3779 1045 3920 1110 loco
3965 1067 4005 1111 a
4037 1067 4145 1111 me
4181 1050 4588 1131 propositum

2642 1139 2815 1198 erat:
2872 1129 3046 1196 Eam
3100 1128 3312 1212 ipsam
3369 1129 3659 1193 animam
3702 1130 3784 1197 ab
3826 1132 4101 1197 interitu
4145 1134 4432 1216 eorporis
4476 1155 4587 1199 su-

2640 1216 2974 1298 perstitem
3018 1235 3287 1279 manere
3300 1265 3317 1293 ,
3364 1235 3560 1280 sensu
3604 1236 3681 1280 ao
3722 1217 4160 1301 intelligentia
4247 1219 4585 1285 raeditam.

2638 1301 2928 1366 Fallitur
2959 1305 3180 1364 autem
3211 1300 3322 1383 qui
3366 1301 3700 1367 existimat
3741 1323 3847 1368 me
3891 1304 3999 1369 hie
4042 1304 4176 1370 aliu
4254 1304 4590 1388 quidpiam

2641 1388 2989 1466 affirmare,
3034 1406 3230 1469 quam
3273 1387 3528 1464 animae
3571 1388 4150 1455 immortalitatem.
4217 1388 4294 1456 Si
4326 1391 4591 1474 quidem

2640 1473 2752 1555 qui
2795 1472 3086 1537 animam
3130 1470 3361 1537 vivere
3413 1473 3729 1552 fatentur,
3787 1474 4099 1558 illamque
4153 1475 4349 1541 simul
4409 1478 4589 1543 omni

2641 1579 2837 1625 sensu
2883 1557 3184 1641 spoliant,
3227 1578 3495 1640 prorsus
3540 1561 3828 1625 animam
3873 1563 4161 1645 fingunt,
4214 1582 4379 1644 quae
4422 1564 4593 1629 nihil

2642 1644 2901 1709 animae
2945 1644 3209 1709 habeat:
3269 1650 3385 1707 aut
3441 1646 3731 1710 animam
3772 1647 3984 1728 ipsam
4027 1668 4068 1711 a
4111 1669 4181 1712 se
4223 1648 4370 1730 ipsa
4412 1650 4591 1715 avel-

2641 1729 2818 1795 lunt:
2876 1751 3078 1813 quum
3132 1730 3273 1794 eius
3331 1735 3603 1810 natura,
3662 1732 3802 1797 sine
3862 1753 3994 1814 qua
4048 1735 4402 1798 consistere
4455 1734 4591 1801 ullo

2640 1815 2834 1882 modo
2880 1815 3128 1898 nequit,
3174 1815 3262 1880 sit
3293 1818 3564 1896 moveri,
3611 1818 3874 1894 sentire,
3908 1819 4150 1903 vigere,
4191 1820 4594 1905 intelligere:

2642 1907 2839 1984 atque
2884 1901 2992 1985 (ut
3034 1901 3127 1964 ait
3169 1900 3645 1988 Tertullianus)
3664 1904 3723 1986 2)
3769 1904 4029 1969 8811888
4072 1906 4309 1984 881818,
4356 1927 4590 1973 sensus

2642 1988 2746 2052 sit.
2835 1986 3045 2052 Istam
3105 2007 3262 2071 ergo
3320 1988 3877 2054 immortalitatem
3937 2011 4021 2055 ex
4078 1991 4406 2074 scriptura
4458 1990 4592 2058 dis—

2641 2093 2884 2138 camus.
3551 2101 3556 2106 ·

2815 2241 3044 2324 Quum
3088 2242 3397 2310 Christus
3441 2265 3595 2310 suos
3639 2244 3958 2325 hortatur,
4014 2269 4098 2312 ne
4154 2250 4431 2314 timeant
4483 2271 4596 2316 eos

2642 2329 2757 2412 8111
2801 2329 3106 2394 8881118111
3159 2349 3391 2412 eorpus
3404 2382 3421 2409 ,
3479 2331 3770 2396 animam
3825 2340 4048 2398 autem
4108 2333 4401 2400 occidere
4456 2355 4597 2401 non

2642 2423 2949 2497 possunt3
2995 2413 3113 2480 sed
3155 2436 3305 2480 eum
3351 2417 3654 2495 timeant,
3701 2419 3814 2499 qui
3856 2440 4057 2500 quum
4100 2420 4407 2486 occiderit
4452 2442 4598 2487 cor-

2641 2521 2785 2584 pus,
2809 2501 3096 2565 animam
3117 2508 3331 2584 potest
3351 2503 3614 2566 mittere
3635 2503 3706 2566 in
3728 2503 4100 2586 gehennam
4119 2506 4293 2590 ignis
4317 2506 4593 2582 (Matth.

2651 2590 2746 2664 10,
2787 2589 2900 2664 283
2943 2586 3108 2651 Luc.
3159 2589 3251 2664 12,
3293 2588 3389 2668 5):
3449 2609 3536 2651 an
3587 2607 3724 2652 non
3765 2588 3987 2653 innuit
4028 2592 4316 2656 animam
4361 2615 4596 2676 super-

2645 2691 2786 2768 esse
2817 2678 2978 2762 post
3020 2670 3344 2735 mortem?
3434 2672 3739 2756 Benigne
3782 2695 3939 2739 vero
3993 2676 4066 2739 in
4120 2698 4194 2742 eo
4252 2678 4598 2744 nobiscum

2645 2764 2781 2840 egit
2817 2757 3022 2834 Deus,
3055 2756 3226 2838 quod
3261 2757 3516 2823 animas
3550 2767 3805 2824 nostras
3840 2762 4115 2826 istorum
4152 2763 4420 2829 arbitrio
4457 2787 4598 2830 non

592 2852 872 2936 possint:
928 2852 1059 2917 nisi
1111 2852 1277 2915 fort-,0
1333 2851 1580 2930 dicant,
1640 2871 1848 2933 neque
1905 2850 2281 2913 damnatam
2336 2846 2540 2909 fuisse
2589 2859 2594 2920 ι
2643 2841 2960 2924 permisit,
3006 2843 3116 2925 qui
3159 2842 3317 2906 adeo
3362 2865 3446 2908 ex
3483 2843 3654 2908 facili
3691 2866 3801 2910 eas
3838 2846 4197 2912 trucidant:
4244 2857 4362 2914 aut
4395 2859 4598 2930 certe,

595 2959 680 3004 ex
724 2958 799 3003 eo
838 2935 1367 3004 Sadducaeorum
1415 2937 1826 3024 opinionem,
1867 2933 2036 3019 quod
2082 2933 2381 3016 spiritum
2424 2951 2542 2995 ne-
2589 2947 2595 3005 :
2644 2926 2800 3010 quia
2844 2946 2975 2992 non
3023 2935 3312 3011 possunt,
3358 2937 3696 2996 conantur.
3774 2933 4072 3017 Tyranni
4116 2941 4442 3019 torquent,
4489 2957 4599 3003 se-

595 3031 856 3109 garent:
903 3044 1113 3106 neque
1146 3025 1485 3105 probatam
1518 3024 2042 3098 Pharisaeorum,
2083 3018 2255 3101 quod
2293 3038 2541 3081 assere-
2589 3016 2594 3081 5
2644 3021 2814 3089 eant,
2859 3021 3082 3092 urunt,
3129 3015 3497 3095 verberant,
3544 3016 3973 3101 suspendunt,
4019 3021 4134 3086 sed
4179 3042 4440 3104 corpus:
4488 3045 4600 3089 so-

594 3118 762 3175 rent.
855 3109 982 3175 Oui
1023 3109 1255 3176 cavillo
1309 3111 1453 3192 ipsa
1511 3108 1949 3192 evangelistae
1992 3104 2195 3171 verba
2251 3102 2537 3167 obviant.
2589 3114 2595 3217 a
2644 3099 2747 3163 1118
2792 3107 2896 3165 881
2927 3098 3130 3179 Deus,
3175 3101 3286 3183 qui
3318 3102 3421 3167 ius
3455 3102 3655 3168 habet
3688 3105 3759 3168 in
3797 3106 4105 3185 animam,
4153 3116 4229 3171 ut
4261 3128 4406 3172 eam
4438 3110 4600 3173 mit—

594 3197 729 3265 Ubi
774 3196 950 3260 enim
980 3195 1171 3260 Pauli
1218 3195 1691 3260 confessionem
1717 3193 1955 3276 posuit,
1996 3190 2428 3255 Pharisaeum
2470 3209 2542 3253 se
2589 3222 2595 3253 ι
2645 3192 2742 3249 181
2790 3185 2860 3250 18
2915 3186 3290 3270 gehennam
3332 3188 3523 3272 ignis.
3613 3190 3754 3253 Aut
3807 3191 4011 3274 igitur
4066 3194 4285 3257 anima
4337 3192 4603 3277 reliqua

494 3285 502 3293 '
595 3300 771 3347 esse:
807 3280 1025 3347 subdit
1054 3302 1199 3346 eam
1224 3281 1735 3346 Pharisaeorum
1767 3276 2180 3343 sententiam.
2243 3275 2384 3339 Aut
2415 3273 2540 3358 igi-
2589 3272 2594 3321 Ι
2645 3280 2746 3335 881
2788 3281 2935 3353 post
2975 3279 3281 3337 mortem:
3335 3284 3450 3338 aut
3500 3273 3740 3339 falsum
3784 3286 3910 3355 881,
3955 3279 4263 3360 tyrannis
4304 3286 4604 3362 potesta-

596 3374 707 3433 tur
747 3375 1003 3451 oportet
1056 3367 1359 3433 callidam
1413 3374 1480 3429 et
1531 3364 1926 3429 malitiosam
1969 3362 2170 3426 fuisse
2213 3360 2408 3426 Pauli
2453 3360 2541 3424 si-

595 3453 1046 3519 mulationem:
1104 3452 1306 3534 (quod
1360 3450 1561 3533 recipi
1614 3471 1747 3514 non
1790 3447 1982 3514 debet
2025 3448 2095 3511 in
2138 3446 2541 3513 confessione

596 3537 776 3621 fidei)
822 3547 939 3603 aut
981 3560 1129 3603 eum
1164 3536 1540 3601 Pharisaeis
1580 3535 1660 3599 de
1705 3534 1939 3616 spiritu
1985 3533 2281 3601 sensisse.
2347 3530 2542 3612 Quod

598 3627 655 3691 si
698 3625 884 3691 nobis
924 3624 1121 3689 fidem
1172 3622 1422 3686 faciunt
1474 3620 1812 3697 historiae,
1868 3619 1991 3684 hoc
2045 3618 2315 3702 perinde
2368 3618 2542 3682 inter
2589 3654 2595 3671 ·

598 3711 919 3795 apostolos
963 3716 1217 3776 certum
1260 3716 1400 3770 erat
1433 3726 1507 3770 88
1540 3706 1984 3784 888811181818,
2030 3712 2224 3788 81888
2252 3710 2541 3769 mortuo-

597 3819 749 3863 rum
791 3792 1198 3868 resurrecti0,
1244 3799 1359 3854 aut
1400 3790 1660 3872 aliquod
1703 3791 1914 3857 simile
1948 3790 2102 3857 fidei
2135 3799 2398 3855 nostrae
2431 3810 2539 3855 ca-

596 3890 735 3965 put.
823 3880 888 3945 N
890 3901 974 3944 on
1029 3874 1277 3961 pigebit
1330 3875 1460 3941 huc
1514 3876 1878 3943 adscribere
1934 3876 2134 3943 verba
2173 3876 2538 3961 Polycarpi,

595 3968 726 4033 viri
769 3964 1069 4031 omnibus
1114 3969 1181 4027 et
1224 3962 1416 4028 dictis
1447 3970 1514 4027 et
1546 3963 1738 4028 factis
1770 3963 2084 4046 spirantis
2115 3964 2536 4047 martyrium:

596 4052 708 4135 qui
728 4060 797 4116 et
818 4049 1172 4132 discipulus
1208 4048 1644 4133 apostolorum
1677 4049 1818 4127 fuit,
1853 4058 1921 4114 et
1954 4051 2047 4114 ita
2080 4050 2331 4116 sincere
2363 4047 2540 4131 quod

597 4139 678 4205 ab
723 4136 853 4200 illis
898 4142 1249 4218 acceperat,
1293 4134 1572 4217 posteris
1606 4134 1895 4214 tradidit,
1942 4143 2018 4199 ut
2049 4134 2219 4198 nihil
2251 4154 2537 4216 unquam

596 4221 951 4288 immisceri
993 4221 1297 4286 fermenti
1339 4242 1570 4303 passus
1612 4221 1828 4285 fuerit.
1851 4223 1910 4305 2)
1996 4220 2066 4285 18
2120 4220 2323 4303 igitur
2364 4220 2541 4283 inter

594 4308 840 4373 multas
884 4306 1248 4390 praeclaras
1269 4326 1476 4386 voces,
1522 4326 1681 4388 quas
1724 4308 2027 4373 flammae
2070 4306 2370 4370 admotus
2401 4304 2538 4368 edi-

596 4393 709 4471 dit,
754 4414 831 4458 eo
876 4391 980 4457 die
1024 4391 1652 4476 repraesentandum
1696 4412 1766 4457 se
1810 4392 1978 4457 dixit
2019 4412 2238 4458 coram
2280 4391 2425 4456 Deo
2467 4389 2538 4454 in

595 4478 849 4561 spiritu.
930 4477 1079 4560 Quo
1123 4477 1350 4544 eodem
1393 4487 1684 4561 tempore
1725 4478 1954 4543 Melite
1998 4478 2335 4561 episcopus
2381 4473 2539 4541 Sar-

596 4564 817 4630 densis
836 4616 851 4643 ,
869 4564 928 4647 ⁸)
984 4566 1086 4629 vir
1128 4565 1306 4646 paris
1364 4563 1786 4641 sinceritatis,
1814 4574 1827 4585 ‘
1842 4563 2084 4628 librum
2138 4563 2402 4646 scripsit
2458 4561 2539 4626 de

596 4669 865 4734 corpore
909 4658 976 4714 et
1019 4651 1267 4714 anima:
1319 4651 1429 4731 qui
1474 4650 1530 4713 si
1575 4648 1765 4714 hodie
1809 4658 2124 4725 exstaret,
2171 4649 2541 4732 superfluus

596 4743 769 4800 esset
803 4736 913 4803 hic
949 4734 1147 4800 labor.
1218 4734 1400 4799 Adeo
1440 4742 1659 4800 autem
1705 4735 1865 4801 haee
1909 4736 2234 4801 sententia
2273 4733 2541 4799 meliore

595 4819 709 4885 illo
766 4821 1020 4886 saeculo
1071 4821 1308 4900 valuit,
1368 4828 1446 4883 ut
1500 4820 1944 4887 Tertullianus
1960 4820 2020 4905 ⁴)
2072 4829 2346 4904 reponat
2394 4840 2539 4884 eam

1575 5111 1634 5173 2)
1672 5112 1868 5168 Euseb.
1907 5112 1973 5166 11.
2010 5124 2058 5165 e.
2091 5111 2185 5180 1v,
2224 5112 2311 5203 15.

1392 5179 1459 5234 118
1494 5195 1691 5235 resurr.
1728 5183 1921 5235 carnis.
2478 5108 2540 5175 3)

735 5112 793 5177 1)
832 5114 1025 5181 potuit,
1062 5109 1198 5164 1576
1235 5127 1289 5164 se
1325 5129 1375 5181 q.

595 5181 733 5236 Ibid.
770 5200 815 5236 c.
850 5180 933 5236 26.
1141 5181 1198 5243 4)
1240 5127 1355 5236 1232.

2593 5008 2599 5075 t

2643 3364 2780 3422 tem
2821 3379 2958 3422 non
3002 3378 3146 3424 esse
3197 3359 3268 3422 in
3325 3358 3631 3424 animam.
3720 3362 3852 3426 Hic
3908 3364 4012 3446 (ut
4054 3363 4275 3446 audio)
4321 3386 4603 3448 respon-

2646 3441 2821 3541 dent,
2869 3445 3157 3509 animam
3192 3444 3457 3526 quidem
3492 3444 3577 3509 ad
3608 3466 3920 3529 praesens
3955 3448 4176 3527 occidi,
4223 3448 4380 3514 111118
4413 3473 4602 3519 mors

2643 3529 2994 3627 infligitur:
3041 3529 3156 3595 sed
3199 3552 3332 3595 non
3375 3532 3605 3613 perire,
3653 3533 3804 3615 quia
3847 3533 4139 3598 futurum
4176 3546 4292 3613 est,
4339 3544 4416 3601 ut
4451 3560 4602 3604 sus-

2647 3622 2900 3680 e1tetur.
2958 3614 3109 3697 Qua
3130 3615 3241 3679 via
3263 3617 3320 3680 si
3335 3618 3392 3699 ¹²)
3417 3616 3695 3682 evadere
3719 3618 3970 3698 volunt,
4006 3621 4367 3686 concedant
4397 3643 4602 3707 opor-

2647 3708 2744 3766 tet
2775 3722 2991 3784 neque
3029 3721 3259 3784 eorpus
3291 3701 3513 3780 occidi,
3551 3703 3724 3785 quod
3759 3705 3958 3769 etiam
3995 3707 4432 3773 suscitabitur.
4504 3711 4604 3775 Et

2645 3787 2799 3868 quia
2834 3794 3185 3877 utrumque
3219 3798 3648 3853 conservatur
3679 3788 3749 3853 in
3784 3788 3955 3854 diem
3994 3790 4234 3869 iudicii,
4280 3802 4605 3860 neutrum

2643 3874 2831 3955 perit.
2899 3872 3196 3939 Verbum
3239 3881 3459 3939 autem
3504 3873 3756 3940 Christi
3797 3877 4041 3941 fatetur
4083 3899 4319 3961 corpus
4363 3881 4603 3960 occidi,

2645 3959 2935 4024 animam
2978 3979 3118 4023 esse
3174 3958 3426 4024 salvam
3483 3964 3778 4025 testatur.
3868 3961 4016 4026 Hae
4068 3962 4328 4030 dicendi
4379 3965 4608 4033 forma

2644 4043 2952 4110 Christus
2997 4045 3204 4109 utitur
3247 4043 3328 4108 de
3355 4067 3475 4111 888
3517 4045 3724 4128 ipsius
3769 4054 4000 4127 morte,
4030 4070 4230 4131 quum
4265 4051 4386 4114 ait:
4439 4050 4602 4116 Sol·

2644 4131 2776 4195 vite
2799 4129 3118 4213 templum
3156 4130 3294 4209 hoc,
3332 4138 3399 4194 et
3433 4132 3502 4195 in
3518 4131 3734 4196 triduo
3772 4133 4094 4199 suscitabo
4124 4134 4291 4199 illud
4326 4135 4602 4217 (Ioann.

2645 4219 2703 4294 2,
2746 4215 2871 4300 19).
2961 4214 3242 4281 Dicebat
3275 4224 3496 4280 autem
3541 4216 3621 4280 de
3663 4218 3907 4301 templo
3952 4221 4239 4304 corporis
4284 4223 4415 4287 sui:
4464 4244 4610 4306 8118

2642 4303 2894 4368 ratione
2938 4302 3250 4366 animam·
3279 4302 3360 4367 ab
3417 4323 3643 4367 eorum
3698 4312 4019 4385 potestate
4076 4305 4332 4386 eximit,
4389 4330 4610 4391 quam

2645 4389 2844 4454 etiam
2887 4388 3177 4453 moriens
3219 4387 3291 4451 in
3335 4408 3569 4453 manus
3614 4391 3818 4471 patris
3864 4392 4291 4469 commendat,
4339 4400 4415 4458 ut
4455 4395 4613 4461 Lu-

2644 4494 2752 4539 cas
2795 4473 3022 4538 scribit
3064 4484 3131 4538 et
3172 4473 3390 4539 David
3434 4474 3853 4555 praedixerat
3896 4477 4086 4559 (Luc.
4128 4482 4227 4555 23,
4267 4484 4381 4557 463
4415 4480 4611 4545 Psal.

2648 4564 2749 4637 31,
2790 4561 2880 4643 6).
2945 4559 3039 4624 Et
3059 4555 3439 4641 Stephanus
3477 4560 3651 4644 (Act.
3679 4565 3736 4639 7,
3765 4562 3874 4643 59)
3912 4562 4053 4627 8188
4091 4564 4417 4646 exemplo:
4455 4566 4616 4631 Do-

2791 4832 2848 4898 1)
2890 4831 2985 4887 Sic
3019 4828 3378 4887 1545-1563.
3442 4832 3708 4901 Princeps
3741 4840 3936 4889 nostra
3967 4836 4217 4891 mendose
4250 4838 4441 4892 scriba
4455 4860 4475 4888 .-
4516 4854 4622 4895 nan

2651 4910 2774 4956 tura
2808 4918 2858 4955 a.
2915 4900 3263 4955 Recentiores
3297 4899 3433 4954 1576
3468 4916 3524 4956 ee
3596 4944 3609 4956 .
3644 4904 3896 4958 omittunt
3921 4920 3998 4973 pr
4103 4906 4402 4960 ositimern.
4465 4904 4620 4976 Quo>

2651 4972 2872 5026 buccam
2906 4970 3209 5023 consentire
3239 4969 3457 5024 videtur
3493 4918 3557 5024 (J
3621 4987 3688 5024 us
3720 4974 3819 5041 qui
3846 4920 4357 5054 habdssssl'esquelles
4393 4991 4468 5031 811
4512 4994 4622 5046 ap-

2692 5037 2928 5093 rehende
2967 5048 3391 5116 communement
3425 5039 3491 5093 dc
3515 5047 3723 5094 nature.
3860 5042 3921 5104 2)
3959 5042 4076 5097 Lib.
4099 5042 4166 5096 de
4191 5059 4352 5098 carne
4379 5042 4622 5100 Christi.

2648 5109 2711 5231 l)
2739 5107 2832 5228 tSi,
2867 5110 3121 5226 olrlmttunt
3170 5103 3304 5158 1552
3339 5122 3478 5177 seqq.
3539 5108 3724 5163 Ver-sio
3756 5111 3954 5179 qallica
3989 5111 4273 5180 exprimit.-
4308 5110 4429 5167 S'ils
4473 5131 4620 5169 veu-

2671 5191 2735 5230 en
2796 5190 2888 5229 esc
2927 5188 3112 5242 apper.
