4984 5975
394 331 514 394 377
848 376 860 389 .
995 389 1011 411 ,
1751 326 2219 393 EPISTOLA
2262 328 2392 395 AD
2438 329 3018 398 GENEVATES.

390 540 459 585 eo
498 516 757 603 fuyiunt
810 520 876 584 in
924 519 1163 600 primis
1208 515 1520 599 periculo,
1577 516 1740 596 quod
1791 515 2199 595 sempiternae
2242 513 2344 578 illi

390 606 687 671 miseriae
719 606 996 670 maxime
1026 605 1368 685 finitimum
1391 602 1800 683 proximeque
1833 600 2201 666 adiunctum
2235 605 2340 664 est.

394 691 610 771 Neque
656 712 762 773 eqo
805 691 912 755 hoc
955 691 1025 754 in
1065 687 1188 754 hoc‘
1216 688 1350 753 dico
1391 705 1559 750 nunc
1600 687 1752 766 loco,
1796 706 1921 749 non
1964 704 2169 748 omnes
2202 704 2345 767 pec-

391 796 537 844 care
580 776 874 854 homines,
918 796 1041 840 non
1079 795 1286 840 omnes
1323 793 1452 851 nos,
1497 771 1702 853 quoad
1743 772 1903 836 hanc
1944 771 2219 834 vivimus
2251 770 2345 834 vi-

392 868 519 927 tam
533 914 547 943 ,
606 864 676 926 in
721 862 1004 945 periculo
1059 881 1296 941 semper
1338 879 1468 925 esse
1521 860 1772 942 (sumus
1815 857 1977 921 enim
2011 856 2203 936 plane
2218 906 2232 934 ,
2290 859 2343 918 et

394 949 778 1027 aberramus,
823 952 877 1012 et
920 949 1306 1030 offendimus,
1350 951 1406 1009 ει
1448 943 1724 1010 labimur
1765 942 2079 1007 interdum
2113 960 2342 1019 omnes,

392 1035 665 1115 saepius,
710 1035 947 1112 rarius,
981 1038 1177 1114 prout
1218 1032 1438 1113 cuique
1479 1049 1601 1094 sua
1641 1033 1697 1091 et
1737 1048 1815 1093 ex
1848 1027 1984 1092 Deo
2028 1027 2224 1091 insita
2258 1027 2345 1089 ad

397 1140 463 1185 se
506 1119 903 1185 cohibendum
943 1120 1147 1183 virtus
1199 1119 1383 1196 inest)
1440 1120 1863 1201 verumtamen
1907 1117 2160 1194 peccata
2212 1131 2345 1177 cae-

392 1211 541 1283 tera,
575 1206 953 1292 praesertim
996 1225 1159 1286 quae
1199 1223 1322 1267 non
1363 1200 1600 1284 iudicio
1642 1199 1872 1277 stabili,
1917 1198 2025 1263 sed
2046 1218 2169 1278 per
2208 1198 2344 1279 fra-

386 1292 693 1372 yilitatem
736 1292 1019 1356 admissa
1055 1293 1437 1372 patrataque
1471 1292 1630 1365 sunt,
1674 1287 1759 1350 ad
1794 1284 2027 1349 summi
2061 1282 2191 1348 Dei
2225 1285 2344 1346 mi-

387 1377 796 1442 sericordiam
837 1376 1087 1458 facilem
1129 1374 1398 1439 reditum
1440 1370 1676 1436 habent.
1748 1369 1938 1436 Illud
1971 1374 2178 1433 autem
2199 1389 2343 1450 pec-

389 1468 594 1528 catum
634 1462 931 1527 horribile
972 1468 1028 1526 et
1059 1458 1619 1543 pertimescendum
1634 1507 1648 1534 ,
1703 1476 1822 1537 quo
1863 1474 2068 1535 prave
2121 1455 2343 1519 colitur

394 1547 603 1627 Deus,
647 1551 759 1630 qui
801 1548 1137 1612 rectissime
1181 1543 1347 1610 debet
1389 1544 1536 1622 coli,
1594 1549 1650 1606 et
1705 1562 1823 1622 quo
1875 1540 2047 1620 falsa
2102 1540 2178 1603 de
2230 1539 2341 1604 illo

395 1635 776 1712 sentiuntur,
831 1634 944 1716 qui
987 1639 1076 1697 est
1115 1651 1362 1697 summa
1397 1629 1568 1693 solus
1610 1629 1870 1694 veritas.-
1913 1625 2102 1704 illud,
2158 1624 2338 1705 illud,

392 1721 681 1801 inq-uam,
737 1724 828 1785 εει
869 1723 1216 1800 peccatum,
1271 1716 1433 1797 quod
1491 1734 1616 1776 non
1672 1712 1876 1778 solum
1929 1712 2001 1775 in
2041 1712 2340 1791 proatimo

380 1807 664 1888 periculo
716 1808 954 1870 aeterni
1005 1805 1163 1870 mali
1215 1822 1328 1867 nos
1380 1800 1717 1876 constituit,
1774 1798 1885 1862 sed
1937 1817 2109 1878 spem
2140 1816 2340 1878 prope

388 1892 576 1956 etiam
617 1896 673 1956 et
714 1896 999 1956 conatum
1053 1888 1411 1954 declinandi
1456 1890 1511 1949 et
1547 1883 1834 1967 fuyiendi
1884 1882 2192 1947 eiusmodi
2222 1902 2340 1961 pe-

390 1977 578 2042 riculi
622 1976 798 2042 nobis
837 1977 1059 2057 aufert.
1151 1976 1327 2038 Nam
1382 1972 1645 2052 reliquis
1685 1970 1918 2033 nostris
1963 1970 2031 2031 in
2064 1968 2339 2048 peccatis

387 2067 683 2143 tanquam
727 2063 797 2126 in
839 2063 1002 2127 vitae
1038 2061 1326 2141 fluctibus
1367 2059 1486 2123 illa
1529 2061 1733 2120 tamen
1776 2053 2050 2118 anchora
2090 2057 2340 2116 nostrae

390 2149 571 2213 navis
618 2148 802 2213 salva
860 2153 977 2227 est,
1031 2168 1189 2230 quae
1244 2165 1355 2209 nos
1389 2142 1670 2225 prohibet
1713 2163 1755 2205 a
1798 2139 2044 2219 scopulo
2084 2145 2139 2202 et
2182 2159 2339 2201 nau-

386 2234 594 2316 fragio
612 2283 627 2312 ,
679 2235 843 2315 quod
895 2235 1287 2317 cogitationes
1344 2229 1657 2294 interdum
1712 2230 1962 2290 nostras
2012 2225 2084 2286 in
2125 2222 2339 2290 Deum

390 2319 804 2396 coniicientes,
863 2325 916 2383 et
959 2320 1238 2384 stimulis
1278 2316 1562 2382 dolorum
1592 2317 1854 2393 propter
1870 2377 1878 2386 ,
1885 2314 2140 2391 peccata
2183 2328 2338 2373 com-

383 2406 628 2486 puncti,
673 2407 881 2470 tacitis
924 2406 1246 2487 suspiriis,
1291 2408 1345 2466 et
1388 2400 1761 2481 consessione
1801 2397 2160 2477 iniquitatis
2199 2414 2337 2492 nos-

387 2496 519 2555 trae
585 2491 764 2556 illius
826 2491 1325 2555 misericordiam
1394 2485 1864 2578 imploramus·
1910 2481 2153 2578 Atque·
2182 2500 2333 2560 ipse,

388 2583 458 2640 ut
489 2576 780 2642 bonitatis
825 2582 881 2640 et
920 2577 1274 2641 clementiae
1294 2573 1527 2655 plenus
1562 2573 1668 2647 est,
1703 2569 1972 2648 flectitur
2002 2571 2217 2630 statim
2250 2566 2337 2628 ad

392 2664 844 2745 iynoscendum,
888 2682 1173 2741 moreque
1196 2661 1305 2741 pii
1327 2658 1548 2739 patris
1579 2654 1858 2736 filiorum
1890 2671 2149 2749 suorum
2186 2657 2335 2748 [pag.

397 2753 497 2827 18]
531 2768 754 2829 preces
784 2749 1083 2830 placatus
1124 2746 1412 2812 admittit.
1500 2745 1594 2806 At
1644 2741 1713 2803 in
1769 2739 1877 2803 hoc
1931 2744 2092 2801 truci
2134 2737 2336 2801 horri-

387 2832 615 2914 bilique
666 2839 916 2915 peccato
973 2837 1414 2917 praeposterae
1465 2828 1787 2911 falsaeque
1841 2823 2160 2920 reliyionis
2224 2842 2335 2887 nec

383 2917 595 2984 Deum
636 2919 813 2985 nobis
845 2940 954 2984 nec
989 2919 1324 2983 anchoram
1358 2914 1634 2997 amplius
1663 2911 2122 3007 relinquimus..
2169 2911 2334 2990 Qua-

373 3011 630 3088 propter
669 3006 778 3071 hoc
808 3007 1148 3089 praecipue
1178 3002 1535 3084 periculum
1552 3050 1566 3078 ,
1617 3000 1849 3081 fratres
1893 2997 2228 3093 carissimi,
2272 3015 2333 3059 si

383 3091 545 3156 salvi
590 3113 723 3157 esse
773 3076 1056 3158 volumus
1070 3143 1085 3171 ,
1140 3088 1610 3156 accuratissime
1652 3089 1707 3148 et
1746 3082 2203 3147 studiosissime
2241 3082 2334 3146 vi-

384 3178 642 3241 tandum
689 3177 867 3243 nobis
909 3182 1012 3242 est.
1110 3176 1314 3242 Potest
1356 3174 1456 3238 hic
1498 3172 1654 3248 dici,
1709 3189 1904 3250 quum
1944 3168 2040 3232 vel
2082 3187 2332 3250 corrup-

380 3266 494 3341 tae,
538 3263 653 3329 vel‘
673 3265 944 3347 inteyrae
987 3263 1310 3345 reliyionis
1352 3259 1534 3324 varia
1576 3256 1709 3320 sint
1749 3254 2008 3330 iudicia,
2044 3259 2097 3317 et
2130 3254 2333 3318 diver-

385 3369 491 3413 sae
532 3348 882 3430 hominum,
938 3351 1010 3413 in
1051 3348 1159 3413 hoc
1193 3345 1577 3429 praesertim
1629 3347 1895 3431 tempore
1909 3390 1926 3419 ,
1979 3341 2330 3439 sententiae,

384 3435 676 3516 aliusque
712 3435 821 3501 hoc
851 3436 1046 3514 modo,
1088 3436 1200 3500 illo
1233 3434 1408 3498 alius
1441 3431 1891 3524 interpretetur,
1932 3430 2092 3488 satis
2124 3426 2331 3524 videri

386 3520 612 3600 debere,
659 3523 721 3586 si
763 3523 1191 3602 unusquisque
1233 3518 1318 3584 ad
1360 3517 1432 3581 id
1473 3515 1634 3596 quod
1664 3530 1953 3593 primum
1994 3517 2332 3608 occurrerit

382 3607 749 3673 credendum
800 3609 1035 3673 sincero
1089 3607 1300 3671 animo
1352 3600 1624 3677 accedat,
1675 3616 1980 3694 suumque
2019 3596 2329 3695 iudicium

378 3692 696 3757 submittat
750 3692 1071 3758 hominum
1116 3713 1182 3756 se
1232 3689 1572 3756 doctiorum
1627 3690 1685 3749 et
1725 3688 2109 3765 peritiorum
2160 3683 2330 3747 iudi-

379 3778 510 3843 ciis.
606 3778 864 3857 Fateor,
914 3780 1151 3860 fratres
1192 3772 1541 3850 carissimi,
1596 3770 1715 3834 has
1757 3788 1888 3833 esse
1925 3787 2093 3834 voces
2134 3769 2329 3833 homi-

378 3883 526 3927 num
561 3865 1038 3946 simpliciorum,
1083 3870 1137 3929 et
1171 3880 1434 3945 quorum
1468 3857 1725 3939 inqenia
1756 3859 1988 3918 natura
2021 3853 2327 3920 hebetiora

378 3955 555 4013 sunt:
611 3971 767 4031 quos
820 3951 933 4031 qui
985 3950 1341 4029 detorquent
1397 3949 1455 4007 et
1507 3940 1872 4007 abstrahunt
1915 3961 1957 4003 a
2000 3941 2106 4004 via
2144 3946 2326 4020 recta,

372 4037 592 4100 maius
636 4035 738 4101 ali
776 4035 968 4099 multo
1016 4036 1089 4099 in
1132 4056 1198 4100 se
1229 4030 1550 4115 peccatum
1603 4027 1854 4092 habent:
1907 4044 2058 4123 nam
2098 4028 2328 4107 peritis

377 4122 628 4203 quidem
682 4126 738 4185 et
793 4120 1045 4186 callidis
1097 4123 1295 4185 oratio
1344 4119 1470 4181 ista
1522 4133 1646 4178 non
1685 4114 1985 4195 {convenit
2082 4114 2206 4177 Sed
2258 4118 2329 4176 ut

377 4227 545 4271 nunc
588 4208 883 4287 temporis
925 4226 1117 4270 causa
1162 4204 1482 4286 confitear,
1537 4198 1825 4277 omnibus
1879 4199 2002 4262 ista
2041 4202 2096 4261 et
2134 4199 2329 4262 doctis

376 4298 431 4356 ει
482 4294 750 4358 indoctis
804 4292 1042 4357 incerta
1098 4313 1227 4358 esse
1281 4288 1475 4373 (quod
1517 4291 1714 4349 tamen
1761 4289 1846 4348 est
1888 4302 2092 4362 secus,
2150 4283 2327 4381 habet

376 4380 542 4442 enim
583 4378 885 4442 catholica
937 4378 1186 4442 ecclesia
1245 4380 1471 4440 certam
1521 4371 1802 4453 requlam
1815 4419 1829 4447 ,
1886 4390 2014 4449 qua
2065 4392 2105 4432 a
2161 4390 2326 4434 veris

371 4463 545 4545 falsa
589 4464 950 4545 discernat),
1008 4484 1224 4528 verum
1237 4514 1251 4543 ,
1289 4466 1412 4527 esto
1427 4509 1442 4539 ,
1486 4458 1888 4522 concedamus
1928 4455 2122 4519 dubia
2164 4475 2325 4519 esse.-

373 4569 590 4628 nonne,
627 4550 925 4631 quoniam
959 4550 1032 4613 dc
1053 4549 1340 4629 periculo
1370 4550 1617 4610 nostrae
1649 4543 1879 4607 salutis
1914 4542 2142 4623 aqitur,
2177 4563 2325 4622 quo-

372 4637 552 4700 niam
588 4635 845 4699 animas
876 4641 1137 4713 nostras,
1180 4635 1288 4700 hoc
1321 4638 1427 4711 est,
1461 4632 1694 4693 nosmet
1728 4629 1897 4707 ipsos
1920 4628 2195 4708 plurimi
2224 4629 2323 4709 fa-

372 4722 587 4799 cimus,
638 4740 745 4783 nec
780 4740 944 4785 nunc
984 4722 1057 4784 in
1098 4721 1428 4786 discrimen
1469 4720 1581 4779 aut
1610 4715 2026 4796 fortunarum,
2072 4720 2184 4778 aut
2215 4735 2323 4779 va-

371 4805 673 4871 letudinis
688 4856 703 4883 ,
763 4811 870 4869 aut
925 4808 1110 4870 etiam
1162 4808 1437 4886 corporis
1493 4807 1549 4865 ει
1598 4800 1884 4864 mortalis
1924 4800 2119 4866 huius
2159 4807 2323 4872 vitae

369 4894 657 4957 venimus
722 4897 1016 4972 (quorum
1079 4894 1356 4957 omnium
1413 4891 1722 4955 iacturam
1780 4887 1910 4951 viri
1961 4889 2151 4969 fortes
2194 4913 2321 4973 pro

374 4976 623 5042 Christo
656 4981 712 5042 et
736 4997 859 5057 pro
893 4997 1016 5041 sua
1046 4978 1265 5042 anima
1298 4979 1641 5042 constanter
1681 4993 1863 5056 saepe
1894 4978 2319 5063 pertulerunt)

367 5064 481 5128 sed
521 5064 600 5129 de
642 5061 821 5126 nobis
860 5063 929 5126 id
969 5067 1115 5141 [pag.
1160 5068 1264 5140 19]
1309 5062 1675 5137 decernitur,
1711 5066 1937 5133 utrum
1957 5066 2321 5147 sempiterne

368 5148 747 5224 miserrimi,
789 5167 877 5212 an
919 5148 1263 5213 beatissimi
1303 5150 1505 5214 simus
1544 5148 1788 5227 victuri,
1836 5150 2319 5233 circumspicere,

365 5234 798 5313 considerare,
840 5234 1228 5316 perpendere
1285 5234 1611 5316 diligenter
1652 5256 1763 5301 nos
1818 5241 2076 5319 oportet,
2130 5243 2199 5302 ut
2252 5258 2320 5302 eo

4268 345 4396 408 378

2446 535 2558 579 nos
2609 517 3053 583 constituamus
3105 522 3175 585 in
3232 519 3355 586 loco
3413 523 3516 606 (de
3568 544 3637 587 re
3689 524 3910 606 loquor
3950 529 4139 594 veluti
4180 523 4397 614 dubia,

2447 622 2607 682 quae
2650 607 2856 666 tamen
2899 624 3021 668 non
3066 605 3202 690 est),
3245 612 3314 670 ut
3345 607 3452 686 ibi,
3496 610 3775 690 inquam,
3817 613 4243 695 consistamus,
4285 619 4397 683 ubi

2446 691 2663 750 minus
2682 689 2874 752 multo
2907 691 3082 754 nobis
3113 693 3360 758 timoris
3394 699 3579 775 atque
3599 697 3893 777 periculi,
3929 698 4217 784 torveque
4237 704 4397 784 plus

2447 773 2583 853 spei
2625 777 2680 837 et
2723 773 3074 840 alacritatis
3113 778 3497 844 ostenditur?
3582 781 3779 845 Nemo
3810 782 3933 863 hoc,
3978 787 4172 867 credo,
4214 809 4395 871 nequ-

2447 862 2633 922 turus
2672 858 2833 922 mihi
2876 866 2983 939 est,
3025 863 3180 941 quin
3238 864 3308 927 in
3352 883 3419 929 re
3464 868 3727 948 ancipiti
3765 874 3821 932 et
3873 871 4094 951 dubia,
4152 875 4223 938 in
4264 896 4396 956 qua

2439 945 2818 1041 praesertim
2861 964 3109 1010 summa
3166 950 3377 1031 ayitur
3415 951 3580 1015 vitae
3622 957 3678 1016 et
3717 953 3944 1021 salutis
3993 964 4264 1038 nostrae,
4323 961 4396 1026 id

2436 1034 2656 1126 potius
2712 1048 2927 1127 capere
2978 1037 3034 1094 et
3084 1035 3264 1113 sequi
3315 1038 3561 1101 consilii
3603 1038 3958 1120 debeamus,
4016 1046 4179 1125 quod
4229 1047 4395 1111 ratio

2446 1113 2625 1211 nobis
2662 1121 2956 1213 suaserit,
2999 1138 3190 1199 quam
3233 1121 3396 1200 quod
3432 1122 3696 1204 fortuita
3739 1125 4023 1193 obtulerit
4061 1133 4392 1198 temeritas.

2465 1199 2803 1264 Videamus
2855 1203 3059 1283 iyitur
3100 1209 3248 1268 utra
3286 1207 3360 1270 in
3389 1213 3603 1287 parte,
3660 1215 3718 1273 ει
3759 1212 3830 1274 in
3870 1219 4017 1279 utra
4057 1222 4222 1282 secta
4261 1237 4396 1282 ma-

2448 1286 2553 1348 ius
2582 1287 2667 1349 sit
2701 1306 2743 1349 a
2773 1286 2911 1354 Deo
2955 1288 3200 1372 lonyius
3243 1312 3358 1355 nos
3391 1295 3759 1374 removendi,
3805 1305 3861 1362 et
3902 1301 3988 1364 ad
4017 1309 4406 1382 perpetuum·

2447 1372 2710 1467 exitium
2741 1374 3019 1452 propius
3049 1395 3164 1439 nos
3194 1377 3564 1444 admovendi
3583 1383 3956 1461 periculum.
4031 1383 4236 1468 Quam'
4263 1409 4394 1453 rem

2446 1461 2540 1520 ita
2582 1477 2771 1539 aqam
2813 1464 2872 1521 et
2903 1479 3273 1540 proponam,
3318 1467 3505 1544 quasi
3548 1465 3808 1532 habeam
3849 1491 3955 1535 vos
3998 1473 4201 1539 adhuc
4241 1474 4394 1540 deli-

2446 1541 2726 1606 berantes
2740 1593 2753 1620 ,
2815 1545 3070 1607 necdum
3140 1549 3342 1613 animi
3406 1556 3622 1630 certos,
3691 1574 3958 1634 quorum
4005 1561 4226 1639 potius
4282 1565 4393 1625 aut

2444 1628 2866 1724 voluntatibus
2900 1628 3160 1710 obsequi,
3197 1639 3307 1697 aut
3340 1636 3618 1701 consiliis
3637 1640 3884 1706 credere
3902 1642 4187 1710 debeatis.
4231 1646 4391 1714 Dis-

2444 1718 2703 1810 ceptatio
2742 1719 2849 1806 est,
2892 1720 3105 1780 utrum
3141 1725 3381 1784 vestrae
3420 1723 3611 1785 saluti
3651 1728 3856 1808 maqis
3897 1731 4203 1812 expediat,
4245 1753 4391 1814 yra-

2442 1804 2690 1896 tiusque
2732 1801 2871 1864 Deo
2903 1821 3024 1899 vos·
3037 1803 3316 1883 facturos
3357 1809 3739 1890 existimetis,
3781 1814 3841 1876 si
3884 1834 3957 1879 ea
4000 1815 4392 1883 credideritis

2442 1889 2737 1965 eritisque
2778 1891 3050 1966 sequuti,
3106 1909 3264 1969 quae
3318 1894 3570 1958 ecclesia
3614 1896 3911 1963 catholica
3952 1908 4236 1966 cunctum
4267 1924 4391 1984 per

2442 1969 2644 2065 orbem
2697 1974 3012 2035 terrarum
3069 1995 3266 2040 annos
3323 1978 3454 2042 iam
3506 1981 3677 2046 mille
3731 1988 3789 2047 et
3842 1986 4201 2071 quinqentos
4256 2009 4389 2053 am-

2433 2055 2633 2152 plius,
2679 2060 2787 2119 aut
2841 2058 2928 2138 (si
2970 2058 3210 2123 claram
3262 2069 3611 2146 certamque
3652 2089 3864 2132 rerum
3902 2078 4224 2155 qestarum
4263 2094 4388 2139 me-

2440 2161 2709 2238 moriam
2762 2148 2818 2205 et
2874 2144 3158 2209 notitiam
3212 2151 3606 2236 quaerimus)
3672 2174 3869 2220 annos
3921 2160 4053 2222 iam
4109 2160 4390 2240 amplius

2439 2226 2614 2290 mille
2654 2232 2709 2290 et
2746 2231 3054 2327 trecentos,
3097 2251 3318 2316 maqno
3360 2255 3656 2302 consensu
3697 2244 4080 2322 comprobat.-
4122 2266 4208 2309 an
4240 2245 4389 2311 haec

2440 2331 2601 2392 quae
2640 2321 2815 2392 vafri
2855 2313 3149 2395 homines,
3194 2324 3388 2400 atque,
3431 2327 3500 2385 ut
3535 2323 3659 2387 sibi
3691 2327 3820 2407 ipsi
3852 2329 4154 2408 videntur,
4199 2333 4386 2412 acuti,

2441 2397 2744 2494 adversus
2786 2403 2871 2462 tot
2910 2404 3301 2469 saeculorum
3340 2426 3527 2472 usum
3567 2415 3624 2474 et
3664 2417 3873 2477 contra
3892 2421 4268 2496 perpetuam
4299 2438 4387 2482 ec-

2438 2482 2664 2547 clesiae
2705 2486 3118 2582 autoritatem,
3159 2488 3262 2555 his
3304 2495 3494 2558 annis
3535 2497 3809 2577 quinque
3852 2504 3906 2563 et
3948 2502 4172 2584 viyinti
4212 2503 4388 2566 inno-

2444 2573 2772 2666 vaverunt.-
2828 2591 2940 2651 qui
2997 2577 3144 2651 [pag.
3184 2582 3291 2654 20]
3348 2584 3505 2642 certe
3555 2581 3685 2661 ipsi
3736 2583 4033 2650 catholica
4074 2606 4200 2651 non
4241 2593 4387 2652 sunt

2439 2655 2706 2751 ecclesia.
2796 2654 2917 2720 Est
2957 2659 3122 2756 enim
3166 2662 3463 2729 catholica
3505 2667 3781 2748 ecclesia,
3824 2675 3894 2735 ut
3932 2672 4196 2736 breviter
4237 2673 4386 2755 defi-

2438 2759 2720 2838 niamus,
2779 2761 2938 2839 quae
2994 2765 3062 2807 in
3117 2748 3286 2810 onmi
3341 2755 3618 2817 anteacto
3660 2759 3715 2817 ει
3754 2754 4047 2822 hodierno
4101 2762 4382 2840 tempore,

2437 2844 2608 2923 omni
2650 2846 2720 2889 in
2757 2846 3001 2909 reqione
3043 2836 3358 2897 terrarum
3371 2885 3386 2914 ,
3440 2838 3511 2900 in
3560 2837 3804 2905 Christo
3858 2862 3991 2907 una
4038 2849 4096 2908 et
4137 2864 4384 2910 consen-

2436 2917 2610 3008 tiens,
2653 2932 2779 2976 uno
2826 2912 3066 2978 Christi
3106 2920 3343 2998 spiritu
3375 2921 3602 3005 ubique
3642 2929 3700 2990 et
3739 2948 3978 3010 semper
4009 2929 4242 2996 directa
4276 2936 4381 3012 est,

2435 3017 2509 3061 in
2550 3018 2676 3096 qua
2709 2998 2954 3063 nullum
2979 3008 3186 3082 potest
3216 3005 3558 3073 dissidium
3600 3013 3926 3079 exsistere:
3970 3017 4174 3081 omnis
4214 3018 4383 3082 enim

2434 3103 2508 3147 ea
2550 3089 2714 3181 inter
2754 3103 2822 3181 se
2871 3105 3147 3153 connexa
3197 3096 3255 3155 et
3302 3097 3671 3177 conspirans
3712 3106 3820 3165 est.
3900 3101 4076 3182 Quod
4121 3103 4181 3166 si
4225 3103 4381 3183 quid

2434 3170 2674 3233 accidat
2712 3169 3124 3270 dissensionis
3174 3181 3233 3240 et
3284 3178 3567 3260 dissidii,
3622 3203 3920 3268 maqnum
3963 3187 4211 3268 quidem
4253 3208 4384 3254 cor-

2425 3275 2556 3337 pus
2598 3255 2885 3353 ccclesiae
2926 3259 3091 3323 idem
3121 3273 3465 3346 permanet,
3505 3267 3579 3347 fit
3621 3275 3827 3335 autem
3869 3278 4185 3355 apostema
4199 3325 4215 3352 ‚
4260 3294 4380 3354 quo

2434 3346 2727 3437 corrupta
2766 3342 2981 3424 aliqua
3017 3364 3179 3426 cao-0,
3224 3349 3302 3413 ab
3333 3353 3652 3418 animante
3680 3376 3903 3438 corpus
3933 3363 4214 3423 cunctum
4248 3361 4380 3440 spi-

2431 3432 2570 3522 ritu
2605 3426 2859 3524 divulsa
2898 3434 3261 3513 secernitur,
3304 3457 3413 3502 nec
3454 3439 3531 3502 de
3573 3439 3921 3507 substantia
3953 3444 4218 3507 ulterius
4248 3464 4378 3507 cor-

2423 3532 2605 3594 poris
2649 3512 3045 3613 ecclesiastici
3086 3525 3190 3583 est.
3282 3521 3430 3587 Non
3474 3544 3578 3607 eqo
3619 3525 3720 3591 hic
3759 3527 4080 3593 deveniam
4123 3529 4210 3594 ad
4249 3530 4382 3593 sin-

2428 3597 2617 3680 qulas
2662 3617 2872 3660 rerum
2913 3602 3369 3684 disputationes
3386 3659 3400 3687 ,
3457 3630 3648 3692 neque
3689 3633 3877 3677 aures
3920 3618 4157 3678 vestras
4200 3614 4380 3693 copia

2431 3682 2753 3748 verborum
2806 3689 2990 3768 atque
3042 3699 3544 3774 arqumentorum
3598 3699 3870 3763 onerabo,
3965 3698 4294 3763 Tacebitur
4334 3720 4380 3764 a

2430 3788 2527 3832 me
2555 3787 2720 3832 nunc
2750 3766 2826 3832 de
2859 3771 3257 3857 eucharistia,
3295 3781 3366 3843 in
3400 3803 3526 3863 qua
3558 3803 3671 3847 nos
3705 3783 4104 3847 verissimum
4140 3782 4376 3849 Christi

2430 3874 2655 3951 corpus
2689 3854 3044 3924 adoramus.
3122 3863 3250 3928 Isti
3292 3885 3444 3931 sane
3472 3889 3712 3949 parum
3751 3870 3942 3950 quari
3985 3870 4375 3949 quemadmo-

2429 3941 2582 4005 dum
2615 3960 2686 4037 in
2717 3960 3080 4026 unoquoque
3107 3970 3322 4031 yenerc
3348 3952 3661 4017 doctrinae
3690 3953 3978 4018 adhibere
4012 3960 4375 4037 aryumenta

2429 4032 2483 4091 et
2525 4031 2801 4124 rationes
2853 4037 3150 4127 oporteat,
3210 4058 3282 4099 ea:
3342 4038 3568 4103 alienis
3610 4043 3665 4103 ει
3705 4039 3880 4122 lonye
3922 4037 4194 4106 diversis
4235 4041 4376 4107 dia-

2429 4113 2671 4213 lecticae
2725 4133 3060 4214 inanisque
3102 4121 3536 4203 philosophiae
3592 4124 3968 4203 rationibus,
4029 4125 4374 4191 Dominum

2430 4218 2643 4297 ipsum
2682 4218 2993 4280 universi,
3039 4211 3094 4269 et
3136 4207 3416 4273 divinam
3473 4211 3541 4273 in
3595 4232 3662 4275 eo
3715 4211 4231 4292 spiritualemque
4258 4233 4373 4291 po-

2427 4289 2710 4362 tentiam,
2756 4305 2916 4365 quae
2946 4310 3219 4369 prorsus
3261 4295 3458 4359 libera
3502 4300 3559 4359 et
3599 4296 3853 4376 infinita
3895 4302 4010 4376 εει,
4065 4298 4134 4361 in
4178 4318 4371 4380 anqu-

2426 4372 2521 4435 los
2551 4390 2874 4448 corporeae
2905 4380 3189 4459 naturae,
3221 4401 3380 4460 quae
3413 4382 3551 4444 suis
3583 4382 3871 4448 cancellis
3900 4385 4372 4465 circumscripta

2427 4461 2532 4535 est,
2576 4462 2881 4548 conantur
2908 4460 3238 4529 include-re.
3307 4465 3454 4530 Non
3498 4467 3718 4548 loquar
3750 4469 3827 4534 de
3870 4469 4243 4550 consessione
4287 4468 4372 4533 ad

2425 4543 2794 4606 sacerdotem
2836 4553 3260 4624 pcccatorum:
3326 4553 3395 4614 in
3452 4573 3578 4633 qua
3593 4604 3607 4633 ,
3661 4553 3823 4634 quod
3878 4555 4230 4619 maximum
4282 4558 4371 4619 est

2424 4633 2673 4692 nostrae
2711 4629 2940 4729 salutis
2978 4636 3479 4717 fundamentum,
3532 4659 3683 4704 vera
3725 4639 4075 4704 christiana
4116 4638 4369 4705 humili-

2423 4719 2551 4793 tas,
2602 4719 2659 4778 et
2700 4736 2741 4778 a
2784 4723 3102 4800 scriptura
3144 4722 3590 4803 demonstrata,
3646 4731 3702 4790 et
3757 4726 3835 4789 ab
3886 4725 4138 4790 ecclesia
4178 4744 4370 4806 prae-

2424 4806 2594 4882 cepta
2637 4820 2711 4864 ac
2753 4805 3079 4870 constituta
3118 4814 3236 4871 est.-
3287 4828 3480 4888 quam
3524 4810 3634 4874 isti
3675 4810 4115 4890 humilitatein,
4159 4814 4214 4874 et
4244 4830 4368 4890 per

2423 4887 2781 4952 calumnias
2822 4888 3065 4955 eludere
3079 4941 3094 4970 ,
3148 4898 3204 4955 ει
3248 4899 3393 4974 [pag.
3434 4908 3467 4959 2
3483 4900 3541 4975 1]
3575 4917 3698 4978 per
3738 4898 4168 4979 arroyantiam
4210 4896 4369 4959 abii-

2422 4992 2555 5039 cere
2603 4973 2988 5040 studuerunt.
3083 4978 3284 5045 Silebo
3337 4981 3413 5043 de
3455 4981 3749 5063 precibus
3765 5033 3779 5060 ‚
3841 4988 3954 5046 aut
4011 4985 4367 5046 sanctorum

2413 5081 2538 5141 pro
2579 5059 2753 5123 nobis
2793 5062 2967 5141 apud
3009 5063 3246 5145 Deum,
3292 5071 3403 5130 aut
3443 5069 3676 5132 nostris
3704 5088 3829 5149 pro
3870 5067 4161 5131 mortuis:
4203 5084 4366 5147 quas

2420 5148 2614 5213 iidem
2654 5146 2764 5211 isti
2805 5156 3024 5226 quum‘
3051 5158 3466 5231 aspernantur
3507 5159 3561 5219 et
3614 5153 3904 5231 imident,
3955 5170 4180 5231 easque
4229 5150 4366 5214 nul-

2421 5234 2554 5300 lius
2594 5235 2853 5317 penitus
2909 5256 3041 5301 esse
3092 5241 3400 5316 momenti⁸
3432 5240 3674 5316 dicunt,
3730 5236 3884 5319 quid
3937 5236 4182 5300 tandem
4236 5233 4362 5299 sibi
