4984 5975
660 341 741 403 4¹2
2302 335 2431 402 DE
2473 334 3019 403 CLEMENTIA
3187 412 3191 417 ,
4560 333 4637 396 48

659 528 909 611 equites
962 534 1283 591 trecentos
1334 524 1596 589 habuit:
1652 525 1835 606 isque
1887 543 2206 589 numerus
2249 523 2603 589 vocabatur

658 613 847 698 legio.
948 611 1185 677 Livius
1247 610 1356 677 lib.
1410 609 1605 674 VIII.
1671 609 1996 693 legionem
2059 611 2254 675 scribi
2317 620 2605 673 testatur

704 698 949 780 uinque
1011 695 1299 761 millibus
1363 694 1684 778 peditum,
1752 705 1819 760 et
1880 696 2190 760 trecentis
2253 694 2599 777 equitibus.

660 720 916 850 Sollius
958 781 1066 847 lib.
1110 781 1301 846 XVI.
1348 803 1434 846 ex
1476 780 1826 846 autoritate
1870 778 2084 846 Cincii
2126 778 2466 846 constituit
2507 779 2600 844 le-

657 871 923 954 gionem
986 888 1071 932 ex
1135 868 1480 950 sexaginta
1541 865 1882 944 centuriis,
1947 886 2110 947 quae
2170 866 2421 931 faciunt
2482 886 2602 930 sex

655 953 878 1020 millia.
968 952 1044 1019 Si
1097 974 1326 1018 verum
1392 962 1493 1018 est
1549 951 1717 1033 quod
1783 951 2024 1035 legitur
2077 953 2151 1036 in
2212 950 2433 1017 libello
2487 950 2600 1032 qui

658 1040 780 1106 sub
831 1040 1096 1105 nomine
1149 1037 1481 1105 Ciceronis
1540 1037 1992 1102 circumfertur
2047 1036 2127 1101 de
2182 1057 2255 1101 re
2309 1035 2600 1111 militari,

657 1134 726 1191 et
787 1124 1187 1208 exemplaria
1257 1122 1493 1188 mendo
1552 1133 1791 1188 vacant
1804 1174 1817 1197 ‚
1885 1122 2055 1205 legio
2120 1123 2462 1187 conficitur
2516 1142 2611 1187 ex.

655 1210 904 1277 duobus
926 1209 1220 1293 peditum
1253 1208 1560 1284 millibus,
1597 1208 1971 1291 quingentis
1992 1208 2381 1290 quindecim,
2417 1207 2599 1289 equi-

655 1298 837 1362 tibus
871 1295 1261 1378 octingentis
1304 1294 1966 1377 nonagintaquinque.
2015 1294 2268 1358 Verum
2304 1314 2425 1377 ego
2460 1312 2601 1356 ma-

655 1383 759 1468 gis
800 1380 1207 1455 crediderim,
1253 1388 1580 1461 utcunque
1615 1399 1732 1461 pro
1767 1380 2018 1444 ratione
2054 1385 2428 1461 temporum
2467 1376 2601 1442 dis-

653 1467 897 1552 ciplina
938 1465 1241 1530 militaris
1283 1466 1631 1529 immutata
1668 1464 1883 1540 fuerit,
1924 1484 2000 1528 eo
2045 1464 2308 1529 demum
2343 1484 2601 1547 proces-

654 1555 836 1630 sisse,
872 1561 951 1616 ut
986 1550 1208 1616 decem
1236 1549 1611 1616 cohortibus
1632 1551 2037 1614 firmaretur:
2075 1571 2354 1632 quarum
2386 1548 2601 1631 prima

654 1645 829 1703 esset
861 1636 1249 1714 millenaria,
1286 1634 1574 1717 reliquae
1638 1635 2119 1718 uingentariae:
2157 1646 2234 1698 ut
2268 1643 2369 1699 est
2402 1635 2601 1699 etiam

653 1723 829 1806 apud
877 1723 1245 1806 Vegetium,
1290 1742 1422 1786 non
1467 1656 1640 1803 quod
1683 1742 1758 1785 eo
1801 1742 2075 1785 numero
2118 1719 2409 1803 praecise
2451 1720 2601 1784 fini-

653 1815 890 1874 rentur
904 1859 917 1881 ,
976 1807 1089 1873 sed
1135 1807 1346 1872 valuit
1401 1805 1772 1889 appellandi
1828 1805 2283 1888 compendium
2297 1856 2314 1883 ,
2372 1802 2602 1870 eadem

652 1895 866 1959 forma
918 1915 1048 1976 qua
1101 1893 1497 1958 centumviri
1552 1913 1669 1974 pro
1718 1901 1983 1957 centum
2038 1902 2106 1955 et
2161 1891 2479 1974 quinque,
2537 1896 2604 1953 et

654 1979 1077 2063 septuaginta
1119 1979 1510 2060 interpretes
1554 1998 1673 2059 pro
1717 1976 2135 2060 septuaginta
2178 1974 2445 2041 duobus.

834 2065 1053 2146 Quum*
1093 2065 1161 2126 in
1207 2064 1430 2144 prima
1478 2064 1679 2143 fronte
1716 2060 2130 2148 procurrunt]
2193 2061 2408 2127 Frons
2454 2082 2601 2125 ver-

655 2151 814 2217 bum
867 2159 969 2215 est
1021 2148 1322 2213 militare.
1410 2148 1583 2212 Nam
1648 2155 1723 2212 ut
1765 2149 1859 2212 ait
1900 2147 2221 2231 Vegetius
2281 2147 2390 2212 lib.
2435 2146 2599 2211 111.:

611 2230 617 2237 ’
655 2236 852 2301 Acies
895 2234 1131 2300 dicitur
1173 2233 1500 2299 exercitus
1543 2235 1922 2299 instructus.
2008 2233 2240 2310 Frons,
2286 2253 2452 2315 quae
2487 2230 2602 2296 ad-

655 2342 922 2389 versum
966 2320 1222 2385 hostem
1267 2328 1533 2401 spectat.
1605 2316 2055 2399 Quintilianus
2097 2318 2206 2383 lib.
2253 2317 2374 2382 11.:
2424 2315 2603 2398 Quid

654 2407 832 2473 enim
867 2407 921 2471 si
956 2405 1314 2489 praecipias
1349 2404 1747 2487 imperatori,
1784 2404 2037 2486 quoties
2071 2404 2276 2469 aciem
2312 2403 2600 2482 instruit,

653 2491 898 2575 dirigat
936 2491 1237 2570 frontem,
1281 2510 1528 2557 cornua
1569 2490 1881 2573 utrinque
1916 2496 2309 2573 promoveat,
2352 2491 2604 2570 equites

651 2598 774 2660 pro
816 2577 1121 2653 cornibus
1162 2575 1371 2641 locet?
1440 2574 1712 2641 Curtius
1755 2574 2041 2657 appellat
2081 2575 2330 2640 faciem.
2398 2573 2602 2650 Haec,
2674 2617 2687 2643 ι

651 2662 885 2745 inquit,
930 2661 1182 2726 dexteri
1227 2681 1433 2725 cornu
1475 2661 1672 2726 facies
1716 2668 1874 2724 erat.
1962 2658 2221 2724 Deinde
2275 2660 2598 2742 sequitur:

652 2748 870 2812 Frons
913 2748 1086 2812 laevi
1129 2766 1334 2813 cornu
1389 2745 1550 2810 haec
1605 2756 1762 2810 erat.
1852 2747 2150 2827 Apparet
2201 2767 2320 2828 pro
2375 2743 2601 2809 eodem

654 2833 949 2914 posuisse
989 2832 1273 2896 frontem
1317 2843 1384 2895 et
1425 2830 1675 2895 faciem.
1741 2829 1996 2895 Ibidem
2033 2851 2114 2912 ap
2162 2829 2318 2893 ellat
2359 2830 2598 2913 prima:

655 2916 891 2999 Itaque
943 2936 1079 2981 non
1131 2916 1345 2998 prima
1399 2934 1594 2997 quam
1649 2915 1882 2995 latera,
1939 2936 2070 2979 non
2188 2923 2330 2979 tera
2385 2915 2601 2979 muni-

657 3003 826 3066 tiora
867 3002 1050 3067 fuere
1092 3022 1287 3084 quam
1331 3010 1535 3083 terga.

835 3086 935 3151 Ne
978 3086 1373 3168 imperatoris
1427 3087 1535 3151 sui
1585 3086 1773 3169 siyna
1834 3084 2181 3173 vertantur]
2249 3086 2360 3150 Ex
2419 3106 2601 3151 more

655 3173 1109 3238 Romanorum
1127 3222 1141 3247 ,
1197 3171 1308 3253 qui
1409 3171 1613 3236 rimae
1656 3171 1910 3236 cohorti
1954 3172 2240 3253 aquilam
2283 3179 2352 3237 et
2393 3172 2600 3254 impe·

657 3258 894 3323 ratoris
936 3257 1255 3340 imagines
1308 3278 1347 3319 a
1392 3255 1797 3334 tribuebant,
1855 3266 2081 3339 utpote
2136 3278 2301 3339 quae
2357 3266 2423 3322 et
2475 3279 2600 3323 nu-

655 3365 837 3409 mero
883 3341 1170 3492 lnliilitum
1222 3351 1289 3406 et
1343 3340 1662 3427 dignitate
1718 3345 2243 3425 praestantiaque
2297 3348 2444 3422 [pag.
2496 3347 2603 3422 36]

656 3441 883 3495 antece
935 3434 1091 3492 eret.

827 3513 1121 3579 Adversa
1175 3512 1546 3578 vulneribus
1587 3512 1868 3601 pectora]
1943 3512 2149 3595 Quasi
2216 3515 2340 3581 hoc
2405 3515 2603 3581 dede-

655 3621 773 3667 cus
814 3620 949 3665 non
988 3600 1157 3664 bene
1200 3599 1337 3665 vita
1388 3611 1728 3681 pensetur,
1785 3600 1841 3664 si
1884 3601 2029 3682 quis
2072 3621 2142 3665 se
2185 3602 2340 3666 vivo
2384 3622 2460 3666 ac
2504 3604 2602 3667 vi-

655 3686 852 3752 dente
905 3705 1135 3767 passus
1190 3684 1389 3749 fuerit
1442 3691 1556 3750 aut
1596 3686 1767 3750 verti
1819 3685 2037 3769 signa,
2095 3695 2211 3750 aut
2268 3686 2489 3764 deiici,
2546 3688 2601 3753 si

655 3771 862 3855 signis
906 3770 1180 3836 desertis
1226 3779 1411 3853 terga
1452 3768 1720 3845 dederit,
1768 3781 1835 3835 et
1875 3770 2199 3853 pudenda,
2248 3784 2324 3836 ut
2366 3772 2603 3856 Vergi-

655 3856 786 3921 lius
829 3856 949 3934 ait,
1005 3856 1278 3921 vulnera
1321 3863 1505 3936 tergo
1563 3858 1899 3940 acceperit.
1988 3855 2235 3922 Contra
2281 3877 2445 3940 quae
2487 3858 2604 3922 ad-

659 3961 848 4006 verso
891 3949 1152 4023 pectore
1193 3941 1376 4005 illata
1429 3949 1612 4019 sunt,
1669 3941 2021 4006 laudantur
2060 3951 2372 4025 tanquam
2429 3944 2603 4008 mili-

658 4025 793 4090 tiae
835 4025 1084 4091 decora.
1145 4026 1318 4091 Vide
1358 4025 1793 4092 Plutarchum
1837 4028 1906 4091 in
1950 4027 2291 4114 problem2:
2338 4025 2604 4095 Dicitur

659 4121 730 4261 Et
770 4111 894 4176 sim
939 4110 1149 4175 liciter
1191 4112 1537 4177 adversum
1581 4112 1835 4177 vulnus.
1926 4110 2256 4181 Salustius
2306 4114 2377 4177 in
2423 4113 2603 4178 Gati-

712 4216 823 4261 na:

663 4281 912 4347 derant.

836 4366 960 4432 Ille
1015 4367 1180 4431 enim
1235 4372 1326 4431 est
1377 4365 1718 4468 vinculum]
1784 4368 2120 4433 Honestae
2176 4378 2335 4433 sunt
2391 4377 2605 4435 trans-

660 4453 957 4518 lationes.
1046 4451 1124 4516 Si
1181 4454 1358 4517 enim
1412 4453 1758 4519 concordia
1810 4454 2052 4520 civium
2105 4453 2306 4517 alitur
2348 4454 2607 4537 imperii

710 4539 724 4552 “
828 4539 965 4616 ‘tas,
1010 4558 1273 4603 necesse
1315 4555 1418 4603 est
1457 4547 1531 4603 ut
1574 4538 1792 4621 aliqua
1831 4540 2006 4603 inter
2040 4559 2113 4603 se
2132 4538 2334 4605 veluti
2372 4548 2607 4605 catena

662 4644 738 4689 oo
863 4629 1069 4687 reant,
1135 4622 1503 4706 Imperator
1543 4623 1746 4708 igitur
1785 4635 1888 4689 est
1930 4624 2283 4703 vinculum,
2329 4645 2458 4707 quo
2500 4626 2605 4691 in-

645 4718 765 4774 ·ter
819 4729 889 4775 se
944 4707 1363 4793 colligantur,
1431 4729 1517 4773 ne
1581 4708 1921 4775 dissiliant.
2026 4711 2217 4776 Desit
2268 4720 2483 4790 rector
2539 4721 2607 4776 et

663 4794 1047 4871 moderator,
1092 4794 1325 4875 quibus
1367 4795 1612 4860 catenis
1647 4795 1998 4860 multitudo
2035 4794 2279 4861 discors
2322 4803 2389 4861 et
2431 4795 2603 4861 sedi-

662 4879 831 4945 tiosa
874 4878 1408 4963 constringetur?
1454 4899 1582 4961 quo
1625 4880 1983 4946 ferrumine
2028 4881 2514 4947 committetur?

838 4964 1118 5047 Spiritus
1181 4963 1422 5050 vitalis]
1505 4965 1734 5029 Altera
1808 4976 1910 5032 est
1984 4966 2393 5050 metaphora,
2474 4987 2607 5049 qua

662 5051 1069 5134 significatur
1107 5049 1182 5113 in
1223 5051 1360 5116 suis
1403 5049 1675 5116 ducibus
1716 5053 1942 5116 vivere
1983 5072 2059 5118 ac
2100 5053 2350 5136 spirare
2397 5073 2606 5136 popu-

661 5134 792 5202 los:
840 5136 921 5201 ab
964 5135 1161 5201 unius
1202 5136 1342 5202 vita
1383 5135 1568 5218 quasi
1608 5135 1689 5201 de
1728 5136 1838 5200 filo
1939 5137 2205 5203 endere:
2267 5139 2437 5204 sicut
2489 5138 2606 5203 illa

662 5221 921 5288 Lucani
962 5221 1352 5306 apostrophe
1391 5221 1477 5287 ad
1516 5218 1864 5286 Gaesarem
1936 5221 2075 5288 'bro
2117 5223 2372 5306 quinto:

934 4195 1015 4260 ed
1058 4216 1282 4262 omnes
1336 4208 1556 4262 tamen
1614 4197 1908 4263 adversis
1950 4198 2333 4264 vulneribus
2386 4201 2606 4265 conci-

3208 524 3219 536 .
3503 524 3514 536 .
3968 506 3991 547 1
4040 523 4052 534 .

2877 523 3678 660 3211'1'22‘3‘0?tl²n⁸3m³¹¹0¹32t⁹
3679 522 3811 646 3¹:2²¹
3814 521 4399 646 :fflaegzezlfflw

2705 677 2977 744 Curtius
3020 677 3129 743 lib.
3166 676 3290 741 IX.
3337 675 3419 741 de
3452 676 3833 742 Alexandro
3866 675 4166 759 loquens:
4210 674 4377 739 'Poto
4411 695 4484 741 eo
4516 674 4628 755 die,

2705 772 2773 829 et
2811 771 3004 828 nocte
3037 783 3204 844 quae
3244 772 3518 846 sequuta
3551 771 3670 841 est,
3716 771 4003 827 armatus
4036 760 4364 826 exercitus
4398 760 4632 844 regiam

2705 848 2973 925 obsedit,
3011 848 3343 914 confessus
3363 867 3592 914 omnes
3627 852 3818 913 unius
3852 847 4090 930 spiritu
4109 846 4349 912 vivere.
4394 845 4633 912 Verum

2705 932 2994 1000 Senecae
3061 933 3509 1016 metaphoram
3572 933 3781 1018 magis
3847 932 3929 997 ad
3983 931 4259 998 verbum
4326 932 4634 1013 expressit

2706 1018 2973 1085 Curtius
3017 1019 3088 1083 in
3131 1040 3410 1100 persona
3441 1018 3737 1103 Philippi
3771 1016 4004 1084 medici
4045 1017 4131 1082 ad
4169 1015 4632 1083 Alexandrum:

2702 1104 2872 1183 Rex,
2918 1124 3176 1188 semper
3219 1104 3479 1187 quidem
3523 1106 3789 1187 spiritus
3846 1125 4029 1168 meus
4074 1126 4157 1168 ex
4202 1110 4267 1167 te
4310 1101 4633 1186 pependit:

2703 1189 2819 1255 sed
2862 1211 3041 1256 nunc
3087 1210 3260 1268 vero,
3303 1186 3602 1267 arbitror,
3648 1209 3830 1255 sacro
3876 1196 3944 1254 et
3988 1187 4342 1254 venerabili
4387 1209 4495 1253 ore
4536 1196 4636 1253 tuo

2703 1275 3010 1340 trahitur.
3100 1276 3193 1341 Et
3244 1276 3537 1340 imitatus
3556 1324 3579 1331 -
3604 1285 3703 1340 est
3756 1275 4075 1340 Erasmus
4128 1275 4201 1338 in
4257 1274 4636 1358 panegyrico

2703 1360 3015 1444 Philippi.
3117 1360 3329 1426 Porro
3392 1359 3516 1426 hoc
3570 1383 3610 1425 a
3663 1359 4068 1443 philosophis
4134 1370 4469 1442 sumptum
4528 1368 4634 1438 est,

2704 1448 2816 1529 qui
2857 1447 3066 1511 vitam
3109 1446 3394 1511 hominis
3443 1445 3515 1510 in
3560 1468 3634 1511 eo
3678 1446 4022 1529 praecipue
4079 1444 4432 1511 consistere
4476 1445 4635 1510 affir-

2705 1539 2916 1610 mant,
2973 1530 3145 1614 quod
3197 1552 3415 1598 aerem
3472 1532 3733 1596 hauriat
3774 1538 3842 1596 et
3883 1532 4154 1613 recipiat
4197 1551 4314 1614 per
4355 1551 4637 1613 asperam

2704 1618 3044 1695 arteriam,
3104 1637 3302 1699 quam
3345 1616 3578 1683 Celsus
3623 1638 3922 1700 asperam
3976 1616 4266 1681 fistulam
4311 1625 4529 1696 vocat,
4580 1624 4639 1681 et

2705 1703 3093 1768 Lactantius
3137 1703 3619 1787 gurgulionem:
3666 1716 3734 1768 et
3774 1722 3938 1785 quae
3977 1701 4234 1767 animae
4268 1702 4636 1779 aestuantis,

2704 1795 2780 1853 ut
2825 1787 2919 1852 ait
2961 1786 3249 1865 Gellius,
3303 1788 3429 1853 iter
3474 1795 3603 1853 est:
3656 1788 3737 1853 de
3823 1808 3906 1852 ua
3950 1788 4107 1852 satis
4163 1787 4377 1852 multa
4422 1786 4636 1852 Cicero

2706 1872 2817 1939 lib.
2864 1872 2955 1937 11.
2999 1872 3079 1939 de
3122 1873 3375 1937 Natura
3415 1874 3699 1941 deorum.
3769 1810 4058 1939 &ausam
4101 1881 4321 1937 autem
4366 1894 4487 1938 cur
4518 1873 4638 1955 spi-

2705 1979 2851 2023 rare
2895 1980 3157 2024 necesse
3201 1958 3575 2036 habeamus,
3615 1959 3764 2024 vide
3809 1958 3980 2040 apud
4022 1957 4457 2034 Aristotelem,
4501 1978 4638 2042 pro-

2704 2043 3062 2110 blematum
3088 2044 3373 2110 sectione
3403 2044 3734 2110 XXXIV.
3773 2044 4150 2126 problemat.
4174 2043 4370 2108 Xn.:
4410 2041 4640 2124 Quam-

2706 2128 2930 2194 obrem
2986 2140 3143 2195 sunt
3197 2130 3305 2213 qui
3365 2130 3720 2213 opinantur
3776 2131 3975 2194 vitam
4032 2129 4199 2194 nihil
4254 2129 4438 2193 aliud
4489 2149 4653 2215 esse,

2705 2235 2904 2297 quam
2945 2215 3268 2299 spiritum,
3313 2237 3432 2280 seu
3477 2217 3781 2280 animam.
3863 2213 4138 2280 Servius
4179 2215 4253 2279 in
4296 2213 4461 2280 illud
4482 2214 4638 2280 Ver·

2704 2299 2875 2383 gilii,
2939 2300 3149 2365 Vitam
3190 2299 3606 2379 exhalantem,
3657 2300 4015 2366 secundum
4059 2321 4196 2379 eos,
4250 2300 4498 2382 inquit,
4554 2299 4638 2365 lo-

2707 2393 2948 2468 quutus
2991 2394 3116 2465 est,
3171 2388 3281 2471 qui
3328 2388 3527 2452 vitam
3564 2395 3841 2452 ventum
3877 2385 4123 2451 volunt.
4208 2385 4300 2450 Et
4349 2384 4528 2450 idem
4574 2386 4638 2450 in

2705 2470 2826 2534 IV.
2872 2482 3289 2538 commentar.
3336 2472 3665 2538 Aeneidos
3708 2492 3912 2555 quum
3957 2471 4290 2556 Vergilius
4346 2470 4635 2537 dixisset:

3117 2558 3294 2626 Atque
3329 2559 3383 2612 in
3420 2565 3611 2613 ventos
3645 2558 3757 2611 vita
3791 2558 4032 2625 recessit,

2706 2640 2872 2718 Eos,
2915 2642 3153 2724 inquit,
3202 2642 3512 2725 sequitur,
3559 2642 3668 2725 qui
3709 2644 3914 2708 vitam
3958 2664 4174 2707 aerem
4217 2663 4361 2707 esse
4406 2642 4638 2708 dicunt.

2707 2726 2949 2790 Verius
3012 2738 3232 2792 tamen
3285 2736 3384 2792 est
3442 2749 3526 2792 ex
3578 2739 3854 2810 quatuor
3907 2728 4251 2793 elementis
4308 2739 4376 2793 et
4432 2728 4638 2793 divino

2707 2811 2943 2893 spiritu
3000 2824 3296 2877 constare
3349 2813 3568 2878 omnia
3609 2813 3933 2878 animalia.
4023 2812 4232 2878 Cuius
4286 2814 4641 2879 sententiae

2705 2896 2908 2960 fuisse
2962 2897 3384 2967 Aristotelem
3441 2906 3709 2963 constat.
3798 2898 4102 2963 Trahunt
4154 2900 4332 2964 enim
4387 2919 4429 2963 a
4481 2910 4642 2964 terra

2706 3003 2969 3047 carnem
2986 3035 3000 3062 ‚
3052 2983 3132 3050 ab
3177 3006 3343 3068 aqua
3386 2984 3759 3063 humorem,
3804 2982 3900 3049 ‘ab
3938 3005 4089 3050 aere
4129 2984 4526 3064 anhelitum,
4568 2983 4639 3050 ab

2705 3067 2860 3151 igne
2913 3069 3266 3149 fervorem,
3318 3091 3359 3134 a
3399 3070 3623 3135 divino
3667 3072 3904 3154 spiritu
3956 3071 4311 3154 ingenium.
4406 3070 4640 3153 Quam-

2704 3173 2900 3235 quam
2943 3154 3136 3219 aliter
3176 3156 3508 3240 astrologi:
3556 3165 3796 3238 putant
3838 3157 4014 3221 enim
4056 3177 4206 3234 nos,
4252 3177 4460 3239 quum
4500 3175 4641 3221 nas·

2705 3239 2944 3318 cimur,
3001 3241 3219 3305 sortiri
3272 3262 3311 3306 a
3363 3239 3517 3306 Sole
3572 3243 3904 3324 spiritum,
3962 3263 4003 3307 a
4044 3243 4243 3307 Luna
4297 3262 4558 3325 corpus,
4606 3260 4642 3304 a

2704 3324 2923 3389 Marte
2967 3328 3374 3410 sanguinem,
3419 3333 3566 3406 [pag.
3606 3332 3712 3406 37]
3755 3348 3795 3391 a
3830 3328 4159 3393 Mercurio
4203 3327 4565 3412 ingenium,
4606 3345 4642 3389 a

2704 3410 2862 3476 Iove
2918 3410 3340 3491 desiderium,
3400 3435 3440 3478 a
3481 3414 3742 3478 Venere
3795 3410 4215 3494 cupiditates,
4272 3434 4314 3477 a
4365 3412 4641 3479 Saturno

2707 3494 3065 3562 humorem.
3154 3498 3306 3563 Non
3356 3497 3470 3564 abs
3528 3520 3600 3563 re
3649 3499 3856 3583 igitur
3898 3498 4169 3581 spiritus
4212 3498 4443 3565 dictus·
4471 3506 4568 3564 est
4604 3515 4641 3559 a

2707 3578 2962 3647 Seneca
3013 3584 3304 3664 epitheto
3350 3583 3582 3650 vitalis.
3669 3584 3841 3649 Nam
3858 3635 3871 3658 ,
3932 3592 4009 3649 ut
4065 3584 4158 3656 ait
4199 3582 4641 3664 Quintilianus

2705 3665 2814 3730 lib.
2850 3666 2964 3744 V.,
3014 3668 3176 3733 illud
3212 3677 3535 3735 retrorsus
3561 3669 3751 3747 valet,
3787 3683 3854 3735 et
3887 3671 4136 3753 spirare
4166 3669 4503 3735 hominem
4535 3666 4642 3752 qui

2707 3752 2889 3827 vivit,
2925 3763 2992 3817 et
3012 3754 3233 3820 vivere
3267 3754 3378 3837 qui
3411 3756 3643 3838 spirat:
3679 3763 3755 3820 ut
3785 3756 4052 3838 spiritus
4086 3776 4205 3837 pro
4230 3756 4384 3832 vita,
4420 3765 4487 3821 et
4519 3754 4643 3837 spi-

2706 3857 2859 3902 rans
2906 3858 3021 3920 pro
3055 3839 3319 3905 vivente
3354 3840 3686 3905 interdum
3731 3842 3873 3906 sine
3921 3841 4171 3907 adiecto
4217 3842 4640 3924 reperiantur.

2883 3922 3049 4007 Reye
3081 3923 3402 4012 ineolumi]
3468 3925 3653 3991 Haec
3695 3926 3826 3992 duo
3867 3925 4281 3993 hemistichia
4316 3922 4647 3991 transtulit

2709 4028 2791 4072 ex
2835 4009 2956 4072 IV.
3000 4008 3368 4094 Georgicon
3409 4011 3722 4095 Vergilii,
3778 4010 3888 4076 ubi
3936 4012 4016 4078 de
4060 4011 4288 4094 apibus
4330 4011 4639 4094 loquitur:

2914 4110 3205 4191 Praeterea
3239 4129 3420 4180 regem
3448 4130 3565 4193 ‘non
3599 4115 3675 4169 sic
3709 4114 4005 4184 Aegyptum,
4042 4121 4099 4168 et
4130 4114 4319 4183 ingens

2915 4179 3241 4302 &aasz
3271 4180 4516 4330 :gestasset:martam

2915 4317 3127 4370 Amisso
3164 4334 3225 4370 ru
3268 4334 3358 4372 ere
3397 4317 3573 4388 fidem,
3611 4327 4025 4387 constructaque
4061 4318 4224 4372 mella

2914 4384 3197 4454 Diripuere
3234 4402 3402 4455 ipsae,
3440 4399 3495 4440 et
3532 4395 3709 4441 crates
3746 4388 3957 4462 solvere
3993 4387 4239 4441 favorum
4276 4393 4379 4440 etc.

2888 4470 3161 4535 Tamdiu
3213 4471 3291 4535 ab
3343 4472 3459 4537 isto
3520 4473 3804 4552 periculo
3858 4473 4052 4538 aberit
4116 4471 4419 4552 quamdiu
4475 4464 4641 4555 sciet]

2706 4557 2915 4620 Ferre
2966 4556 3187 4620 frenos
3240 4557 3586 4640 proverbio
3641 4557 3879 4623 dicitur
3920 4557 4295 4622 obedienter
4334 4557 4646 4639 imperata

2707 4642 2938 4719 facere,
2983 4650 3049 4705 et
3092 4640 3335 4706 domini
3379 4650 3496 4707 aut
3547 4643 3860 4726 principis
3913 4642 4261 4725 imperium
4319 4641 4645 4708 moderate

2708 4728 2896 4792 ferre.
2986 4724 3113 4792 Oui
3166 4729 3565 4792 contrarium
3620 4739 3723 4793 est
3772 4729 4030 4793 frenum
4087 4727 4403 4793 mordere.
4494 4725 4645 4793 Ser-

2706 4813 2895 4879 vavit
2937 4812 3134 4875 etiam
3158 4810 3345 4878 verbi
3387 4815 3870 4896 proprietatem,
3916 4834 4121 4897 quum
4163 4811 4449 4879 subiicit:
4496 4810 4644 4877 Dis·

2707 4919 2929 4964 cussos
2982 4898 3209 4978 reponi
3264 4898 3387 4963 sibi
3443 4919 3675 4981 passus
3729 4920 3859 4965 non
3926 4899 4066 4965 erit.
4166 4899 4409 4964 Excuti
4473 4895 4645 4963 enim

2708 4983 2971 5067 proprie
3026 4982 3263 5047 dicitur
3318 4982 3399 5048 de
3457 4985 3640 5067 equis
3656 5036 3673 5063 ,
3733 4994 3808 5050 ut
3860 4985 4198 5051 adnotavit
4251 4982 4526 5050 Servius
4578 4982 4645 5045 in

2708 5078 2894 5132 sexto
2936 5075 3351 5134 commentar.
3397 5069 3727 5136 Aeneidos
3769 5070 4077 5155 Vergilii:

3523 5170 3609 5226 Ea
3643 5171 3797 5228 frena
3830 5173 4027 5228 furenti

3254 5237 3519 5309 Conona
3555 5247 3614 5295 et
3647 5242 3909 5297 stimulos.
