4984 5975
593 298 717 361 303

592 485 737 569 gari
771 501 1092 547 annorum
1128 480 1734 563 praescriptionem:
1775 500 2011 544 verum
2045 478 2101 543 si
2137 476 2412 542 huiusce
2444 477 2541 542 rei

593 567 874 654 cognitio
931 564 1015 631 ad
1071 566 1274 631 bonos
1318 565 1493 631 viros
1547 564 1883 630 deferatur
1899 615 1914 641 ‚
1970 564 2083 646 qui
2136 564 2383 628 iustum
2424 584 2539 645 po-

593 654 724 720 tius
777 664 843 717 et
887 671 1167 735 aequum
1181 701 1196 729 ,
1251 672 1449 734 quam
1506 670 1832 716 annorum
1888 669 2241 714 numerum
2295 668 2541 731 expen-

592 739 753 804 dant
769 789 784 815 ,
830 757 959 820 quo
1003 736 1221 815 titulo,
1266 737 1528 816 amabo,
1576 744 1865 801 vestram
1909 735 2387 818 possessionem
2428 732 2541 797 de·

593 822 915 890 fendetis?
1004 822 1375 906 Fingamus
1420 843 1573 887 vero
1631 820 1805 904 apud
1849 820 1976 886 Dei
2033 819 2324 885 tribunal
2369 817 2543 883 118110

592 930 857 976 causam
893 908 1150 993 agitari,
1188 907 1449 990 quando
1484 914 1552 971 et
1582 905 1665 974 ad
1700 907 1879 971 illius
1915 905 2357 990 cognitionem
2391 925 2542 987 pro-

589 996 731 1079 prie
774 994 1075 1077 pertinet,
1120 1015 1242 1059 nec
1284 994 1460 1058 inter
1500 992 1801 1058 homines
1842 992 2073 1057 melior
2105 991 2379 1074 reperiri
2423 1009 2541 1073 po-

464 1147 472 1155 ,
594 1090 724 1147 test
778 1088 894 1145 aut
948 1079 1180 1145 iustior
1235 1080 1493 1145 arbiter.
1593 1078 2001 1156 Facultates,
2074 1084 2393 1159 quantum
2436 1075 2540 1139 in·

592 1166 836 1251 telligo‚
882 1164 1353 1248 quadrifariam
1393 1164 1670 1247 partitas
1713 1163 1986 1229 habetis.
2074 1162 2248 1227 Nam
2301 1161 2542 1245 partim

594 1251 862 1319 decimis
877 1304 890 1325 ,
957 1252 1197 1333 partim
1255 1250 1494 1315 annuis
1550 1257 1666 1314 aut
1719 1270 2028 1399 affrorum
2084 1255 2198 1313 aut
2252 1247 2540 1330 vectiga-

592 1338 759 1403 lium
800 1335 1249 1420 pensionibus,
1303 1336 1547 1418 partim
1591 1334 1745 1400 blan
1791 1337 1850 1400 is
1894 1334 2300 1418 captionibus
2345 1333 2538 1416 (quas

597 1446 711 1489 vos
755 1420 1309 1487 extraordinarias
1352 1420 1763 1504 oblationes),
1810 1421 2053 1503 partim
2074 1419 2379 1484 violentis
2423 1440 2538 1482 ex—

592 1507 955 1576 actionibus
990 1509 1181 1590 (quas
1209 1506 1577 1589 spiritualia
1598 1506 1743 1571 iura
1763 1506 2192 1589 nuncupatis)
2216 1511 2535 1570 constant.

591 1595 899 1660 Decimas
950 1594 1103 1675 quia
1156 1592 1267 1657 lex
1323 1592 1608 1656 mosaica
1659 1591 1915 1657 Levitis
1969 1589 2393 1667 attribuebat,
2446 1588 2539 1654 ad

594 1702 713 1746 vos
757 1679 1121 1764 (leviticum
1163 1677 1410 1743 scilicet
1452 1682 1691 1760 genus)
1747 1676 1999 1760 optima
2050 1676 2305 1740 ratione
2361 1696 2538 1740 nunc

593 1786 733 1831 esse
776 1764 1132 1830 translatas
1177 1762 1407 1828 dicitis.
1476 1763 1580 1827 De
1618 1762 1722 1827 his
1766 1783 1922 1845 ergo
1965 1763 2176 1844 primo
2219 1759 2362 1826 loco
2407 1759 2538 1825 dis-

592 1850 960 1917 serendum.
1049 1847 1446 1931 Quanquam
1501 1868 2006 1929 supervacuum,
2062 1867 2139 1911 ac
2190 1866 2392 1928 prope
2448 1844 2539 1908 ri-

593 1936 884 2001 diculum
927 1936 1224 2012 arbitror,
1272 1934 1537 1998 anxiam
1580 1933 1662 1998 de
1704 1933 1850 1997 iure
1886 1932 2288 1997 decimarum
2319 1940 2539 1995 tecum

593 2022 1103 2106 disputationem
1139 2020 1503 2097 instituere,
1550 2018 1663 2102 qui
1706 2040 1838 2083 non
1881 2019 2144 2102 ignoras
2188 2016 2539 2082 successio-

594 2128 748 2173 nem
768 2108 965 2172 istam
996 2104 1380 2189 cupidorum
1415 2104 1755 2169 hominum
1788 2103 2161 2181 calliditate,
2184 2103 2371 2167 vafre
2394 2103 2539 2185 qui-

594 2192 746 2258 dem
759 2243 775 2271 ,
831 2190 945 2257 sed
989 2190 1173 2256 nulla
1213 2189 1534 2274 probabili
1577 2209 1775 2254 causa
1824 2189 2276 2274 excogitatam.
2365 2187 2539 2252 Nam

593 2277 763 2362 quod
804 2298 886 2342 ex
932 2275 1225 2360 apostolo
1267 2275 1503 2358 (Hebr.
1541 2279 1597 2354 7,
1643 2275 1750 2359 12)
1795 2276 2028 2355 0118111,
2073 2273 2390 2339 translato
2434 2293 2539 2337 sa-

593 2362 893 2441 cerdotio,
937 2362 1103 2446 legis
1132 2360 1632 2427 translationem
1665 2361 2028 2427 necessario
2061 2383 2094 2426 s
2176 2367 2423 2437 uutam,
2468 2356 2539 2424 id

592 2470 790 2533 quam
845 2449 1187 2513 infirmum
1245 2448 1332 2513 sit
1385 2457 1453 2513 et
1505 2446 1888 2526 evanidam,
1944 2455 2131 2511 osten
2180 2465 2290 2511 ere
2332 2445 2534 2528 piget.

592 2532 703 2600 Ad
724 2534 1065 2600 Christum
1088 2553 1248 2598 sane
1270 2534 1532 2598 transiit
1552 2533 1839 2598 Aaronis
1862 2529 2316 2609 sacerdotium,
2352 2531 2539 2595 cuius

590 2620 901 2686 beneficio
944 2641 1078 2684 non
1120 2626 1340 2684 certus
1370 2639 1667 2683 rasorum
1702 2639 2031 2696 numerus,
2079 2616 2193 2682 sed
2226 2616 2538 2680 universa

594 2707 736 2770 sine
780 2706 1161 2786 exceptione
1204 2703 1499 2768 fidelium
1528 2704 1707 2768 natio
1740 2703 1813 2767 in
1849 2703 2071 2787 regale
2102 2698 2538 2768 sacerdotium

593 2802 932 2871 assumpta
972 2789 1115 2853 fuit.
1178 2785 1385 2869 'Quid
1431 2789 1554 2853 hoc
1595 2789 1678 2853 ad
1723 2790 1942 2854 nescio
1987 2809 2148 2871 quos
2191 2785 2536 2869 pseudole-

594 2874 805 2940 vitas?
853 2874 1088 2956 quibus
1131 2894 1214 2937 ne
1258 2881 1588 2956 postrema
1629 2873 1894 2956 quidem
1939 2872 2248 2938 subsellia
2291 2872 2362 2935 in
2408 2869 2539 2934 Dei

592 2959 831 3044 populo
876 2957 1313 3024 concedimus.
1378 2955 1572 3039 Quod
1595 2961 1650 3024 si
1673 2959 1742 3022 in
1765 2957 2155 3024 Levitarum
2177 2957 2351 3024 vices
2385 2955 2539 3022 sub-

591 3048 829 3122 ierunt,
871 3041 1102 3108 eadem
1131 3063 1260 3126 qua
1291 3044 1416 3125 ipsi
1446 3044 1716 3108 fuerunt
1748 3042 2146 3111 conditione:
2198 3063 2314 3107 cur
2348 3062 2538 3125 prae·

594 3140 697 3196 ter
740 3128 1025 3195 decimas
1070 3135 1167 3194 tot
1204 3131 1645 3211 possessiones
1678 3129 2063 3207 absorbere,
2120 3134 2373 3192 tantam
2415 3149 2538 3192 un-

595 3215 788 3299 dique
831 3235 1052 3279 rerum
1091 3215 1478 3280 varietatem
1534 3212 1876 3281 corradere
1928 3213 2053 3280 sibi
2103 3212 2534 3297 permittunt?

592 3301 697 3367 Ea
749 3300 923 3365 enim
977 3300 1124 3384 lege
1180 3297 1555 3365 huiusmodi
1607 3301 1819 3384 portio
1862 3300 2121 3366 Levitis
2165 3299 2539 3383 assignaba-

594 3399 731 3465 tur,
792 3407 879 3454 ne
933 3384 1166 3467 pedem
1218 3397 1432 3451 terrae
1488 3393 1749 3470 praeter
1789 3384 2191 3451 domicilium
2246 3384 2538 3468 posside·

591 3483 745 3538 rent
800 3471 955 3554 (Ios.
1000 3476 1094 3550 14,
1136 3475 1172 3534 3
1209 3479 1278 3536 01
1308 3471 1511 3550 alibi).
1602 3471 1740 3538 Our
1785 3474 1922 3537 vini
1977 3493 2173 3537 usum
2230 3477 2368 3535 tam
2426 3469 2537 3535 be-

562 3558 794 3643 -nigne
837 3576 913 3621 ac
952 3555 1312 3622 liberaliter
1354 3558 1475 3624 sibi
1518 3557 1878 3643 indulgent,
1923 3556 2096 3641 quod
2129 3557 2384 3622 Levitis
2416 3578 2537 3640 gu-

593 3654 767 3710 stare
811 3663 945 3708 non
977 3641 1256 3708 licebat?
1322 3642 1682 3708 Facessant
1712 3664 1869 3727 ergo
1901 3664 2117 3727 nugae
2149 3644 2339 3707 istae:
2376 3663 2538 3723 quas

593 3729 859 3795 tametsi
905 3727 1298 3793 refutatione
1341 3727 1651 3812 indignas
1704 3729 2050 3805 ducebam,
2108 3727 2266 3812 quia
2316 3737 2539 3792 tamen

597 3815 783 3880 video
823 3814 1147 3897 imperitis
1189 3813 1406 3878 fumos
1449 3813 1806 3892 offundere,
1843 3813 2043 3879 verbo
2082 3834 2215 3879 uno
2248 3818 2397 3892 [pag.
2429 3828 2459 3877 7
2476 3818 2536 3892 1]

593 3902 916 3983 attingere
970 3919 1234 3965 neeesse
1289 3898 1506 3965 habui.
1596 3899 1924 3983 Equidem
1980 3899 2038 3965 si
2076 3898 2325 3982 'quibus
2380 3898 2538 3963 ordo

594 3985 720 4048 iste
778 3985 1206 4067 approbetur,
1265 3992 1342 4048 ut
1383 3984 1930 4067 quemadmodum
1986 3984 2160 4068 apud
2202 3983 2538 4050 Israelitas

596 4068 865 4135 decimis
909 4068 1253 4134 alebantur
1285 4070 1583 4148 Levitae,
1629 4071 1722 4134 ita
1752 4071 1822 4135 in
1854 4070 2097 4155 populo
2130 4071 2329 4135 etiam
2361 4070 2538 4136 chri-

597 4155 812 4220 stiano
855 4153 1141 4219 decimae
1181 4155 1593 4239 colligantur,
1637 4176 1802 4238 quae
1844 4157 1918 4220 in
1960 4156 2274 4223 alimenta
2315 4163 2538 4238 pasto·

596 4262 747 4306 rum
790 4239 1222 4318 conferantur,
1269 4249 1337 4305 et
1378 4261 1759 4324 pauperum,
1805 4241 1973 4305 nihil
2016 4241 2327 4308 reclamo:
2374 4240 2539 4323 quin

594 4327 813 4409 potius
834 4344 1058 4389 eorum
1080 4327 1444 4391 sententiae
1476 4348 1698 4392 meum
1762 4347 1975 4410 uoque
1998 4326 2319 4393 calculum
2341 4325 2536 4406 add03

597 4407 1121 4494 quandoquidem
1166 4410 1463 4477 alicunde
1507 4421 1683 4478 certe
1770 4413 2007 4492 esumi,
2048 4409 2225 4495 quod
2268 4411 2351 4477 ad
2395 4434 2540 4477 sus-

596 4494 942 4561 tentandos
981 4496 1401 4562 ecclesiarum
1433 4499 1771 4563 ministros
1805 4497 2242 4582 impendatur,
2275 4518 2540 4564 necesse

596 4591 713 4646 est.
802 4580 941 4646 Nec
997 4580 1304 4664 expedire
1354 4584 1517 4648 mihi
1572 4583 1865 4663 videtur,
1922 4583 2094 4668 quod
2150 4583 2539 4667 aequissime

596 4667 1027 4732 constitutum
1057 4667 1279 4746 fuerit,
1317 4669 1456 4734 sine
1491 4687 1692 4736 081188
1724 4669 2048 4735 innovari:
2095 4668 2286 4734 modo
2317 4691 2403 4734 ne
2436 4670 2538 4735 ius

594 4751 766 4816 illud
788 4750 1127 4817 leviticum
1149 4752 1313 4818 falso
1338 4754 1822 4837 praetendatur,
1859 4763 1926 4821 et
1952 4754 2368 4821 ecelesiastici
2390 4775 2538 4838 pas-

597 4837 760 4901 toris
791 4835 1208 4919 stipendium,
1244 4860 1379 4903 non
1409 4841 1804 4907 decimarum
1842 4840 2195 4919 fertilitate,
2231 4838 2347 4906 sed
2383 4862 2538 4923 apo-

598 4922 749 4987 stoli
837 4922 1194 5005 raescripto
1237 4923 1615 5005 definiatur,
1665 4934 1741 4991 ut
1793 4928 1883 4994 sit
1937 4927 2321 4993 necessariis
2362 4926 2539 4991 vitae

596 5008 774 5075 subsi
821 5009 904 5075 iis
958 5015 1325 5074 contentus.
1414 5009 1765 5077 Caeterum
1818 5034 2022 5096 quum
2076 5014 2146 5077 in
2204 5012 2325 5077 hos
2377 5031 2539 5077 usus
2645 5019 2658 5024 ’

596 5094 1010 5160 destinantur
1051 5092 1370 5173 decimae,
1428 5096 1624 5162 simul
1675 5107 2010 5178 arcentur,
2066 5098 2253 5164 velut
2303 5096 2539 5180 positis

593 5180 942 5265 repagulis,
989 5201 1217 5247 omnes
1255 5181 1367 5245 isti
1409 5181 1582 5264 pigri
1616 5191 1900 5264 ventres,
1942 5184 2057 5268 qui
2092 5204 2164 5248 se
2199 5183 2330 5248 illis
2363 5204 2539 5248 nunc

2295 283 2761 352 EPISTOLA
2800 284 2892 352 Π.

4473 289 4598 355 ³04

2645 475 2768 540 soli
2813 474 3183 551 referciunt,
3230 494 3315 539 ne
3355 475 3597 558 segetis
3633 476 3898 560 spicam,
3945 484 4061 541 aut
4142 475 4350 541 ullum
4387 496 4596 540 unum

2645 561 2992 645 attingant.
3054 560 3148 625 Ut
3183 579 3358 625 nunc
3393 568 3614 626 autem
3648 582 3754 626 res
3788 561 4051 638 habent,
4134 562 4374 627 ecimas
4412 561 4596 626 nullo

2644 666 2856 729 neque
2900 644 3144 723 divino,
3198 667 3409 729 neque
3453 645 3741 712 humano
3795 648 3938 712 iure
3994 645 4118 712 sibi
4170 646 4423 712 debitas
4480 668 4596 712 ex·-

2645 730 3042 815 torquendo,
3085 731 3567 815 improbissimo
3623 732 3828 810 furto,
3886 733 3959 796 in
4001 731 4251 797 alienas
4295 733 4595 797 fortunas

2642 817 2981 882 invadunt.
3040 816 3125 880 In
3156 817 3302 881 iure
3335 838 3699 882 annuarum
3724 818 4115 900 pensionum
4147 816 4596 898 describendo,

2645 903 2771 969 hoc
2821 910 2920 968 est
2977 902 3134 985 (nisi
3187 902 3408 986 fallor)
3457 900 3837 983 γενικώτατον
3885 903 4219 988 θεώρημα,
4245 904 4290 984 ι)
4323 908 4342 923 “
4365 924 4598 968 omnes

2645 987 3016 1053 donationis
3053 987 3244 1053 titulo
3281 988 3465 1053 vobis
3509 987 3868 1067 obvenisse,
3915 1010 4115 1071 quam
4148 989 4596 1055 iurisconsulti

2646 1072 2752 1140 Ob
2796 1094 3060 1139 causam
3079 1075 3135 1157 ²)
3182 1083 3442 1139 vocant:
3495 1081 3577 1138 ’111
3619 1075 3856 1149 11118880
3898 1074 4271 1159 sacrilegio,
4315 1074 4596 1158 aliisque

2644 1159 3094 1225 incantatoriis
3150 1159 3452 1242 precibus
3468 1210 3482 1239 ,
3549 1181 3634 1224 ex
3683 1158 3794 1226 illo
3849 1160 4176 1243 utopiensi
4228 1162 4598 1243 purgatorii

2645 1266 2902 1311 carcere
2947 1253 3358 1310 mortuorum
3401 1245 3656 1310 animas
3712 1245 4047 1312 eliceretis.
4139 1244 4254 1313 Sic
4297 1248 4476 1311 enim
4521 1248 4596 1311 in

2645 1351 2852 1415 papae
2895 1331 3119 1397 schola
3160 1331 3443 1396 instituti
3497 1331 3796 1396 homines
3849 1332 4146 1409 fuerunt,
4205 1340 4280 1397 ut
4322 1331 4597 1398 delicto·

2643 1439 2793 1481 rum
2828 1417 3228 1483 conscientia
3261 1415 3533 1499 trepidis
3571 1416 3692 1482 hac
3730 1417 3997 1481 demum
4038 1417 4408 1484 conditione
4444 1439 4596 1501 spes

2644 1502 3034 1567 obtinendae
3079 1504 3307 1567 veniae
3351 1511 3850 1586 proponeretur,
3907 1504 3962 1567 si
4012 1503 4114 1568 vel
4168 1524 4445 1586 poenam
4491 1503 4598 1567 ni-

2643 1588 2999 1654 hilominus
3052 1588 3184 1653 Dei
3240 1588 3576 1653 severitati
3632 1587 4073 1666 exsolverent,
4132 1589 4238 1654 vel
4297 1589 4597 1655 satisfac·

2642 1674 2819 1738 tione
2842 1672 3256 1739 redimerent.
3314 1670 3632 1757 Supplicii
3656 1674 3931 1752 exacti0,
3969 1676 4383 1758 purgatoriae
4406 1675 4597 1740 flam-

2642 1780 2789 1824 mae
2833 1758 3066 1824 ardore
3108 1759 3345 1824 torreri
3387 1760 3542 1823 fuit:
3588 1759 3960 1838 satisfactio,
4007 1762 4075 1824 in
4118 1760 4594 1826 monachorum

2642 1866 2718 1909 ac
2757 1844 3166 1910 sacerdotum
3211 1852 3475 1910 ventres
3518 1845 3948 1929 ingurgitare,
3994 1844 4168 1928 quod
4219 1866 4449 1911 eorum
4492 1847 4597 1910 iu-

2644 1929 2811 1996 dicio
2855 1927 2940 1993 ad
2974 1930 3195 1996 delicti
3228 1931 3823 2014 compensationem
3859 1931 4017 1996 satis
4051 1932 4237 1996 foret.
4305 1932 4412 1996 En
4446 1934 4593 2015 qui-

2644 2016 2768 2081 bus
2811 2023 3007 2081 natae
3051 2015 3365 2094 exordiis,
3413 2016 3650 2099 quibus
3692 2015 3928 2080 deinde
3971 2017 4393 2083 incrementis
4436 2038 4593 2101 pro-

2643 2122 2908 2186 gressae
2942 2101 3285 2184 hucusque
3321 2101 3454 2166 sint
3473 2111 3735 2167 vestrae
3770 2102 4243 2185 possessiones:
4280 2124 4404 2186 quo
4438 2125 4594 2186 per-

2643 2187 2901 2253 venisse
2956 2186 3149 2252 hodie
3191 2187 3518 2264 videmus,
3577 2199 3652 2252 ut
3707 2188 3890 2252 nulla
3933 2189 4020 2253 sit
4062 2208 4331 2271 prorsus
4379 2204 4594 2255 terrae

2643 2272 2861 2351 uncia,
2918 2294 3116 2356 quam
3173 2293 3308 2337 non
3361 2280 3693 2355 acceptam
3743 2272 4124 2357 purgatorio
4177 2276 4423 2340 referre
4478 2275 4592 2340 de-

2643 2358 2867 2425 beatis.
2956 2359 3152 2425 Nunc
3194 2367 3261 2424 te
3304 2379 3522 2424 eoram
3563 2360 3711 2423 Deo
3754 2358 4027 2442 appello,
4071 2360 4175 2425 vir
4218 2360 4384 2425 mihi
4424 2362 4588 2425 ami—

2643 2444 2930 2521 cissime,
2990 2444 3279 2528 aliosque
3322 2444 3433 2527 qui
3487 2464 3528 2507 a
3569 2444 3753 2509 verbi
3796 2444 3923 2509 Dei
3965 2445 4254 2528 puritate
4295 2468 4429 2512 non
4475 2447 4590 2512 ab·

2643 2529 2934 2608 horrent,
2977 2551 3258 2613 quorum
3301 2552 3385 2595 ex
3428 2530 3667 2594 animis
3710 2529 4042 2597 discussus
4085 2541 4186 2596 est
4225 2532 4445 2597 inanis
4480 2532 4589 2597 ille

2643 2616 3006 2699 purgatorii
3047 2615 3296 2680 fumus:
3344 2637 3544 2697 quum
3579 2616 3780 2698 probe
3814 2616 4217 2701 intelligatis,
4263 2638 4590 2700 quascun-

2643 2721 2769 2783 que
2814 2701 3049 2765 tenetis
3092 2702 3561 2783 possessiones,
3623 2723 3750 2765 non
3800 2702 3924 2766 alia
3968 2702 4344 2793 legeyobis
4387 2705 4592 2769 fuisse

2643 2787 3107 2868 transscriptas
3161 2805 3201 2848 a
3253 2786 3392 2850 suis
3444 2783 3757 2864 dominis,
3816 2789 3944 2854 nisi
4001 2796 4079 2853 ut
4132 2810 4172 2852 a
4226 2790 4595 2873 purgatorii

2643 2871 2937 2937 cruciatu
2957 2881 3182 2935 vestra
3201 2871 3664 2937 intercessione
3693 2872 4121 2953 solverentur,
4156 2896 4392 2958 parum
4428 2873 4594 2955 dico,

2643 2957 2774 3022 nisi
2816 2965 2894 3021 ut
2937 2956 3408 3023 abominandae
3460 2957 3754 3040 ipsorum
3807 2960 4130 3043 impietati
4173 2980 4213 3025 a
4257 2959 4442 3027 vobis
4486 2980 4595 3028 sa-

2644 3042 2942 3108 tisfieret:
3008 3043 3339 3108 iustamne
3402 3042 3773 3126 possidendi
3823 3047 4146 3111 rationem
4194 3047 4381 3113 vobis
4435 3069 4596 3114 con-

2643 3135 2818 3194 stare
2873 3128 3155 3194 ducitis?
3246 3127 3425 3194 Sane
3474 3129 3654 3212 leges
3708 3131 3931 3197 civiles
3988 3134 4219 3215 (quum
4263 3133 4433 3198 nihil
4479 3155 4596 3198 vo·

2641 3214 2886 3280 luntati
2929 3215 3140 3298 magis
3180 3214 3529 3280 adversum
3574 3217 3661 3281 sit
3695 3237 3890 3299 quam
3933 3220 4146 3302 error)
4188 3217 4594 3298 donatorem,

2642 3299 2755 3383 qui
2798 3300 2902 3365 vel
2959 3320 3178 3364 errore
3231 3300 3569 3382 deeeptus,
3617 3301 3722 3367 vel
3775 3302 4004 3368 fraude
4060 3303 4597 3388 circumscriptus

2641 3386 2872 3463 fuerit,
2919 3385 3285 3454 absolvunt.
3374 3385 3784 3453 Donationes
3828 3396 4053 3454 autem
4095 3390 4261 3456 istas
4304 3390 4445 3456 solo
4488 3413 4594 3456 er-

2642 3491 2790 3536 rore
2836 3472 2987 3549 niti,
3042 3472 3217 3537 bona
3268 3476 3417 3550 [pag.
3456 3487 3488 3537 7
3498 3477 3564 3552 2]
3622 3474 3822 3538 etiam
3866 3495 3949 3539 ex
3990 3485 4178 3558 parte
4231 3476 4599 3559 impostura

2644 3579 2773 3622 non
2808 3577 3031 3623 carere
3067 3557 3265 3623 scitis.
3323 3556 3568 3622 Iisdem
3601 3558 3873 3643 legibus,
3910 3582 4080 3644 quae
4111 3560 4408 3627 illicitam
4437 3584 4596 3628 con·

2644 3639 2961 3707 ditionem
3016 3642 3215 3708 habet
3280 3642 3572 3720 donatio,
3640 3644 3828 3709 irrita
3893 3667 4035 3712 esse
4098 3649 4594 3729 pronunciatur.

2641 3727 2845 3793 Nulla
2910 3737 3010 3793 est
3063 3731 3342 3794 istarum
3397 3728 3822 3795 donationum
3881 3753 4049 3815 quae
4110 3731 4410 3799 horribili
4461 3732 4600 3799 Dei

2641 3813 3048 3896 blasphemia
3091 3836 3224 3880 non
3268 3834 3385 3879 vos
3427 3813 3812 3899 obstringat.
3880 3820 3974 3882 At
4015 3817 4208 3882 nihili
4251 3818 4591 3885 ducendae

2644 3907 2801 3964 sunt
2851 3900 3181 3972 ‚eiusmodi
3241 3900 3439 3983 leges.
3528 3899 3696 3982 Quis
3762 3912 3982 3968 autem
4040 3902 4223 3968 vobis
4286 3906 4597 3987 permisit

2642 3985 2892 4051 alienas
2947 3985 3164 4068 copias
3223 3994 3442 4052 vestro
3496 3985 3766 4053 arbitrio
3823 3987 4116 4054 obtinere
4130 4040 4147 4066 ,
4204 4011 4374 4073 quae
4433 3990 4596 4056 dum

2642 4070 2971 4154 adscripta
3013 4071 3157 4155 lege
3201 4072 3384 4136 vobis
3424 4071 3767 4152 ceduntur,
3812 4075 3942 4140 nisi
3983 4075 4099 4140 illa
4139 4075 4596 4142 intercedente

2643 4165 2866 4223 vestra
2919 4178 3050 4222 non
3093 4156 3306 4222 fiunt?
3395 4158 3511 4223 Ius
3566 4159 3745 4223 enim
3788 4158 3965 4225 istud
4008 4168 4380 4243 pactorum,
4425 4184 4596 4245 quae

2640 4253 2944 4308 mutuam
2987 4243 3234 4308 habent
3295 4242 3776 4327 obligationem,
3843 4246 4308 4330 pervulgatum
4361 4258 4463 4314 est
4518 4270 4594 4315 80

2642 4329 2849 4394 cuivis
2893 4328 3266 4414 cognitum:
3313 4339 3388 4394 ut
3430 4350 3624 4413 agere
3670 4351 3754 4395 ex
3797 4339 3988 4415 pacto
4031 4353 4164 4396 non
4198 4335 4426 4416 possit,
4472 4356 4596 4400 nec

2641 4415 2931 4480 fructum
2964 4414 3172 4479 ullum
3208 4414 3559 4500 percipere,
3596 4416 3721 4482 nisi
3744 4418 3858 4500 qui
3892 4416 4238 4483 defunctus
4271 4421 4598 4502 promisso

2642 4499 2858 4566 fuerit.
2946 4500 3180 4583 Itaque
3234 4509 3352 4565 aut
3409 4500 3622 4566 aliena
3664 4505 4024 4586 usurpatis,
4081 4512 4202 4568 aut
4249 4525 4329 4570 ea
4368 4506 4598 4571 eondi-

2643 4584 2822 4651 tione
2865 4596 3091 4651 vestra
3134 4597 3290 4652 sunt
3304 4637 3320 4665 ,
3378 4606 3575 4668 quam
3618 4586 3688 4651 in
3731 4610 3801 4653 se
3847 4596 4264 4673 receperunt,
4310 4613 4602 4673 quorum

2641 4691 2762 4753 per
2803 4693 3040 4737 manus
3084 4671 3265 4737 vobis
3307 4679 3463 4736 sunt
3500 4671 3755 4738 tradita.
3819 4673 4016 4756 Quod
4049 4675 4107 4741 si
4141 4676 4394 4760 flagitia
4427 4677 4603 4744 haee

2642 4756 2777 4822 illis
2816 4756 3056 4841 pacisci
3098 4758 3196 4821 fas
3242 4777 3376 4822 non
3420 4755 3574 4834 fuit,
3631 4760 3816 4826 vobis
3867 4761 3940 4825 in
3992 4761 4170 4844 pacti
4211 4763 4602 4829 societatem

2644 4843 2990 4910 succedere
3012 4843 3125 4926 qui
3158 4841 3370 4919 liceat,
3408 4842 3832 4911 considerate.
3890 4847 4120 4930 Itaque
4155 4848 4286 4913 nisi
4321 4869 4604 4917 80001188

2783 5131 2842 5196 1)
2876 5131 2993 5188 Une
3029 5132 3255 5186 maxime
3292 5134 3557 5202 generale,
3594 5135 3756 5190 vertit
3790 5136 4091 5191 translator
4121 5138 4374 5206 aulum.
4534 5141 4600 5208 2)

2644 5200 2918 5255 Donation
2951 5217 3093 5269 pour
3128 5216 3306 5270 cause,
3344 5201 3501 5257 idem
