<?xml version="1.0" encoding="UTF-8"?>
<!DOCTYPE html PUBLIC "-//W3C//DTD XHTML 1.0 Transitional//EN"
    "http://www.w3.org/TR/xhtml1/DTD/xhtml1-transitional.dtd">
<html xmlns="http://www.w3.org/1999/xhtml" xml:lang="en" lang="en">
 <head>
  <title>
</title>
<meta http-equiv="Content-Type" content="text/html;charset=utf-8" />
  <meta name='ocr-system' content='tesseract 3.04.00' />
  <meta name='ocr-capabilities' content='ocr_page ocr_carea ocr_par ocr_line ocrx_word'/>
</head>
<body>
  <div class='ocr_page' id='page_1' title='image "./ioanniscalvinio14unkngoog_0065.png"; bbox 0 0 4984 5975; ppageno 0'>
   <div class='ocr_carea' id='block_1_1' title="bbox 50 4989 74 5952">
    <p class='ocr_par' dir='ltr' id='par_1_1' title="bbox 50 4989 74 5952">
     <span class='ocr_line' id='line_1_1' title="bbox 50 4989 74 5952; baseline 0 0"><span class='ocrx_word' id='word_1_1' title='bbox 50 4989 74 5952; x_wconf 95' lang='lat' dir='ltr'><strong> </strong></span> 
     </span>
    </p>
   </div>
   <div class='ocr_carea' id='block_1_2' title="bbox 365 1572 4386 1778">
    <p class='ocr_par' dir='ltr' id='par_1_2' title="bbox 365 1572 4386 1778">
     <span class='ocr_line' id='line_1_2' title="bbox 365 1572 4386 1659; baseline -0 -1"><span class='ocrx_word' id='word_1_2' title='bbox 365 1588 761 1659; x_wconf 75' lang='lat' dir='ltr'>IOANNIS</span> <span class='ocrx_word' id='word_1_3' title='bbox 817 1587 1210 1657; x_wconf 85' lang='lat' dir='ltr'><strong>OALVINI</strong></span> <span class='ocrx_word' id='word_1_4' title='bbox 1262 1585 1798 1654; x_wconf 77' lang='lat' dir='ltr'><strong>PRAEFATIO</strong></span> <span class='ocrx_word' id='word_1_5' title='bbox 1841 1580 1982 1652; x_wconf 79' lang='lat' dir='ltr'><strong>&#39;AD</strong></span> <span class='ocrx_word' id='word_1_6' title='bbox 2029 1572 2735 1654; x_wconf 70' lang='lat' dir='ltr'>SANO&#39;PISSIMUM</span> <span class='ocrx_word' id='word_1_7' title='bbox 2790 1586 2911 1653; x_wconf 80' lang='lat' dir='ltr'><strong>AO</strong></span> <span class='ocrx_word' id='word_1_8' title='bbox 2958 1584 3765 1654; x_wconf 72' lang='lat' dir='ltr'>SAPIENTISSIMUM</span> <span class='ocrx_word' id='word_1_9' title='bbox 3808 1586 4386 1657; x_wconf 73' lang='lat' dir='ltr'><strong>PRAESULEM</strong></span> 
     </span>
     <span class='ocr_line' id='line_1_3' title="bbox 829 1695 3944 1778; baseline -0.001 -12"><span class='ocrx_word' id='word_1_10' title='bbox 829 1698 1330 1767; x_wconf 74' lang='lat' dir='ltr'>CLAUDIUM</span> <span class='ocrx_word' id='word_1_11' title='bbox 1370 1696 2011 1778; x_wconf 74' lang='lat' dir='ltr'><strong>HANGES&#39;HUM,</strong></span> <span class='ocrx_word' id='word_1_12' title='bbox 2057 1698 2510 1764; x_wconf 70' lang='lat' dir='ltr'>ABBA&#39;JJEM</span> <span class='ocrx_word' id='word_1_13' title='bbox 2554 1698 2762 1764; x_wconf 88' lang='lat' dir='ltr'><strong>DIVI</strong></span> <span class='ocrx_word' id='word_1_14' title='bbox 2805 1698 3111 1766; x_wconf 82' lang='lat' dir='ltr'>ELIGII</span> <span class='ocrx_word' id='word_1_15' title='bbox 3154 1695 3944 1765; x_wconf 79' lang='lat' dir='ltr'><strong>NOVIODUNENSIS.</strong></span> 
     </span>
    </p>
   </div>
   <div class='ocr_carea' id='block_1_3' title="bbox 333 1869 2333 5306">
    <p class='ocr_par' dir='ltr' id='par_1_3' title="bbox 359 1869 2333 3332">
     <span class='ocr_line' id='line_1_4' title="bbox 556 1869 2330 1957; baseline -0.002 -19"><span class='ocrx_word' id='word_1_16' title='bbox 556 1872 632 1939; x_wconf 85' lang='lat' dir='ltr'><strong>Si</strong></span> <span class='ocrx_word' id='word_1_17' title='bbox 672 1873 783 1957; x_wconf 89' lang='lat' dir='ltr'><strong>qui</strong></span> <span class='ocrx_word' id='word_1_18' title='bbox 827 1882 986 1938; x_wconf 87' lang='lat' dir='ltr'><strong>sunt</strong></span> <span class='ocrx_word' id='word_1_19' title='bbox 1039 1869 1236 1936; x_wconf 91' lang='lat' dir='ltr'><strong>hodie</strong></span> <span class='ocrx_word' id='word_1_20' title='bbox 1295 1869 1493 1955; x_wconf 90' lang='lat' dir='ltr'><strong>paulo</strong></span> <span class='ocrx_word' id='word_1_21' title='bbox 1538 1869 1811 1936; x_wconf 81' lang='lat' dir='ltr'><strong>faciliori</strong></span> <span class='ocrx_word' id='word_1_22' title='bbox 1861 1870 2002 1936; x_wconf 88' lang='lat' dir='ltr'><strong>nati</strong></span> <span class='ocrx_word' id='word_1_23' title='bbox 2047 1871 2330 1954; x_wconf 83' lang='lat' dir='ltr'><strong>ingenio,</strong></span> 
     </span>
     <span class='ocr_line' id='line_1_5' title="bbox 367 1955 2333 2042; baseline -0.003 -15"><span class='ocrx_word' id='word_1_24' title='bbox 367 1960 795 2027; x_wconf 82' lang='lat' dir='ltr'><strong>ornatissime</strong></span> <span class='ocrx_word' id='word_1_25' title='bbox 836 1957 1119 2042; x_wconf 89' lang='lat' dir='ltr'><strong>praesul,</strong></span> <span class='ocrx_word' id='word_1_26' title='bbox 1165 1978 1240 2021; x_wconf 95' lang='lat' dir='ltr'><strong>eo</strong></span> <span class='ocrx_word' id='word_1_27' title='bbox 1284 1958 1420 2022; x_wconf 85' lang='lat' dir='ltr'><strong>fere</strong></span> <span class='ocrx_word' id='word_1_28' title='bbox 1466 1974 1694 2021; x_wconf 90' lang='lat' dir='ltr'><strong>omnes</strong></span> <span class='ocrx_word' id='word_1_29' title='bbox 1737 1955 2040 2021; x_wconf 75' lang='lat' dir='ltr'><strong>certatim</strong></span> <span class='ocrx_word' id='word_1_30' title='bbox 2076 1978 2146 2022; x_wconf 89' lang='lat' dir='ltr'><strong>se</strong></span> <span class='ocrx_word' id='word_1_31' title='bbox 2180 1977 2333 2040; x_wconf 89' lang='lat' dir='ltr'><strong>pro·</strong></span> 
     </span>
     <span class='ocr_line' id='line_1_6' title="bbox 367 2041 2331 2130; baseline -0.004 -18"><span class='ocrx_word' id='word_1_32' title='bbox 367 2047 661 2130; x_wconf 87' lang='lat' dir='ltr'><strong>ripiuut,</strong></span> <span class='ocrx_word' id='word_1_33' title='bbox 703 2041 1080 2110; x_wconf 87' lang='lat' dir='ltr'><strong>illustrandi</strong></span> <span class='ocrx_word' id='word_1_34' title='bbox 1123 2042 1413 2108; x_wconf 88' lang='lat' dir='ltr'><strong>nominis</strong></span> <span class='ocrx_word' id='word_1_35' title='bbox 1458 2042 1813 2107; x_wconf 77' lang='lat' dir='ltr'><strong>ambitione</strong></span> <span class='ocrx_word' id='word_1_36' title='bbox 1828 2094 1842 2119; x_wconf 90' lang='lat'><strong>,</strong></span> <span class='ocrx_word' id='word_1_37' title='bbox 1888 2050 1967 2107; x_wconf 88' lang='lat' dir='ltr'><strong>ut</strong></span> <span class='ocrx_word' id='word_1_38' title='bbox 2007 2041 2331 2126; x_wconf 89' lang='lat' dir='ltr'><strong>praecipi-</strong></span> 
     </span>
     <span class='ocr_line' id='line_1_7' title="bbox 368 2127 2332 2214; baseline -0.004 -16"><span class='ocrx_word' id='word_1_39' title='bbox 368 2143 604 2198; x_wconf 80' lang='lat' dir='ltr'><strong>tanter</strong></span> <span class='ocrx_word' id='word_1_40' title='bbox 643 2129 836 2196; x_wconf 89' lang='lat' dir='ltr'><strong>editis</strong></span> <span class='ocrx_word' id='word_1_41' title='bbox 888 2128 1138 2214; x_wconf 80' lang='lat' dir='ltr'><strong>ingenii</strong></span> <span class='ocrx_word' id='word_1_42' title='bbox 1183 2130 1286 2194; x_wconf 89' lang='lat' dir='ltr'><strong>sui</strong></span> <span class='ocrx_word' id='word_1_43' title='bbox 1341 2128 1764 2193; x_wconf 89' lang='lat' dir='ltr'><strong>monimentis</strong></span> <span class='ocrx_word' id='word_1_44' title='bbox 1777 2178 1793 2206; x_wconf 93' lang='lat'><strong>,</strong></span> <span class='ocrx_word' id='word_1_45' title='bbox 1849 2127 2173 2194; x_wconf 77' lang='lat' dir='ltr'>celebrem</span> <span class='ocrx_word' id='word_1_46' title='bbox 2215 2149 2332 2192; x_wconf 93' lang='lat' dir='ltr'><strong>no-</strong></span> 
     </span>
     <span class='ocr_line' id='line_1_8' title="bbox 367 2213 2331 2298; baseline -0.004 -14"><span class='ocrx_word' id='word_1_47' title='bbox 367 2218 579 2284; x_wconf 81' lang='lat' dir='ltr'><strong>minis</strong></span> <span class='ocrx_word' id='word_1_48' title='bbox 619 2216 1003 2282; x_wconf 76' lang='lat' dir='ltr'><strong>memoriam</strong></span> <span class='ocrx_word' id='word_1_49' title='bbox 1048 2213 1133 2280; x_wconf 91' lang='lat' dir='ltr'><strong>ad</strong></span> <span class='ocrx_word' id='word_1_50' title='bbox 1186 2220 1480 2298; x_wconf 76' lang='lat' dir='ltr'><strong>posteros</strong></span> <span class='ocrx_word' id='word_1_51' title='bbox 1525 2213 1818 2279; x_wconf 85' lang='lat' dir='ltr'><strong>tradant:</strong></span> <span class='ocrx_word' id='word_1_52' title='bbox 1879 2214 2006 2297; x_wconf 87' lang='grc'><strong>1100</strong></span> <span class='ocrx_word' id='word_1_53' title='bbox 2050 2214 2176 2279; x_wconf 84' lang='grc'><strong>01111</strong></span> <span class='ocrx_word' id='word_1_54' title='bbox 2218 2213 2331 2278; x_wconf 87' lang='grc'><strong>(10-</strong></span> 
     </span>
     <span class='ocr_line' id='line_1_9' title="bbox 367 2298 2330 2388; baseline -0.004 -18"><span class='ocrx_word' id='word_1_55' title='bbox 367 2326 562 2370; x_wconf 85' lang='grc'><strong>11111111</strong></span> <span class='ocrx_word' id='word_1_56' title='bbox 617 2302 922 2388; x_wconf 78' lang='lat' dir='ltr'><strong>egregiae</strong></span> <span class='ocrx_word' id='word_1_57' title='bbox 972 2300 1150 2366; x_wconf 88' lang='lat' dir='ltr'><strong>laudi</strong></span> <span class='ocrx_word' id='word_1_58' title='bbox 1196 2301 1494 2365; x_wconf 85' lang='lat' dir='ltr'><strong>futurum</strong></span> <span class='ocrx_word' id='word_1_59' title='bbox 1537 2298 1884 2377; x_wconf 88' lang='lat' dir='ltr'><strong>ducentes,</strong></span> <span class='ocrx_word' id='word_1_60' title='bbox 1932 2300 1988 2365; x_wconf 89' lang='lat' dir='ltr'><strong>si</strong></span> <span class='ocrx_word' id='word_1_61' title='bbox 2032 2309 2330 2383; x_wconf 90' lang='lat' dir='ltr'><strong>posteros</strong></span> 
     </span>
     <span class='ocr_line' id='line_1_10' title="bbox 367 2385 2333 2475; baseline -0.004 -19"><span class='ocrx_word' id='word_1_62' title='bbox 367 2392 672 2475; x_wconf 80' lang='lat' dir='ltr'><strong>cogitant</strong></span> <span class='ocrx_word' id='word_1_63' title='bbox 687 2440 703 2468; x_wconf 93' lang='lat'><strong>,</strong></span> <span class='ocrx_word' id='word_1_64' title='bbox 771 2407 1011 2471; x_wconf 88' lang='lat' dir='ltr'><strong>magno</strong></span> <span class='ocrx_word' id='word_1_65' title='bbox 1065 2406 1183 2452; x_wconf 89' lang='lat' dir='ltr'><strong>suo</strong></span> <span class='ocrx_word' id='word_1_66' title='bbox 1252 2386 1582 2452; x_wconf 88' lang='lat' dir='ltr'><strong>dedecore.</strong></span> <span class='ocrx_word' id='word_1_67' title='bbox 1684 2385 1871 2451; x_wconf 87' lang='lat' dir='ltr'><strong>Adeo</strong></span> <span class='ocrx_word' id='word_1_68' title='bbox 1926 2387 2118 2469; x_wconf 89' lang='lat' dir='ltr'><strong>pauci</strong></span> <span class='ocrx_word' id='word_1_69' title='bbox 2176 2392 2333 2450; x_wconf 88' lang='lat' dir='ltr'><strong>sunt</strong></span> 
     </span>
     <span class='ocr_line' id='line_1_11' title="bbox 367 2471 2329 2560; baseline -0.003 -19"><span class='ocrx_word' id='word_1_70' title='bbox 367 2478 490 2560; x_wconf 88' lang='lat' dir='ltr'><strong>qui</strong></span> <span class='ocrx_word' id='word_1_71' title='bbox 545 2475 827 2559; x_wconf 80' lang='lat' dir='ltr'><strong>ingeniis</strong></span> <span class='ocrx_word' id='word_1_72' title='bbox 880 2473 1020 2539; x_wconf 90' lang='lat' dir='ltr'><strong>suis</strong></span> <span class='ocrx_word' id='word_1_73' title='bbox 1074 2480 1442 2556; x_wconf 88' lang='lat' dir='ltr'><strong>temperare</strong></span> <span class='ocrx_word' id='word_1_74' title='bbox 1497 2472 1722 2537; x_wconf 89' lang='lat' dir='ltr'><strong>sciant.</strong></span> <span class='ocrx_word' id='word_1_75' title='bbox 1825 2471 2004 2538; x_wconf 89' lang='lat' dir='ltr'><strong>Hinc</strong></span> <span class='ocrx_word' id='word_1_76' title='bbox 2047 2471 2329 2554; x_wconf 84' lang='lat' dir='ltr'><strong>scriptu-</strong></span> 
     </span>
     <span class='ocr_line' id='line_1_12' title="bbox 367 2557 2329 2641; baseline -0.003 -15"><span class='ocrx_word' id='word_1_77' title='bbox 367 2561 592 2627; x_wconf 89' lang='lat' dir='ltr'><strong>riendi</strong></span> <span class='ocrx_word' id='word_1_78' title='bbox 635 2562 867 2626; x_wconf 89' lang='lat' dir='ltr'><strong>insana</strong></span> <span class='ocrx_word' id='word_1_79' title='bbox 913 2558 1184 2624; x_wconf 89' lang='lat' dir='ltr'><strong>licentia</strong></span> <span class='ocrx_word' id='word_1_80' title='bbox 1199 2609 1214 2637; x_wconf 94' lang='lat'><strong>,</strong></span> <span class='ocrx_word' id='word_1_81' title='bbox 1269 2577 1465 2641; x_wconf 90' lang='lat' dir='ltr'><strong>quam</strong></span> <span class='ocrx_word' id='word_1_82' title='bbox 1511 2558 1733 2623; x_wconf 84' lang='lat' dir='ltr'><strong>statim</strong></span> <span class='ocrx_word' id='word_1_83' title='bbox 1778 2557 2184 2641; x_wconf 87' lang='lat' dir='ltr'><strong>poenitentia</strong></span> <span class='ocrx_word' id='word_1_84' title='bbox 2227 2578 2329 2621; x_wconf 91' lang='lat' dir='ltr'><strong>se-</strong></span> 
     </span>
     <span class='ocr_line' id='line_1_13' title="bbox 365 2642 2329 2732; baseline -0.003 -20"><span class='ocrx_word' id='word_1_85' title='bbox 365 2649 604 2732; x_wconf 85' lang='lat' dir='ltr'><strong>quitur</strong></span> <span class='ocrx_word' id='word_1_86' title='bbox 644 2667 876 2712; x_wconf 84' lang='grc'><strong>0011100.</strong></span> <span class='ocrx_word' id='word_1_87' title='bbox 967 2645 1050 2709; x_wconf 86' lang='grc'><strong>111</strong></span> <span class='ocrx_word' id='word_1_88' title='bbox 1102 2644 1228 2709; x_wconf 90' lang='lat' dir='ltr'><strong>hac</strong></span> <span class='ocrx_word' id='word_1_89' title='bbox 1279 2652 1502 2708; x_wconf 90' lang='lat' dir='ltr'><strong>tamen</strong></span> <span class='ocrx_word' id='word_1_90' title='bbox 1545 2642 1964 2727; x_wconf 77' lang='lat' dir='ltr'><strong>improbitate</strong></span> <span class='ocrx_word' id='word_1_91' title='bbox 2008 2645 2329 2709; x_wconf 88' lang='lat' dir='ltr'><strong>rationem</strong></span> 
     </span>
     <span class='ocr_line' id='line_1_14' title="bbox 365 2728 2329 2815; baseline -0.003 -16"><span class='ocrx_word' id='word_1_92' title='bbox 365 2735 631 2811; x_wconf 89' lang='lat' dir='ltr'><strong>ineunt,</strong></span> <span class='ocrx_word' id='word_1_93' title='bbox 675 2753 806 2815; x_wconf 85' lang='lat' dir='ltr'><strong>qua</strong></span> <span class='ocrx_word' id='word_1_94' title='bbox 836 2731 960 2796; x_wconf 88' lang='lat' dir='ltr'><strong>sibi</strong></span> <span class='ocrx_word' id='word_1_95' title='bbox 994 2731 1278 2814; x_wconf 83' lang='lat' dir='ltr'><strong>gratiam</strong></span> <span class='ocrx_word' id='word_1_96' title='bbox 1315 2728 1490 2813; x_wconf 89' lang='lat' dir='ltr'><strong>apud</strong></span> <span class='ocrx_word' id='word_1_97' title='bbox 1526 2730 1818 2807; x_wconf 89' lang='lat' dir='ltr'><strong>lectores,</strong></span> <span class='ocrx_word' id='word_1_98' title='bbox 1866 2738 1941 2795; x_wconf 94' lang='lat' dir='ltr'><strong>ut</strong></span> <span class='ocrx_word' id='word_1_99' title='bbox 1974 2731 2178 2808; x_wconf 88' lang='lat' dir='ltr'><strong>aiunt,</strong></span> <span class='ocrx_word' id='word_1_100' title='bbox 2217 2729 2329 2794; x_wconf 91' lang='lat' dir='ltr'><strong>be-</strong></span> 
     </span>
     <span class='ocr_line' id='line_1_15' title="bbox 363 2814 2329 2899; baseline -0.004 -13"><span class='ocrx_word' id='word_1_101' title='bbox 363 2817 646 2886; x_wconf 81' lang='lat' dir='ltr'><strong>nevolos</strong></span> <span class='ocrx_word' id='word_1_102' title='bbox 666 2817 1041 2883; x_wconf 88' lang='lat' dir='ltr'><strong>concilient:</strong></span> <span class='ocrx_word' id='word_1_103' title='bbox 1081 2836 1362 2899; x_wconf 87' lang='lat' dir='ltr'><strong>quorum</strong></span> <span class='ocrx_word' id='word_1_104' title='bbox 1387 2816 1673 2899; x_wconf 83' lang='lat' dir='ltr'><strong>profecto</strong></span> <span class='ocrx_word' id='word_1_105' title='bbox 1697 2814 2156 2881; x_wconf 89' lang='lat' dir='ltr'><strong>benevolentia</strong></span> <span class='ocrx_word' id='word_1_106' title='bbox 2178 2835 2329 2898; x_wconf 89' lang='lat' dir='ltr'><strong>pro·</strong></span> 
     </span>
     <span class='ocr_line' id='line_1_16' title="bbox 361 2900 2330 2985; baseline -0.003 -14"><span class='ocrx_word' id='word_1_107' title='bbox 361 2905 508 2971; x_wconf 85' lang='lat' dir='ltr'><strong>lixe</strong></span> <span class='ocrx_word' id='word_1_108' title='bbox 552 2905 931 2970; x_wconf 84' lang='lat' dir='ltr'><strong>abutuntur.</strong></span> <span class='ocrx_word' id='word_1_109' title='bbox 1021 2901 1311 2983; x_wconf 91' lang='lat' dir='ltr'><strong>Quidam</strong></span> <span class='ocrx_word' id='word_1_110' title='bbox 1353 2900 1791 2985; x_wconf 87' lang='lat' dir='ltr'><strong>praetendunt</strong></span> <span class='ocrx_word' id='word_1_111' title='bbox 1834 2903 2070 2967; x_wconf 89' lang='lat' dir='ltr'><strong>aetatis</strong></span> <span class='ocrx_word' id='word_1_112' title='bbox 2110 2901 2330 2967; x_wconf 87' lang='lat' dir='ltr'><strong>tiroci-</strong></span> 
     </span>
     <span class='ocr_line' id='line_1_17' title="bbox 363 2985 2330 3073; baseline -0.002 -16"><span class='ocrx_word' id='word_1_113' title='bbox 363 2993 590 3057; x_wconf 86' lang='lat' dir='ltr'><strong>nium:</strong></span> <span class='ocrx_word' id='word_1_114' title='bbox 637 2990 747 3055; x_wconf 89' lang='lat' dir='ltr'><strong>alii</strong></span> <span class='ocrx_word' id='word_1_115' title='bbox 790 2989 1257 3055; x_wconf 87' lang='lat' dir='ltr'><strong>causificantur</strong></span> <span class='ocrx_word' id='word_1_116' title='bbox 1290 2985 1601 3072; x_wconf 79' lang='lat' dir='ltr'><strong>improbis</strong></span> <span class='ocrx_word' id='word_1_117' title='bbox 1636 2989 1994 3054; x_wconf 89' lang='lat' dir='ltr'><strong>amicorum</strong></span> <span class='ocrx_word' id='word_1_118' title='bbox 2028 2988 2330 3073; x_wconf 78' lang='lat' dir='ltr'><strong>precibus</strong></span> 
     </span>
     <span class='ocr_line' id='line_1_18' title="bbox 363 3074 2328 3143; baseline -0.002 0"><span class='ocrx_word' id='word_1_119' title='bbox 363 3077 579 3143; x_wconf 83' lang='lat' dir='ltr'><strong>libros</strong></span> <span class='ocrx_word' id='word_1_120' title='bbox 621 3075 964 3142; x_wconf 85' lang='lat' dir='ltr'><strong>inchoatos</strong></span> <span class='ocrx_word' id='word_1_121' title='bbox 1010 3076 1134 3140; x_wconf 89' lang='lat' dir='ltr'><strong>sibi</strong></span> <span class='ocrx_word' id='word_1_122' title='bbox 1179 3074 1261 3140; x_wconf 92' lang='lat' dir='ltr'><strong>de</strong></span> <span class='ocrx_word' id='word_1_123' title='bbox 1306 3074 1612 3139; x_wconf 90' lang='lat' dir='ltr'><strong>manibus</strong></span> <span class='ocrx_word' id='word_1_124' title='bbox 1656 3077 1898 3139; x_wconf 79' lang='lat' dir='ltr'><strong>excuti:</strong></span> <span class='ocrx_word' id='word_1_125' title='bbox 1950 3074 2058 3139; x_wconf 90' lang='lat' dir='ltr'><strong>alii</strong></span> <span class='ocrx_word' id='word_1_126' title='bbox 2104 3075 2328 3139; x_wconf 88' lang='lat' dir='ltr'><strong>nescio</strong></span> 
     </span>
     <span class='ocr_line' id='line_1_19' title="bbox 361 3159 2325 3247; baseline -0.002 -19"><span class='ocrx_word' id='word_1_127' title='bbox 361 3161 535 3247; x_wconf 78' lang='lat' dir='ltr'><strong>quid</strong></span> <span class='ocrx_word' id='word_1_128' title='bbox 586 3183 916 3247; x_wconf 86' lang='lat' dir='ltr'><strong>nugarum</strong></span> <span class='ocrx_word' id='word_1_129' title='bbox 967 3162 1302 3245; x_wconf 84' lang='lat' dir='ltr'><strong>garriunt,</strong></span> <span class='ocrx_word' id='word_1_130' title='bbox 1359 3182 1490 3243; x_wconf 93' lang='lat' dir='ltr'><strong>quo</strong></span> <span class='ocrx_word' id='word_1_131' title='bbox 1541 3181 1831 3225; x_wconf 88' lang='lat' dir='ltr'><strong>errorem</strong></span> <span class='ocrx_word' id='word_1_132' title='bbox 1875 3159 2325 3243; x_wconf 86' lang='lat' dir='ltr'><strong>deprecentur,</strong></span> 
     </span>
     <span class='ocr_line' id='line_1_20' title="bbox 359 3246 2324 3332; baseline -0.004 -15"><span class='ocrx_word' id='word_1_133' title='bbox 359 3251 426 3317; x_wconf 87' lang='lat' dir='ltr'><strong>si</strong></span> <span class='ocrx_word' id='word_1_134' title='bbox 471 3270 550 3315; x_wconf 91' lang='lat' dir='ltr'><strong>se</strong></span> <span class='ocrx_word' id='word_1_135' title='bbox 583 3247 821 3332; x_wconf 83' lang='lat' dir='ltr'><strong>populo</strong></span> <span class='ocrx_word' id='word_1_136' title='bbox 865 3247 1252 3331; x_wconf 89' lang='lat' dir='ltr'><strong>spectandos</strong></span> <span class='ocrx_word' id='word_1_137' title='bbox 1294 3248 1668 3330; x_wconf 75' lang='lat' dir='ltr'><strong>importune</strong></span> <span class='ocrx_word' id='word_1_138' title='bbox 1712 3246 2029 3311; x_wconf 85' lang='lat' dir='ltr'><strong>dederint.</strong></span> <span class='ocrx_word' id='word_1_139' title='bbox 2119 3246 2324 3328; x_wconf 84' lang='lat' dir='ltr'><strong>Atqui</strong></span> 
     </span>
    </p>

    <p class='ocr_par' dir='ltr' id='par_1_4' title="bbox 357 3331 2327 3500">
     <span class='ocr_line' id='line_1_21' title="bbox 514 3331 2327 3416; baseline -0.001 -18"><span class='ocrx_word' id='word_1_140' title='bbox 514 3335 530 3347; x_wconf 85' lang='lat'><strong><em>&#39;</em></strong></span> <span class='ocrx_word' id='word_1_141' title='bbox 657 3333 876 3399; x_wconf 91' lang='lat' dir='ltr'><strong>nullos</strong></span> <span class='ocrx_word' id='word_1_142' title='bbox 932 3334 1201 3399; x_wconf 91' lang='lat' dir='ltr'><strong>omnino</strong></span> <span class='ocrx_word' id='word_1_143' title='bbox 1245 3333 1457 3398; x_wconf 85' lang='lat' dir='ltr'><strong>foetus</strong></span> <span class='ocrx_word' id='word_1_144' title='bbox 1501 3331 1694 3398; x_wconf 89' lang='lat' dir='ltr'><strong>edere</strong></span> <span class='ocrx_word' id='word_1_145' title='bbox 1711 3384 1726 3411; x_wconf 93' lang='lat'><strong>,</strong></span> <span class='ocrx_word' id='word_1_146' title='bbox 1788 3354 1986 3416; x_wconf 89' lang='lat' dir='ltr'><strong>quam</strong></span> <span class='ocrx_word' id='word_1_147' title='bbox 2027 3353 2327 3415; x_wconf 89' lang='lat' dir='ltr'><strong>praema-</strong></span> 
     </span>
     <span class='ocr_line' id='line_1_22' title="bbox 357 3416 2326 3500; baseline -0.003 -12"><span class='ocrx_word' id='word_1_148' title='bbox 357 3433 590 3500; x_wconf 71' lang='lat' dir='ltr'><strong>turos,</strong></span> <span class='ocrx_word' id='word_1_149' title='bbox 647 3420 753 3485; x_wconf 92' lang='lat' dir='ltr'><strong>vel</strong></span> <span class='ocrx_word' id='word_1_150' title='bbox 797 3419 998 3484; x_wconf 89' lang='lat' dir='ltr'><strong>etiam</strong></span> <span class='ocrx_word' id='word_1_151' title='bbox 1013 3470 1028 3498; x_wconf 90' lang='lat'><strong>,</strong></span> <span class='ocrx_word' id='word_1_152' title='bbox 1086 3427 1163 3484; x_wconf 88' lang='lat' dir='ltr'><strong>ut</strong></span> <span class='ocrx_word' id='word_1_153' title='bbox 1213 3420 1292 3484; x_wconf 88' lang='lat' dir='ltr'><strong>fit</strong></span> <span class='ocrx_word' id='word_1_154' title='bbox 1307 3470 1322 3497; x_wconf 91' lang='lat'><strong>,</strong></span> <span class='ocrx_word' id='word_1_155' title='bbox 1378 3418 1710 3485; x_wconf 88' lang='lat' dir='ltr'><strong>abortivos</strong></span> <span class='ocrx_word' id='word_1_156' title='bbox 1752 3439 1886 3484; x_wconf 91' lang='lat' dir='ltr'><strong>non</strong></span> <span class='ocrx_word' id='word_1_157' title='bbox 1934 3426 2070 3483; x_wconf 85' lang='lat' dir='ltr'><strong>tam</strong></span> <span class='ocrx_word' id='word_1_158' title='bbox 2113 3416 2326 3497; x_wconf 90' lang='lat' dir='ltr'><strong>edere,</strong></span> 
     </span>
    </p>

    <p class='ocr_par' dir='ltr' id='par_1_5' title="bbox 405 3503 2327 3589">
     <span class='ocr_line' id='line_1_23' title="bbox 405 3503 2327 3589; baseline -0.003 -15"><span class='ocrx_word' id='word_1_159' title='bbox 405 3527 572 3574; x_wconf 80' lang='lat' dir='ltr'><strong>uam</strong></span> <span class='ocrx_word' id='word_1_160' title='bbox 614 3506 945 3589; x_wconf 87' lang='lat' dir='ltr'><strong>proiicere.</strong></span> <span class='ocrx_word' id='word_1_161' title='bbox 1035 3505 1208 3571; x_wconf 79' lang='lat' dir='ltr'><strong>Mihi</strong></span> <span class='ocrx_word' id='word_1_162' title='bbox 1252 3525 1408 3571; x_wconf 92' lang='lat' dir='ltr'><strong>vero</strong></span> <span class='ocrx_word' id='word_1_163' title='bbox 1460 3506 1658 3570; x_wconf 88' lang='lat' dir='ltr'><strong>etiam</strong></span> <span class='ocrx_word' id='word_1_164' title='bbox 1715 3503 1961 3587; x_wconf 77' lang='lat' dir='ltr'><strong>ahquid</strong></span> <span class='ocrx_word' id='word_1_165' title='bbox 2005 3503 2327 3569; x_wconf 88' lang='lat' dir='ltr'><strong>meditan-</strong></span> 
     </span>
    </p>

    <p class='ocr_par' dir='ltr' id='par_1_6' title="bbox 333 3590 2329 5306">
     <span class='ocr_line' id='line_1_24' title="bbox 409 3590 2326 3675; baseline -0.002 -17"><span class='ocrx_word' id='word_1_166' title='bbox 409 3612 544 3658; x_wconf 90' lang='lat' dir='ltr'><strong>um</strong></span> <span class='ocrx_word' id='word_1_167' title='bbox 584 3599 704 3670; x_wconf 88' lang='lat' dir='ltr'><strong>est,</strong></span> <span class='ocrx_word' id='word_1_168' title='bbox 748 3612 876 3675; x_wconf 92' lang='lat' dir='ltr'><strong>quo</strong></span> <span class='ocrx_word' id='word_1_169' title='bbox 918 3591 1239 3657; x_wconf 89' lang='lat' dir='ltr'><strong>rationem</strong></span> <span class='ocrx_word' id='word_1_170' title='bbox 1282 3611 1499 3656; x_wconf 88' lang='lat' dir='ltr'><strong>meam</strong></span> <span class='ocrx_word' id='word_1_171' title='bbox 1541 3590 2051 3674; x_wconf 88' lang='lat' dir='ltr'><strong>institutumque</strong></span> <span class='ocrx_word' id='word_1_172' title='bbox 2091 3611 2326 3674; x_wconf 89' lang='lat' dir='ltr'><strong>appro-</strong></span> 
     </span>
     <span class='ocr_line' id='line_1_25' title="bbox 361 3675 2326 3760; baseline -0.003 -14"><span class='ocrx_word' id='word_1_173' title='bbox 361 3679 530 3746; x_wconf 87' lang='lat' dir='ltr'><strong>bem</strong></span> <span class='ocrx_word' id='word_1_174' title='bbox 545 3729 561 3757; x_wconf 93' lang='lat'><strong>,</strong></span> <span class='ocrx_word' id='word_1_175' title='bbox 615 3699 748 3743; x_wconf 91' lang='lat' dir='ltr'><strong>non</strong></span> <span class='ocrx_word' id='word_1_176' title='bbox 780 3683 1045 3742; x_wconf 87' lang='lat' dir='ltr'><strong>tantum</strong></span> <span class='ocrx_word' id='word_1_177' title='bbox 1085 3675 1451 3756; x_wconf 83' lang='lat' dir='ltr'><strong>benevolis,</strong></span> <span class='ocrx_word' id='word_1_178' title='bbox 1510 3675 1627 3742; x_wconf 88' lang='lat' dir='ltr'><strong>sed</strong></span> <span class='ocrx_word' id='word_1_179' title='bbox 1668 3677 2154 3760; x_wconf 80' lang='lat' dir='ltr'><strong>circumspectis</strong></span> <span class='ocrx_word' id='word_1_180' title='bbox 2196 3677 2326 3742; x_wconf 90' lang='lat' dir='ltr'><strong>lec-</strong></span> 
     </span>
     <span class='ocr_line' id='line_1_26' title="bbox 361 3761 2327 3847; baseline -0.002 -17"><span class='ocrx_word' id='word_1_181' title='bbox 361 3764 661 3830; x_wconf 88' lang='lat' dir='ltr'><strong>toribus:</strong></span> <span class='ocrx_word' id='word_1_182' title='bbox 719 3783 923 3847; x_wconf 91' lang='lat' dir='ltr'><strong>eoque</strong></span> <span class='ocrx_word' id='word_1_183' title='bbox 965 3764 1177 3847; x_wconf 89' lang='lat' dir='ltr'><strong>magis</strong></span> <span class='ocrx_word' id='word_1_184' title='bbox 1192 3813 1208 3840; x_wconf 90' lang='lat'><strong>,</strong></span> <span class='ocrx_word' id='word_1_185' title='bbox 1259 3761 1433 3846; x_wconf 89' lang='lat' dir='ltr'><strong>quod</strong></span> <span class='ocrx_word' id='word_1_186' title='bbox 1476 3784 1647 3828; x_wconf 89' lang='lat' dir='ltr'><strong>unus</strong></span> <span class='ocrx_word' id='word_1_187' title='bbox 1689 3761 1772 3829; x_wconf 93' lang='lat' dir='ltr'><strong>de</strong></span> <span class='ocrx_word' id='word_1_188' title='bbox 1813 3763 2002 3846; x_wconf 89' lang='lat' dir='ltr'><strong>plebe</strong></span> <span class='ocrx_word' id='word_1_189' title='bbox 2045 3763 2327 3828; x_wconf 89' lang='lat' dir='ltr'><strong>homun-</strong></span> 
     </span>
     <span class='ocr_line' id='line_1_27' title="bbox 358 3847 2327 3932; baseline -0.002 -14"><span class='ocrx_word' id='word_1_190' title='bbox 358 3851 473 3918; x_wconf 82' lang='lat' dir='ltr'><strong>cio</strong></span> <span class='ocrx_word' id='word_1_191' title='bbox 489 3901 507 3928; x_wconf 88' lang='lat'><strong>,</strong></span> <span class='ocrx_word' id='word_1_192' title='bbox 551 3848 894 3928; x_wconf 90' lang='lat' dir='ltr'><strong>mediocri,</strong></span> <span class='ocrx_word' id='word_1_193' title='bbox 950 3869 1067 3913; x_wconf 90' lang='lat' dir='ltr'><strong>seu</strong></span> <span class='ocrx_word' id='word_1_194' title='bbox 1106 3848 1324 3932; x_wconf 89' lang='lat' dir='ltr'><strong>potius</strong></span> <span class='ocrx_word' id='word_1_195' title='bbox 1365 3847 1622 3914; x_wconf 89' lang='lat' dir='ltr'><strong>modica</strong></span> <span class='ocrx_word' id='word_1_196' title='bbox 1663 3847 2027 3914; x_wconf 85' lang='lat' dir='ltr'><strong>eruditione</strong></span> <span class='ocrx_word' id='word_1_197' title='bbox 2069 3848 2327 3932; x_wconf 86' lang='lat' dir='ltr'><strong>praedi-</strong></span> 
     </span>
     <span class='ocr_line' id='line_1_28' title="bbox 359 3933 2326 4018; baseline -0.002 -16"><span class='ocrx_word' id='word_1_198' title='bbox 359 3947 505 4014; x_wconf 79' lang='lat' dir='ltr'><strong>tus,</strong></span> <span class='ocrx_word' id='word_1_199' title='bbox 552 3934 725 4000; x_wconf 87' lang='lat' dir='ltr'><strong>nihil</strong></span> <span class='ocrx_word' id='word_1_200' title='bbox 774 3934 847 3998; x_wconf 92' lang='lat' dir='ltr'><strong>in</strong></span> <span class='ocrx_word' id='word_1_201' title='bbox 888 3954 997 3999; x_wconf 94' lang='grc'><strong>1110</strong></span> <span class='ocrx_word' id='word_1_202' title='bbox 1040 3934 1348 4013; x_wconf 85' lang='lat' dir='ltr'><strong>habeam,</strong></span> <span class='ocrx_word' id='word_1_203' title='bbox 1403 3933 1579 4018; x_wconf 91' lang='lat' dir='ltr'><strong>quod</strong></span> <span class='ocrx_word' id='word_1_204' title='bbox 1621 3955 1806 4018; x_wconf 88' lang='lat' dir='ltr'><strong>spem</strong></span> <span class='ocrx_word' id='word_1_205' title='bbox 1847 3933 2133 4017; x_wconf 81' lang='lat' dir='ltr'><strong>aliquam</strong></span> <span class='ocrx_word' id='word_1_206' title='bbox 2177 3954 2326 4017; x_wconf 89' lang='lat' dir='ltr'><strong>pos·</strong></span> 
     </span>
     <span class='ocr_line' id='line_1_29' title="bbox 356 4019 2328 4104; baseline -0.002 -17"><span class='ocrx_word' id='word_1_207' title='bbox 356 4023 463 4088; x_wconf 80' lang='lat' dir='ltr'><strong>sit</strong></span> <span class='ocrx_word' id='word_1_208' title='bbox 505 4019 906 4087; x_wconf 81' lang='lat' dir='ltr'><strong>celebritatis</strong></span> <span class='ocrx_word' id='word_1_209' title='bbox 959 4022 1263 4086; x_wconf 87' lang='lat' dir='ltr'><strong>excitare.</strong></span> <span class='ocrx_word' id='word_1_210' title='bbox 1352 4019 1539 4086; x_wconf 88' lang='lat' dir='ltr'><strong>Haec</strong></span> <span class='ocrx_word' id='word_1_211' title='bbox 1581 4020 1847 4104; x_wconf 91' lang='lat' dir='ltr'><strong>quidem</strong></span> <span class='ocrx_word' id='word_1_212' title='bbox 1899 4019 2328 4104; x_wconf 74' lang='lat' dir='ltr'><strong>ignobilitatis</strong></span> 
     </span>
     <span class='ocr_line' id='line_1_30' title="bbox 354 4105 2328 4187; baseline -0.002 -14"><span class='ocrx_word' id='word_1_213' title='bbox 354 4127 563 4174; x_wconf 76' lang='lat' dir='ltr'><strong>meae</strong></span> <span class='ocrx_word' id='word_1_214' title='bbox 625 4105 1028 4173; x_wconf 88' lang='lat' dir='ltr'><strong>conscientia</strong></span> <span class='ocrx_word' id='word_1_215' title='bbox 1089 4107 1334 4172; x_wconf 84' lang='lat' dir='ltr'><strong>fecerat</strong></span> <span class='ocrx_word' id='word_1_216' title='bbox 1347 4156 1363 4187; x_wconf 93' lang='lat'><strong>,</strong></span> <span class='ocrx_word' id='word_1_217' title='bbox 1424 4115 1501 4171; x_wconf 92' lang='lat' dir='ltr'><strong>ut</strong></span> <span class='ocrx_word' id='word_1_218' title='bbox 1560 4106 1878 4172; x_wconf 88' lang='lat' dir='ltr'><strong>hactenus</strong></span> <span class='ocrx_word' id='word_1_219' title='bbox 1931 4106 2328 4172; x_wconf 88' lang='lat' dir='ltr'><strong>abstinerem</strong></span> 
     </span>
     <span class='ocr_line' id='line_1_31' title="bbox 353 4187 2328 4279; baseline -0.001 -20"><span class='ocrx_word' id='word_1_220' title='bbox 353 4192 657 4279; x_wconf 76' lang='lat' dir='ltr'><strong>publico,</strong></span> <span class='ocrx_word' id='word_1_221' title='bbox 755 4191 983 4276; x_wconf 89' lang='lat' dir='ltr'><strong>Neque</strong></span> <span class='ocrx_word' id='word_1_222' title='bbox 1041 4191 1204 4258; x_wconf 90' lang='grc'><strong>11000</strong></span> <span class='ocrx_word' id='word_1_223' title='bbox 1259 4198 1487 4258; x_wconf 90' lang='lat' dir='ltr'><strong>nostra</strong></span> <span class='ocrx_word' id='word_1_224' title='bbox 1529 4192 1804 4271; x_wconf 84' lang='lat' dir='ltr'><strong>scholia,</strong></span> <span class='ocrx_word' id='word_1_225' title='bbox 1852 4187 2328 4276; x_wconf 79' lang='lat' dir='ltr'><strong>qualiacunque</strong></span> 
     </span>
     <span class='ocr_line' id='line_1_32' title="bbox 352 4269 2329 4362; baseline -0.003 -14"><span class='ocrx_word' id='word_1_226' title='bbox 352 4287 554 4356; x_wconf 77' lang='lat' dir='ltr'><strong>sunt,</strong></span> <span class='ocrx_word' id='word_1_227' title='bbox 593 4279 884 4362; x_wconf 79' lang='lat' dir='ltr'><strong>primum</strong></span> <span class='ocrx_word' id='word_1_228' title='bbox 926 4269 1293 4347; x_wconf 87' lang='lat' dir='ltr'><strong>meditabar</strong></span> <span class='ocrx_word' id='word_1_229' title='bbox 1332 4278 1403 4342; x_wconf 91' lang='lat' dir='ltr'><strong>in</strong></span> <span class='ocrx_word' id='word_1_230' title='bbox 1447 4298 1591 4342; x_wconf 90' lang='lat' dir='ltr'><strong>eam</strong></span> <span class='ocrx_word' id='word_1_231' title='bbox 1627 4297 1829 4360; x_wconf 90' lang='lat' dir='ltr'><strong>spem,</strong></span> <span class='ocrx_word' id='word_1_232' title='bbox 1873 4286 1950 4343; x_wconf 89' lang='lat' dir='ltr'><strong>ut</strong></span> <span class='ocrx_word' id='word_1_233' title='bbox 1982 4276 2329 4360; x_wconf 91' lang='lat' dir='ltr'><strong>aliquando</strong></span> 
     </span>
     <span class='ocr_line' id='line_1_33' title="bbox 351 4362 2328 4451; baseline -0.002 -19"><span class='ocrx_word' id='word_1_234' title='bbox 351 4363 714 4451; x_wconf 84' lang='lat' dir='ltr'><strong>publicum</strong></span> <span class='ocrx_word' id='word_1_235' title='bbox 757 4364 1155 4447; x_wconf 85' lang='lat' dir='ltr'><strong>acciperent:</strong></span> <span class='ocrx_word' id='word_1_236' title='bbox 1212 4363 1329 4430; x_wconf 91' lang='lat' dir='ltr'><strong>sed</strong></span> <span class='ocrx_word' id='word_1_237' title='bbox 1384 4370 1602 4428; x_wconf 88' lang='lat' dir='ltr'><strong>tamen</strong></span> <span class='ocrx_word' id='word_1_238' title='bbox 1645 4363 1833 4446; x_wconf 90' lang='lat' dir='ltr'><strong>quasi</strong></span> <span class='ocrx_word' id='word_1_239' title='bbox 1883 4364 2019 4429; x_wconf 88' lang='lat' dir='ltr'><strong>iam</strong></span> <span class='ocrx_word' id='word_1_240' title='bbox 2061 4371 2205 4428; x_wconf 86' lang='lat' dir='ltr'><strong>tum</strong></span> <span class='ocrx_word' id='word_1_241' title='bbox 2247 4362 2328 4428; x_wconf 93' lang='lat' dir='ltr'><strong>de</strong></span> 
     </span>
     <span class='ocr_line' id='line_1_34' title="bbox 350 4448 2327 4535; baseline -0.003 -17"><span class='ocrx_word' id='word_1_242' title='bbox 350 4450 665 4518; x_wconf 81' lang='lat' dir='ltr'><strong>editione</strong></span> <span class='ocrx_word' id='word_1_243' title='bbox 707 4449 1024 4535; x_wconf 79' lang='lat' dir='ltr'><strong>cogitans,</strong></span> <span class='ocrx_word' id='word_1_244' title='bbox 1069 4448 1270 4515; x_wconf 87' lang='lat' dir='ltr'><strong>studii</strong></span> <span class='ocrx_word' id='word_1_245' title='bbox 1312 4449 1728 4516; x_wconf 81' lang='lat' dir='ltr'><strong>contentione</strong></span> <span class='ocrx_word' id='word_1_246' title='bbox 1770 4448 2197 4533; x_wconf 89' lang='lat' dir='ltr'><strong>provehebar,</strong></span> <span class='ocrx_word' id='word_1_247' title='bbox 2242 4470 2327 4514; x_wconf 94' lang='lat' dir='ltr'><strong>ne</strong></span> 
     </span>
     <span class='ocr_line' id='line_1_35' title="bbox 349 4534 2328 4618; baseline -0.003 -12"><span class='ocrx_word' id='word_1_248' title='bbox 349 4537 564 4606; x_wconf 76' lang='lat' dir='ltr'><strong>velut</strong></span> <span class='ocrx_word' id='word_1_249' title='bbox 602 4536 674 4601; x_wconf 93' lang='lat' dir='ltr'><strong>in</strong></span> <span class='ocrx_word' id='word_1_250' title='bbox 715 4556 789 4600; x_wconf 91' lang='grc'><strong>10</strong></span> <span class='ocrx_word' id='word_1_251' title='bbox 829 4534 1086 4603; x_wconf 88' lang='lat' dir='ltr'><strong>ludicra</strong></span> <span class='ocrx_word' id='word_1_252' title='bbox 1127 4535 1329 4602; x_wconf 89' lang='lat' dir='ltr'><strong>otiose</strong></span> <span class='ocrx_word' id='word_1_253' title='bbox 1373 4542 1439 4600; x_wconf 92' lang='lat' dir='ltr'><strong>et</strong></span> <span class='ocrx_word' id='word_1_254' title='bbox 1482 4535 1838 4601; x_wconf 82' lang='lat' dir='ltr'><strong>oscitanter</strong></span> <span class='ocrx_word' id='word_1_255' title='bbox 1876 4534 2129 4614; x_wconf 90' lang='lat' dir='ltr'><strong>ludens,</strong></span> <span class='ocrx_word' id='word_1_256' title='bbox 2175 4555 2328 4618; x_wconf 88' lang='lat' dir='ltr'><strong>ope-</strong></span> 
     </span>
     <span class='ocr_line' id='line_1_36' title="bbox 347 4619 2327 4704; baseline -0.003 -14"><span class='ocrx_word' id='word_1_257' title='bbox 347 4642 524 4690; x_wconf 73' lang='lat' dir='ltr'><strong>ram</strong></span> <span class='ocrx_word' id='word_1_258' title='bbox 622 4641 838 4704; x_wconf 92' lang='lat' dir='ltr'><strong>uoque</strong></span> <span class='ocrx_word' id='word_1_259' title='bbox 892 4620 1207 4687; x_wconf 89' lang='lat' dir='ltr'><strong>luderem.</strong></span> <span class='ocrx_word' id='word_1_260' title='bbox 1307 4621 1541 4704; x_wconf 87' lang='lat' dir='ltr'><strong>Itaque</strong></span> <span class='ocrx_word' id='word_1_261' title='bbox 1596 4619 1894 4687; x_wconf 90' lang='lat' dir='ltr'><strong>nondum</strong></span> <span class='ocrx_word' id='word_1_262' title='bbox 1936 4619 2021 4685; x_wconf 89' lang='lat' dir='ltr'><strong>ad</strong></span> <span class='ocrx_word' id='word_1_263' title='bbox 2065 4619 2327 4685; x_wconf 91' lang='lat' dir='ltr'><strong>umbili-</strong></span> 
     </span>
     <span class='ocr_line' id='line_1_37' title="bbox 345 4705 2326 4792; baseline -0.001 -20"><span class='ocrx_word' id='word_1_264' title='bbox 345 4728 532 4779; x_wconf 79' lang='lat' dir='ltr'><strong>cum</strong></span> <span class='ocrx_word' id='word_1_265' title='bbox 610 4706 861 4786; x_wconf 87' lang='lat' dir='ltr'><strong>educta,</strong></span> <span class='ocrx_word' id='word_1_266' title='bbox 900 4708 1127 4774; x_wconf 91' lang='lat' dir='ltr'><strong>amicis</strong></span> <span class='ocrx_word' id='word_1_267' title='bbox 1159 4707 1406 4791; x_wconf 89' lang='lat' dir='ltr'><strong>aliquot</strong></span> <span class='ocrx_word' id='word_1_268' title='bbox 1438 4707 1661 4792; x_wconf 88' lang='lat' dir='ltr'><strong>probis</strong></span> <span class='ocrx_word' id='word_1_269' title='bbox 1684 4727 1758 4773; x_wconf 90' lang='lat' dir='ltr'><strong>ac</strong></span> <span class='ocrx_word' id='word_1_270' title='bbox 1793 4705 2099 4773; x_wconf 88' lang='lat' dir='ltr'><strong>fidelibus</strong></span> <span class='ocrx_word' id='word_1_271' title='bbox 2121 4727 2326 4790; x_wconf 91' lang='lat' dir='ltr'><strong>quum</strong></span> 
     </span>
     <span class='ocr_line' id='line_1_38' title="bbox 343 4792 2326 4877; baseline -0.003 -14"><span class='ocrx_word' id='word_1_272' title='bbox 343 4794 744 4871; x_wconf 81' lang='lat' dir='ltr'><strong>recitarem,</strong></span> <span class='ocrx_word' id='word_1_273' title='bbox 789 4792 1014 4876; x_wconf 85' lang='lat' dir='ltr'><strong>illique</strong></span> <span class='ocrx_word' id='word_1_274' title='bbox 1056 4792 1466 4877; x_wconf 81' lang='lat' dir='ltr'><strong>simpliciter,</strong></span> <span class='ocrx_word' id='word_1_275' title='bbox 1513 4801 1587 4859; x_wconf 87' lang='lat' dir='ltr'><strong>ut</strong></span> <span class='ocrx_word' id='word_1_276' title='bbox 1629 4794 1845 4859; x_wconf 89' lang='lat' dir='ltr'><strong>solent</strong></span> <span class='ocrx_word' id='word_1_277' title='bbox 1886 4793 2123 4870; x_wconf 89' lang='lat' dir='ltr'><strong>omnia,</strong></span> <span class='ocrx_word' id='word_1_278' title='bbox 2169 4813 2326 4858; x_wconf 90' lang='lat' dir='ltr'><strong>can·</strong></span> 
     </span>
     <span class='ocr_line' id='line_1_39' title="bbox 341 4878 2325 4963; baseline -0.003 -16"><span class='ocrx_word' id='word_1_279' title='bbox 341 4878 654 4962; x_wconf 75' lang='grc' dir='ltr'><strong>111ᾶο000</strong></span> <span class='ocrx_word' id='word_1_280' title='bbox 713 4879 1169 4958; x_wconf 85' lang='lat' dir='ltr'><strong>aestimarent,</strong></span> <span class='ocrx_word' id='word_1_281' title='bbox 1214 4899 1400 4963; x_wconf 91' lang='lat' dir='ltr'><strong>spem</strong></span> <span class='ocrx_word' id='word_1_282' title='bbox 1443 4878 1728 4963; x_wconf 86' lang='lat' dir='ltr'><strong>aliquam</strong></span> <span class='ocrx_word' id='word_1_283' title='bbox 1770 4879 2142 4945; x_wconf 89' lang='lat' dir='ltr'><strong>iniecerunt</strong></span> <span class='ocrx_word' id='word_1_284' title='bbox 2183 4878 2325 4943; x_wconf 88' lang='lat' dir='ltr'><strong>eius</strong></span> 
     </span>
     <span class='ocr_line' id='line_1_40' title="bbox 336 4964 2324 5054; baseline -0.003 -22"><span class='ocrx_word' id='word_1_285' title='bbox 336 4965 639 5054; x_wconf 76' lang='lat' dir='ltr'><strong>generis</strong></span> <span class='ocrx_word' id='word_1_286' title='bbox 681 4984 854 5043; x_wconf 85' lang='lat' dir='ltr'><strong>csse,</strong></span> <span class='ocrx_word' id='word_1_287' title='bbox 958 4985 1083 5030; x_wconf 89' lang='grc'><strong>1100</strong></span> <span class='ocrx_word' id='word_1_288' title='bbox 1126 4986 1259 5029; x_wconf 88' lang='grc'><strong>11011</strong></span> <span class='ocrx_word' id='word_1_289' title='bbox 1302 4964 1496 5048; x_wconf 87' lang='grc'><strong>1110110</strong></span> <span class='ocrx_word' id='word_1_290' title='bbox 1540 4987 1581 5031; x_wconf 89' lang='grc'><strong>0</strong></span> <span class='ocrx_word' id='word_1_291' title='bbox 1743 4966 1836 5031; x_wconf 88' lang='lat' dir='ltr'><strong>tia</strong></span> <span class='ocrx_word' id='word_1_292' title='bbox 1877 4964 2324 5044; x_wconf 89' lang='lat' dir='ltr'><strong>abhorrerent,</strong></span> 
     </span>
     <span class='ocr_line' id='line_1_41' title="bbox 335 5048 2327 5135; baseline -0.003 -16"><span class='ocrx_word' id='word_1_293' title='bbox 335 5055 408 5119; x_wconf 81' lang='lat' dir='ltr'><strong>si</strong></span> <span class='ocrx_word' id='word_1_294' title='bbox 461 5048 845 5115; x_wconf 83' lang='lat' dir='ltr'><strong>ederentur.</strong></span> <span class='ocrx_word' id='word_1_295' title='bbox 989 5049 1155 5116; x_wconf 88' lang='lat' dir='ltr'><strong>aluit</strong></span> <span class='ocrx_word' id='word_1_296' title='bbox 1195 5052 1584 5135; x_wconf 88' lang='lat' dir='ltr'><strong>praesertim</strong></span> <span class='ocrx_word' id='word_1_297' title='bbox 1678 5052 1923 5116; x_wconf 87' lang='lat' dir='ltr'><strong>onnani</strong></span> <span class='ocrx_word' id='word_1_298' title='bbox 1964 5050 2097 5115; x_wconf 92' lang='lat' dir='ltr'><strong>mei</strong></span> <span class='ocrx_word' id='word_1_299' title='bbox 2140 5058 2327 5115; x_wconf 88' lang='lat' dir='ltr'><strong>auto-</strong></span> 
     </span>
     <span class='ocr_line' id='line_1_42' title="bbox 333 5135 2328 5219; baseline -0.002 -15"><span class='ocrx_word' id='word_1_300' title='bbox 333 5141 560 5213; x_wconf 77' lang='lat' dir='ltr'><strong>ritas,</strong></span> <span class='ocrx_word' id='word_1_301' title='bbox 595 5136 723 5202; x_wconf 88' lang='lat' dir='ltr'><strong>viri</strong></span> <span class='ocrx_word' id='word_1_302' title='bbox 755 5135 1254 5219; x_wconf 87' lang='lat' dir='ltr'><strong>prudentissimi</strong></span> <span class='ocrx_word' id='word_1_303' title='bbox 1290 5156 1365 5201; x_wconf 90' lang='lat' dir='ltr'><strong>ac</strong></span> <span class='ocrx_word' id='word_1_304' title='bbox 1407 5136 1821 5203; x_wconf 88' lang='lat' dir='ltr'><strong>disertissimi</strong></span> <span class='ocrx_word' id='word_1_305' title='bbox 1854 5137 1961 5203; x_wconf 90' lang='grc'><strong>0111</strong></span> <span class='ocrx_word' id='word_1_306' title='bbox 1993 5136 2110 5202; x_wconf 89' lang='grc'><strong>11111</strong></span> <span class='ocrx_word' id='word_1_307' title='bbox 2145 5144 2328 5201; x_wconf 89' lang='lat' dir='ltr'><strong>stant</strong></span> 
     </span>
     <span class='ocr_line' id='line_1_43' title="bbox 333 5219 2326 5306; baseline -0.002 -15"><span class='ocrx_word' id='word_1_308' title='bbox 333 5237 420 5291; x_wconf 81' lang='lat' dir='ltr'><strong>et</strong></span> <span class='ocrx_word' id='word_1_309' title='bbox 469 5219 729 5287; x_wconf 71' lang='lat' dir='ltr'><strong>endunt</strong></span> <span class='ocrx_word' id='word_1_310' title='bbox 768 5241 917 5286; x_wconf 85' lang='lat' dir='ltr'><strong>mea</strong></span> <span class='ocrx_word' id='word_1_311' title='bbox 958 5222 1245 5289; x_wconf 87' lang='lat' dir='ltr'><strong>consilia.</strong></span> <span class='ocrx_word' id='word_1_312' title='bbox 1277 5221 1298 5238; x_wconf 58' lang='lat'>⁸</span> <span class='ocrx_word' id='word_1_313' title='bbox 1333 5220 1523 5288; x_wconf 83' lang='lat' dir='ltr'><strong>Adde</strong></span> <span class='ocrx_word' id='word_1_314' title='bbox 1566 5220 1737 5306; x_wconf 84' lang='lat' dir='ltr'><strong>quod</strong></span> <span class='ocrx_word' id='word_1_315' title='bbox 1779 5223 2099 5306; x_wconf 90' lang='lat' dir='ltr'><strong>optimum</strong></span> <span class='ocrx_word' id='word_1_316' title='bbox 2141 5230 2326 5287; x_wconf 87' lang='lat' dir='ltr'><strong>auto-</strong></span> 
     </span>
    </p>
   </div>
   <div class='ocr_carea' id='block_1_4' title="bbox 2378 1870 4460 5045">
    <p class='ocr_par' dir='ltr' id='par_1_7' title="bbox 2378 1870 4460 5045">
     <span class='ocr_line' id='line_1_44' title="bbox 2437 1870 4390 1954; baseline 0.003 -19"><span class='ocrx_word' id='word_1_317' title='bbox 2437 1891 2581 1935; x_wconf 89' lang='lat' dir='ltr'><strong>rem</strong></span> <span class='ocrx_word' id='word_1_318' title='bbox 2629 1870 2957 1954; x_wconf 87' lang='lat' dir='ltr'><strong>plerisque</strong></span> <span class='ocrx_word' id='word_1_319' title='bbox 3011 1870 3415 1949; x_wconf 87' lang='lat' dir='ltr'><strong>sordescere,</strong></span> <span class='ocrx_word' id='word_1_320' title='bbox 3472 1890 3549 1935; x_wconf 88' lang='grc'><strong>00</strong></span> <span class='ocrx_word' id='word_1_321' title='bbox 3601 1870 3784 1936; x_wconf 90' lang='lat' dir='ltr'><strong>nullo</strong></span> <span class='ocrx_word' id='word_1_322' title='bbox 3828 1892 4037 1954; x_wconf 90' lang='lat' dir='ltr'><strong>paene</strong></span> <span class='ocrx_word' id='word_1_323' title='bbox 4082 1894 4225 1939; x_wconf 87' lang='lat' dir='ltr'><strong>esse</strong></span> <span class='ocrx_word' id='word_1_324' title='bbox 4268 1897 4390 1941; x_wconf 91' lang='lat' dir='ltr'><strong>nu-</strong></span> 
     </span>
     <span class='ocr_line' id='line_1_45' title="bbox 2383 1955 4392 2051; baseline 0.003 -30"><span class='ocrx_word' id='word_1_325' title='bbox 2383 1982 2388 2051; x_wconf 56' lang='lat' dir='ltr'>l</span> <span class='ocrx_word' id='word_1_326' title='bbox 2435 1976 2620 2021; x_wconf 89' lang='lat' dir='ltr'><strong>mero</strong></span> <span class='ocrx_word' id='word_1_327' title='bbox 2638 2009 2653 2033; x_wconf 97' lang='lat'><strong>,</strong></span> <span class='ocrx_word' id='word_1_328' title='bbox 2720 1957 3131 2040; x_wconf 87' lang='lat' dir='ltr'><strong>iniquissime</strong></span> <span class='ocrx_word' id='word_1_329' title='bbox 3188 1955 3508 2022; x_wconf 84' lang='lat' dir='ltr'><strong>ferebam:</strong></span> <span class='ocrx_word' id='word_1_330' title='bbox 3575 1963 3656 2021; x_wconf 88' lang='lat' dir='ltr'><strong>ut</strong></span> <span class='ocrx_word' id='word_1_331' title='bbox 3718 1957 3967 2022; x_wconf 88' lang='lat' dir='ltr'><strong>iamdiu</strong></span> <span class='ocrx_word' id='word_1_332' title='bbox 4025 1961 4392 2042; x_wconf 83' lang='lat' dir='ltr'><strong>optaverim</strong></span> 
     </span>
     <span class='ocr_line' id='line_1_46' title="bbox 2437 2040 4390 2131; baseline 0.003 -24"><span class='ocrx_word' id='word_1_333' title='bbox 2437 2042 2780 2126; x_wconf 78' lang='lat' dir='ltr'><strong>egregium</strong></span> <span class='ocrx_word' id='word_1_334' title='bbox 2825 2044 3201 2131; x_wconf 75' lang='lat' dir='ltr'><strong>quempiam</strong></span> <span class='ocrx_word' id='word_1_335' title='bbox 3256 2040 3584 2109; x_wconf 90' lang='lat' dir='ltr'><strong>vindicem</strong></span> <span class='ocrx_word' id='word_1_336' title='bbox 3628 2063 3991 2128; x_wconf 83' lang='lat' dir='ltr'><strong>emergere,</strong></span> <span class='ocrx_word' id='word_1_337' title='bbox 4045 2047 4157 2128; x_wconf 93' lang='lat' dir='ltr'><strong>qui</strong></span> <span class='ocrx_word' id='word_1_338' title='bbox 4200 2045 4390 2111; x_wconf 90' lang='lat' dir='ltr'><strong>illum</strong></span> 
     </span>
     <span class='ocr_line' id='line_1_47' title="bbox 2435 2128 4391 2212; baseline 0.004 -21"><span class='ocrx_word' id='word_1_339' title='bbox 2435 2129 2507 2191; x_wconf 91' lang='lat' dir='ltr'><strong>in</strong></span> <span class='ocrx_word' id='word_1_340' title='bbox 2552 2149 2740 2194; x_wconf 88' lang='lat' dir='ltr'><strong>suam</strong></span> <span class='ocrx_word' id='word_1_341' title='bbox 2801 2129 3188 2212; x_wconf 80' lang='lat' dir='ltr'><strong>dignitatem</strong></span> <span class='ocrx_word' id='word_1_342' title='bbox 3243 2136 3582 2194; x_wconf 84' lang='lat' dir='ltr'><strong>assereret.</strong></span> <span class='ocrx_word' id='word_1_343' title='bbox 3669 2128 3817 2195; x_wconf 90' lang='lat' dir='ltr'><strong>Hoc</strong></span> <span class='ocrx_word' id='word_1_344' title='bbox 3870 2129 4086 2211; x_wconf 89' lang='lat' dir='ltr'><strong>ipsum</strong></span> <span class='ocrx_word' id='word_1_345' title='bbox 4140 2133 4198 2197; x_wconf 93' lang='lat' dir='ltr'><strong>si</strong></span> <span class='ocrx_word' id='word_1_346' title='bbox 4241 2154 4391 2198; x_wconf 90' lang='lat' dir='ltr'><strong>sum</strong></span> 
     </span>
     <span class='ocr_line' id='line_1_48' title="bbox 2437 2213 4460 2297; baseline 0.001 -19"><span class='ocrx_word' id='word_1_347' title='bbox 2437 2213 2659 2297; x_wconf 91' lang='lat' dir='ltr'><strong>aliqua</strong></span> <span class='ocrx_word' id='word_1_348' title='bbox 2733 2235 2816 2279; x_wconf 92' lang='lat' dir='ltr'><strong>ex</strong></span> <span class='ocrx_word' id='word_1_349' title='bbox 2894 2224 3079 2296; x_wconf 88' lang='lat' dir='ltr'><strong>parte</strong></span> <span class='ocrx_word' id='word_1_350' title='bbox 3146 2221 3562 2297; x_wconf 87' lang='lat' dir='ltr'><strong>assequutus,</strong></span> <span class='ocrx_word' id='word_1_351' title='bbox 3635 2221 3893 2279; x_wconf 89' lang='lat' dir='ltr'><strong>tantum</strong></span> <span class='ocrx_word' id='word_1_352' title='bbox 3957 2216 4200 2282; x_wconf 88' lang='lat' dir='ltr'><strong>laboris</strong></span> <span class='ocrx_word' id='word_1_353' title='bbox 4256 2240 4386 2284; x_wconf 91' lang='lat' dir='ltr'><strong>non</strong></span> <span class='ocrx_word' id='word_1_354' title='bbox 4452 2269 4460 2280; x_wconf 96' lang='lat'><strong>.</strong></span> 
     </span>
     <span class='ocr_line' id='line_1_49' title="bbox 2433 2298 4392 2383; baseline 0.003 -19"><span class='ocrx_word' id='word_1_355' title='bbox 2433 2299 2680 2366; x_wconf 79' lang='lat' dir='ltr'><strong>frustra</strong></span> <span class='ocrx_word' id='word_1_356' title='bbox 2715 2300 3100 2366; x_wconf 80' lang='lat' dir='ltr'><strong>exhausisse</strong></span> <span class='ocrx_word' id='word_1_357' title='bbox 3133 2298 3389 2366; x_wconf 86' lang='lat' dir='ltr'><strong>videar:</strong></span> <span class='ocrx_word' id='word_1_358' title='bbox 3430 2320 3664 2383; x_wconf 90' lang='lat' dir='ltr'><strong>nempe</strong></span> <span class='ocrx_word' id='word_1_359' title='bbox 3699 2321 3896 2382; x_wconf 91' lang='lat' dir='ltr'><strong>quum</strong></span> <span class='ocrx_word' id='word_1_360' title='bbox 3933 2302 4002 2366; x_wconf 93' lang='lat' dir='ltr'><strong>in</strong></span> <span class='ocrx_word' id='word_1_361' title='bbox 4040 2302 4165 2369; x_wconf 88' lang='lat' dir='ltr'><strong>hac</strong></span> <span class='ocrx_word' id='word_1_362' title='bbox 4188 2325 4392 2370; x_wconf 90' lang='lat' dir='ltr'><strong>arena</strong></span> 
     </span>
     <span class='ocr_line' id='line_1_50' title="bbox 2433 2384 4390 2469; baseline 0.004 -20"><span class='ocrx_word' id='word_1_363' title='bbox 2433 2385 2534 2450; x_wconf 90' lang='lat' dir='ltr'><strong>bis</strong></span> <span class='ocrx_word' id='word_1_364' title='bbox 2579 2384 2917 2450; x_wconf 87' lang='lat' dir='ltr'><strong>desudarit</strong></span> <span class='ocrx_word' id='word_1_365' title='bbox 2958 2387 3280 2452; x_wconf 87' lang='lat' dir='ltr'><strong>Erasmus</strong></span> <span class='ocrx_word' id='word_1_366' title='bbox 3322 2386 3666 2452; x_wconf 85' lang='lat' dir='ltr'><strong>literarum</strong></span> <span class='ocrx_word' id='word_1_367' title='bbox 3709 2386 3994 2452; x_wconf 89' lang='lat' dir='ltr'><strong>alterum</strong></span> <span class='ocrx_word' id='word_1_368' title='bbox 4038 2388 4268 2469; x_wconf 78' lang='lat' dir='ltr'><strong>decue,</strong></span> <span class='ocrx_word' id='word_1_369' title='bbox 4314 2410 4390 2456; x_wconf 87' lang='lat' dir='ltr'><strong>ac</strong></span> 
     </span>
     <span class='ocr_line' id='line_1_51' title="bbox 2433 2470 4390 2555; baseline 0.003 -20"><span class='ocrx_word' id='word_1_370' title='bbox 2433 2472 2685 2554; x_wconf 88' lang='lat' dir='ltr'><strong>primae</strong></span> <span class='ocrx_word' id='word_1_371' title='bbox 2731 2470 3026 2537; x_wconf 89' lang='lat' dir='ltr'><strong>deliciae:</strong></span> <span class='ocrx_word' id='word_1_372' title='bbox 3086 2470 3406 2555; x_wconf 88' lang='lat' dir='ltr'><strong>quaedam</strong></span> <span class='ocrx_word' id='word_1_373' title='bbox 3450 2472 3650 2537; x_wconf 88' lang='lat' dir='ltr'><strong>etiam</strong></span> <span class='ocrx_word' id='word_1_374' title='bbox 3703 2472 3908 2554; x_wconf 88' lang='lat' dir='ltr'><strong>ipsius</strong></span> <span class='ocrx_word' id='word_1_375' title='bbox 3948 2473 4179 2540; x_wconf 87' lang='lat' dir='ltr'><strong>oculos</strong></span> <span class='ocrx_word' id='word_1_376' title='bbox 4234 2474 4390 2541; x_wconf 90' lang='lat' dir='ltr'><strong>sub-</strong></span> 
     </span>
     <span class='ocr_line' id='line_1_52' title="bbox 2434 2556 4384 2643; baseline 0.002 -20"><span class='ocrx_word' id='word_1_377' title='bbox 2434 2557 2843 2640; x_wconf 82' lang='lat' dir='ltr'><strong>terfugerint,</strong></span> <span class='ocrx_word' id='word_1_378' title='bbox 2885 2556 3059 2641; x_wconf 90' lang='lat' dir='ltr'><strong>quod</strong></span> <span class='ocrx_word' id='word_1_379' title='bbox 3102 2559 3267 2622; x_wconf 83' lang='lat' dir='ltr'><strong>citra</strong></span> <span class='ocrx_word' id='word_1_380' title='bbox 3310 2556 3628 2622; x_wconf 89' lang='lat' dir='ltr'><strong>invidiam</strong></span> <span class='ocrx_word' id='word_1_381' title='bbox 3671 2557 3920 2623; x_wconf 89' lang='lat' dir='ltr'><strong>dictum</strong></span> <span class='ocrx_word' id='word_1_382' title='bbox 3964 2560 4066 2638; x_wconf 91' lang='lat' dir='ltr'><strong>sit,</strong></span> <span class='ocrx_word' id='word_1_383' title='bbox 4114 2582 4155 2625; x_wconf 86' lang='lat' dir='ltr'><strong>a</strong></span> <span class='ocrx_word' id='word_1_384' title='bbox 4196 2562 4384 2643; x_wconf 84' lang='lat' dir='ltr'><strong>nobis</strong></span> 
     </span>
     <span class='ocr_line' id='line_1_53' title="bbox 2433 2643 4388 2731; baseline 0.003 -24"><span class='ocrx_word' id='word_1_385' title='bbox 2433 2643 2722 2726; x_wconf 90' lang='lat' dir='ltr'><strong>primum</strong></span> <span class='ocrx_word' id='word_1_386' title='bbox 2793 2643 3267 2709; x_wconf 88' lang='lat' dir='ltr'><strong>animadversa.</strong></span> <span class='ocrx_word' id='word_1_387' title='bbox 3388 2643 3714 2727; x_wconf 89' lang='lat' dir='ltr'><strong>Equidem</strong></span> <span class='ocrx_word' id='word_1_388' title='bbox 3789 2643 3870 2708; x_wconf 89' lang='lat' dir='ltr'><strong>de</strong></span> <span class='ocrx_word' id='word_1_389' title='bbox 3947 2650 4172 2711; x_wconf 86' lang='lat' dir='ltr'><strong>autore</strong></span> <span class='ocrx_word' id='word_1_390' title='bbox 4248 2648 4388 2731; x_wconf 89' lang='lat' dir='ltr'><strong>ipso</strong></span> 
     </span>
     <span class='ocr_line' id='line_1_54' title="bbox 2386 2728 4388 2825; baseline 0.003 -32"><span class='ocrx_word' id='word_1_391' title='bbox 2386 2785 2393 2825; x_wconf 34' lang='grc' dir='ltr'><em>γ</em></span> <span class='ocrx_word' id='word_1_392' title='bbox 2434 2728 2596 2793; x_wconf 87' lang='grc'><strong>(111111</strong></span> <span class='ocrx_word' id='word_1_393' title='bbox 2637 2729 2869 2813; x_wconf 88' lang='grc'><strong>1001101</strong></span> <span class='ocrx_word' id='word_1_394' title='bbox 2909 2730 3191 2813; x_wconf 82' lang='grc'><strong>110101110,</strong></span> <span class='ocrx_word' id='word_1_395' title='bbox 3212 2734 3470 2795; x_wconf 85' lang='lat' dir='ltr'><strong>’vereor</strong></span> <span class='ocrx_word' id='word_1_396' title='bbox 3511 2749 3597 2794; x_wconf 90' lang='lat' dir='ltr'><strong>ne</strong></span> <span class='ocrx_word' id='word_1_397' title='bbox 3630 2750 3924 2796; x_wconf 81' lang='lat' dir='ltr'><strong>summas</strong></span> <span class='ocrx_word' id='word_1_398' title='bbox 3971 2731 4114 2798; x_wconf 91' lang='lat' dir='ltr'><strong>eius</strong></span> <span class='ocrx_word' id='word_1_399' title='bbox 4158 2732 4388 2799; x_wconf 88' lang='lat' dir='ltr'><strong>laudes</strong></span> 
     </span>
     <span class='ocr_line' id='line_1_55' title="bbox 2433 2814 4387 2899; baseline 0.003 -20"><span class='ocrx_word' id='word_1_400' title='bbox 2433 2815 2685 2899; x_wconf 88' lang='lat' dir='ltr'><strong>ingenii</strong></span> <span class='ocrx_word' id='word_1_401' title='bbox 2723 2814 2918 2898; x_wconf 90' lang='lat' dir='ltr'><strong>culpa</strong></span> <span class='ocrx_word' id='word_1_402' title='bbox 2960 2815 3271 2882; x_wconf 83' lang='lat' dir='ltr'><strong>deteram.</strong></span> <span class='ocrx_word' id='word_1_403' title='bbox 3354 2816 3580 2899; x_wconf 86' lang='lat' dir='ltr'><strong>Neque</strong></span> <span class='ocrx_word' id='word_1_404' title='bbox 3625 2816 3763 2881; x_wconf 91' lang='lat' dir='ltr'><strong>eius</strong></span> <span class='ocrx_word' id='word_1_405' title='bbox 3805 2817 4042 2883; x_wconf 86' lang='lat' dir='ltr'><strong>merita</strong></span> <span class='ocrx_word' id='word_1_406' title='bbox 4081 2818 4387 2885; x_wconf 89' lang='lat' dir='ltr'><strong>laudibus</strong></span> 
     </span>
     <span class='ocr_line' id='line_1_56' title="bbox 2434 2901 4388 2988; baseline 0.002 -22"><span class='ocrx_word' id='word_1_407' title='bbox 2434 2901 2691 2985; x_wconf 77' lang='lat' dir='ltr'><strong>assequi</strong></span> <span class='ocrx_word' id='word_1_408' title='bbox 2747 2921 2986 2985; x_wconf 87' lang='lat' dir='ltr'><strong>operae</strong></span> <span class='ocrx_word' id='word_1_409' title='bbox 3038 2903 3323 2985; x_wconf 89' lang='lat' dir='ltr'><strong>pretium</strong></span> <span class='ocrx_word' id='word_1_410' title='bbox 3378 2916 3507 2982; x_wconf 90' lang='lat' dir='ltr'><strong>est,</strong></span> <span class='ocrx_word' id='word_1_411' title='bbox 3563 2924 3650 2967; x_wconf 90' lang='lat' dir='ltr'><strong>ne</strong></span> <span class='ocrx_word' id='word_1_412' title='bbox 3693 2903 3834 2985; x_wconf 87' lang='lat' dir='ltr'><strong>ipse</strong></span> <span class='ocrx_word' id='word_1_413' title='bbox 3877 2924 3995 2985; x_wconf 92' lang='lat' dir='ltr'><strong>per</strong></span> <span class='ocrx_word' id='word_1_414' title='bbox 4039 2923 4109 2969; x_wconf 92' lang='lat' dir='ltr'><strong>se</strong></span> <span class='ocrx_word' id='word_1_415' title='bbox 4151 2925 4388 2988; x_wconf 90' lang='lat' dir='ltr'><strong>parum</strong></span> 
     </span>
     <span class='ocr_line' id='line_1_57' title="bbox 2433 2988 4390 3057; baseline 0.002 -4"><span class='ocrx_word' id='word_1_416' title='bbox 2433 2989 2672 3054; x_wconf 84' lang='lat' dir='ltr'><strong>afferre</strong></span> <span class='ocrx_word' id='word_1_417' title='bbox 2735 2988 3319 3055; x_wconf 89' lang='lat' dir='ltr'><strong>commendationis</strong></span> <span class='ocrx_word' id='word_1_418' title='bbox 3376 2988 3697 3055; x_wconf 88' lang='lat' dir='ltr'><strong>videatur.</strong></span> <span class='ocrx_word' id='word_1_419' title='bbox 3806 2989 4084 3057; x_wconf 83' lang='lat' dir='ltr'><strong>Penitus</strong></span> <span class='ocrx_word' id='word_1_420' title='bbox 4146 2992 4390 3057; x_wconf 88' lang='lat' dir='ltr'><strong>tacuis-</strong></span> 
     </span>
     <span class='ocr_line' id='line_1_58' title="bbox 2434 3075 4387 3160; baseline 0.001 -20"><span class='ocrx_word' id='word_1_421' title='bbox 2434 3096 2605 3152; x_wconf 88' lang='lat' dir='ltr'><strong>sem,</strong></span> <span class='ocrx_word' id='word_1_422' title='bbox 2680 3075 2807 3141; x_wconf 91' lang='lat' dir='ltr'><strong>nisi</strong></span> <span class='ocrx_word' id='word_1_423' title='bbox 2890 3075 3249 3140; x_wconf 84' lang='lat' dir='ltr'><strong>multorum</strong></span> <span class='ocrx_word' id='word_1_424' title='bbox 3326 3075 3582 3140; x_wconf 85' lang='lat' dir='ltr'><strong>animos</strong></span> <span class='ocrx_word' id='word_1_425' title='bbox 3654 3085 4035 3158; x_wconf 82' lang='lat' dir='ltr'><strong>occupasset</strong></span> <span class='ocrx_word' id='word_1_426' title='bbox 4110 3098 4316 3160; x_wconf 87' lang='lat' dir='ltr'><strong>prava</strong></span> <span class='ocrx_word' id='word_1_427' title='bbox 4340 3079 4387 3160; x_wconf 84' lang='lat'><strong>¹)</strong></span> 
     </span>
     <span class='ocr_line' id='line_1_59' title="bbox 2378 3155 4386 3264; baseline 0.001 -39"><span class='ocrx_word' id='word_1_428' title='bbox 2378 3155 2385 3264; x_wconf 68' lang='lat' dir='ltr'>j</span> <span class='ocrx_word' id='word_1_429' title='bbox 2474 3160 2755 3226; x_wconf 79' lang='lat' dir='ltr'><strong>uaedam</strong></span> <span class='ocrx_word' id='word_1_430' title='bbox 2799 3160 3037 3245; x_wconf 89' lang='lat' dir='ltr'><strong>opinio,</strong></span> <span class='ocrx_word' id='word_1_431' title='bbox 3082 3181 3158 3227; x_wconf 86' lang='lat' dir='ltr'><strong>ac</strong></span> <span class='ocrx_word' id='word_1_432' title='bbox 3201 3162 3335 3225; x_wconf 90' lang='lat' dir='ltr'><strong>iam</strong></span> <span class='ocrx_word' id='word_1_433' title='bbox 3378 3161 3759 3244; x_wconf 89' lang='lat' dir='ltr'><strong>praeiudicii</strong></span> <span class='ocrx_word' id='word_1_434' title='bbox 3795 3162 4008 3226; x_wconf 87' lang='lat' dir='ltr'><strong>locum</strong></span> <span class='ocrx_word' id='word_1_435' title='bbox 4045 3164 4386 3243; x_wconf 85' lang='lat' dir='ltr'><strong>obtineret,</strong></span> 
     </span>
     <span class='ocr_line' id='line_1_60' title="bbox 2379 3181 4388 3344; baseline 0.002 -33"><span class='ocrx_word' id='word_1_436' title='bbox 2379 3281 2384 3344; x_wconf 67' lang='grc' dir='ltr'>Ι</span> <span class='ocrx_word' id='word_1_437' title='bbox 2434 3181 2726 3312; x_wconf 63' lang='grc' dir='ltr'><strong>ἓο110000</strong></span> <span class='ocrx_word' id='word_1_438' title='bbox 2780 3246 3000 3313; x_wconf 87' lang='lat' dir='ltr'><strong>nullas</strong></span> <span class='ocrx_word' id='word_1_439' title='bbox 3042 3266 3185 3312; x_wconf 84' lang='lat' dir='ltr'><strong>esse</strong></span> <span class='ocrx_word' id='word_1_440' title='bbox 3238 3247 3311 3311; x_wconf 92' lang='lat' dir='ltr'><strong>in</strong></span> <span class='ocrx_word' id='word_1_441' title='bbox 3352 3246 3726 3330; x_wconf 89' lang='lat' dir='ltr'><strong>eloquentia</strong></span> <span class='ocrx_word' id='word_1_442' title='bbox 3768 3249 4081 3326; x_wconf 82' lang='lat' dir='ltr'><strong>virtutes,</strong></span> <span class='ocrx_word' id='word_1_443' title='bbox 4125 3250 4197 3314; x_wconf 92' lang='lat' dir='ltr'><strong>in</strong></span> <span class='ocrx_word' id='word_1_444' title='bbox 4238 3249 4388 3332; x_wconf 93' lang='lat' dir='ltr'><strong>phi-</strong></span> 
     </span>
     <span class='ocr_line' id='line_1_61' title="bbox 2431 3331 4387 3417; baseline 0.002 -21"><span class='ocrx_word' id='word_1_445' title='bbox 2431 3331 2732 3415; x_wconf 83' lang='lat' dir='ltr'><strong>losophia</strong></span> <span class='ocrx_word' id='word_1_446' title='bbox 2788 3353 3065 3397; x_wconf 90' lang='lat' dir='ltr'><strong>numero</strong></span> <span class='ocrx_word' id='word_1_447' title='bbox 3118 3353 3194 3397; x_wconf 87' lang='grc'><strong>00</strong></span> <span class='ocrx_word' id='word_1_448' title='bbox 3247 3332 3539 3415; x_wconf 85' lang='lat' dir='ltr'><strong>pondere</strong></span> <span class='ocrx_word' id='word_1_449' title='bbox 3595 3335 3900 3417; x_wconf 72' lang='lat' dir='ltr'><strong>exiguas,</strong></span> <span class='ocrx_word' id='word_1_450' title='bbox 3952 3355 4121 3416; x_wconf 88' lang='lat' dir='ltr'><strong>quae</strong></span> <span class='ocrx_word' id='word_1_451' title='bbox 4164 3342 4387 3401; x_wconf 89' lang='lat' dir='ltr'><strong>tamen</strong></span> 
     </span>
     <span class='ocr_line' id='line_1_62' title="bbox 2430 3416 4383 3498; baseline 0.002 -16"><span class='ocrx_word' id='word_1_452' title='bbox 2430 3418 2454 3482; x_wconf 92' lang='lat' dir='ltr'><strong>i</strong></span> <span class='ocrx_word' id='word_1_453' title='bbox 2536 3439 2613 3484; x_wconf 89' lang='grc'><strong>00</strong></span> <span class='ocrx_word' id='word_1_454' title='bbox 2656 3418 2830 3482; x_wconf 87' lang='lat' dir='ltr'><strong>inter</strong></span> <span class='ocrx_word' id='word_1_455' title='bbox 2850 3419 3014 3483; x_wconf 89' lang='lat' dir='ltr'><strong>vitia</strong></span> <span class='ocrx_word' id='word_1_456' title='bbox 3056 3416 3393 3483; x_wconf 88' lang='lat' dir='ltr'><strong>demersae</strong></span> <span class='ocrx_word' id='word_1_457' title='bbox 3436 3419 3700 3484; x_wconf 88' lang='lat' dir='ltr'><strong>lateant.</strong></span> <span class='ocrx_word' id='word_1_458' title='bbox 3767 3417 3881 3484; x_wconf 82' lang='lat' dir='ltr'><strong>Sic</strong></span> <span class='ocrx_word' id='word_1_459' title='bbox 3923 3419 4133 3498; x_wconf 89' lang='lat' dir='ltr'><strong>illum,</strong></span> <span class='ocrx_word' id='word_1_460' title='bbox 4180 3422 4383 3497; x_wconf 86' lang='lat' dir='ltr'><strong>aiunt,</strong></span> 
     </span>
     <span class='ocr_line' id='line_1_63' title="bbox 2431 3438 4387 3587; baseline 0.001 -19"><span class='ocrx_word' id='word_1_461' title='bbox 2431 3438 2885 3585; x_wconf 48' lang='lat' dir='ltr'><strong>&amp;intilianus</strong></span> <span class='ocrx_word' id='word_1_462' title='bbox 2928 3505 2999 3569; x_wconf 93' lang='lat' dir='ltr'><strong>in</strong></span> <span class='ocrx_word' id='word_1_463' title='bbox 3042 3505 3224 3568; x_wconf 91' lang='lat' dir='ltr'><strong>omni</strong></span> <span class='ocrx_word' id='word_1_464' title='bbox 3265 3502 3608 3587; x_wconf 89' lang='lat' dir='ltr'><strong>eloquendi</strong></span> <span class='ocrx_word' id='word_1_465' title='bbox 3735 3525 3892 3569; x_wconf 88' lang='lat' dir='ltr'><strong>nere</strong></span> <span class='ocrx_word' id='word_1_466' title='bbox 3936 3527 4017 3569; x_wconf 86' lang='lat' dir='ltr'><strong>ex</strong></span> <span class='ocrx_word' id='word_1_467' title='bbox 4060 3505 4387 3570; x_wconf 88' lang='lat' dir='ltr'><strong>industria</strong></span> 
     </span>
     <span class='ocr_line' id='line_1_64' title="bbox 2431 3525 4384 3674; baseline 0 -19"><span class='ocrx_word' id='word_1_468' title='bbox 2431 3589 2716 3669; x_wconf 88' lang='lat' dir='ltr'><strong>distulit,</strong></span> <span class='ocrx_word' id='word_1_469' title='bbox 2761 3597 2838 3654; x_wconf 93' lang='lat' dir='ltr'><strong>ut</strong></span> <span class='ocrx_word' id='word_1_470' title='bbox 2879 3589 3134 3673; x_wconf 91' lang='lat' dir='ltr'><strong>oblique</strong></span> <span class='ocrx_word' id='word_1_471' title='bbox 3185 3599 3591 3674; x_wconf 81' lang='lat' dir='ltr'><strong>expungeret</strong></span> <span class='ocrx_word' id='word_1_472' title='bbox 3647 3525 3733 3655; x_wconf 60' lang='grc' dir='ltr'><strong>ΞΣ</strong></span> <span class='ocrx_word' id='word_1_473' title='bbox 3779 3591 4133 3673; x_wconf 88' lang='lat' dir='ltr'><strong>proborum</strong></span> <span class='ocrx_word' id='word_1_474' title='bbox 4177 3592 4384 3674; x_wconf 89' lang='lat' dir='ltr'><strong>scrip-</strong></span> 
     </span>
     <span class='ocr_line' id='line_1_65' title="bbox 2431 3674 4384 3755; baseline 0 -14"><span class='ocrx_word' id='word_1_475' title='bbox 2431 3682 2646 3741; x_wconf 89' lang='lat' dir='ltr'><strong>torum</strong></span> <span class='ocrx_word' id='word_1_476' title='bbox 2692 3696 2984 3740; x_wconf 91' lang='lat' dir='ltr'><strong>numero.</strong></span> <span class='ocrx_word' id='word_1_477' title='bbox 3074 3674 3189 3741; x_wconf 79' lang='lat' dir='ltr'><strong>sio</strong></span> <span class='ocrx_word' id='word_1_478' title='bbox 3232 3675 3493 3741; x_wconf 85' lang='lat' dir='ltr'><strong>Gellius</strong></span> <span class='ocrx_word' id='word_1_479' title='bbox 3536 3676 3768 3742; x_wconf 90' lang='lat' dir='ltr'><strong>alienis</strong></span> <span class='ocrx_word' id='word_1_480' title='bbox 3811 3676 4060 3755; x_wconf 87' lang='lat' dir='ltr'><strong>verbis,</strong></span> <span class='ocrx_word' id='word_1_481' title='bbox 4106 3676 4221 3741; x_wconf 89' lang='lat' dir='ltr'><strong>sed</strong></span> <span class='ocrx_word' id='word_1_482' title='bbox 4264 3697 4384 3741; x_wconf 90' lang='lat' dir='ltr'><strong>suo</strong></span> 
     </span>
     <span class='ocr_line' id='line_1_66' title="bbox 2429 3761 4377 3845; baseline 0.001 -19"><span class='ocrx_word' id='word_1_483' title='bbox 2429 3763 2644 3845; x_wconf 82' lang='lat' dir='ltr'><strong>magis</strong></span> <span class='ocrx_word' id='word_1_484' title='bbox 2678 3761 2933 3840; x_wconf 90' lang='lat' dir='ltr'><strong>iudicio,</strong></span> <span class='ocrx_word' id='word_1_485' title='bbox 2972 3762 3358 3845; x_wconf 89' lang='lat' dir='ltr'><strong>scriptorem</strong></span> <span class='ocrx_word' id='word_1_486' title='bbox 3394 3763 3663 3827; x_wconf 88' lang='lat' dir='ltr'><strong>minime</strong></span> <span class='ocrx_word' id='word_1_487' title='bbox 3697 3761 3930 3827; x_wconf 90' lang='lat' dir='ltr'><strong>utilem</strong></span> <span class='ocrx_word' id='word_1_488' title='bbox 3966 3762 4377 3845; x_wconf 86' lang='lat' dir='ltr'><strong>pronunciat.</strong></span> 
     </span>
     <span class='ocr_line' id='line_1_67' title="bbox 2431 3846 4377 3932; baseline 0 -19"><span class='ocrx_word' id='word_1_489' title='bbox 2431 3848 2580 3932; x_wconf 83' lang='lat' dir='ltr'><strong>Ego</strong></span> <span class='ocrx_word' id='word_1_490' title='bbox 2616 3868 2772 3913; x_wconf 89' lang='lat' dir='ltr'><strong>vero</strong></span> <span class='ocrx_word' id='word_1_491' title='bbox 2806 3858 2883 3912; x_wconf 90' lang='lat' dir='ltr'><strong>ut</strong></span> <span class='ocrx_word' id='word_1_492' title='bbox 2917 3869 3050 3912; x_wconf 93' lang='lat' dir='ltr'><strong>non</strong></span> <span class='ocrx_word' id='word_1_493' title='bbox 3084 3846 3278 3931; x_wconf 91' lang='lat' dir='ltr'><strong>plane</strong></span> <span class='ocrx_word' id='word_1_494' title='bbox 3305 3849 3517 3912; x_wconf 88' lang='lat' dir='ltr'><strong>ausim</strong></span> <span class='ocrx_word' id='word_1_495' title='bbox 3553 3848 3847 3913; x_wconf 77' lang='lat' dir='ltr'><strong>refellere</strong></span> <span class='ocrx_word' id='word_1_496' title='bbox 3872 3846 4377 3928; x_wconf 76' lang='lat' dir='ltr'><strong>Quintilianum,</strong></span> 
     </span>
     <span class='ocr_line' id='line_1_68' title="bbox 2427 3932 4382 4017; baseline 0.001 -18"><span class='ocrx_word' id='word_1_497' title='bbox 2427 3934 2732 3999; x_wconf 89' lang='lat' dir='ltr'><strong>acerrimi</strong></span> <span class='ocrx_word' id='word_1_498' title='bbox 2783 3933 3118 3998; x_wconf 90' lang='lat' dir='ltr'><strong>hominem</strong></span> <span class='ocrx_word' id='word_1_499' title='bbox 3170 3954 3248 3999; x_wconf 90' lang='lat' dir='ltr'><strong>ac</strong></span> <span class='ocrx_word' id='word_1_500' title='bbox 3301 3934 3840 4017; x_wconf 87' lang='lat' dir='ltr'><strong>perspicacissimi</strong></span> <span class='ocrx_word' id='word_1_501' title='bbox 3882 3932 4134 4012; x_wconf 89' lang='lat' dir='ltr'><strong>iudicii,</strong></span> <span class='ocrx_word' id='word_1_502' title='bbox 4184 3933 4382 4000; x_wconf 90' lang='lat' dir='ltr'><strong>velim</strong></span> 
     </span>
     <span class='ocr_line' id='line_1_69' title="bbox 2428 4018 4381 4103; baseline 0.001 -19"><span class='ocrx_word' id='word_1_503' title='bbox 2428 4031 2653 4084; x_wconf 90' lang='lat' dir='ltr'><strong>tamen</strong></span> <span class='ocrx_word' id='word_1_504' title='bbox 2720 4027 2787 4083; x_wconf 89' lang='lat' dir='ltr'><strong>et</strong></span> <span class='ocrx_word' id='word_1_505' title='bbox 2849 4020 2962 4084; x_wconf 87' lang='lat' dir='ltr'><strong>isti</strong></span> <span class='ocrx_word' id='word_1_506' title='bbox 3038 4019 3417 4103; x_wconf 80' lang='lat' dir='ltr'><strong>intelligant</strong></span> <span class='ocrx_word' id='word_1_507' title='bbox 3487 4018 3969 4100; x_wconf 74' lang='lat' dir='ltr'><strong>Quintilianum</strong></span> <span class='ocrx_word' id='word_1_508' title='bbox 4046 4020 4381 4086; x_wconf 88' lang='lat' dir='ltr'><strong>hominem</strong></span> 
     </span>
     <span class='ocr_line' id='line_1_70' title="bbox 2429 4104 4378 4188; baseline 0 -17"><span class='ocrx_word' id='word_1_509' title='bbox 2429 4106 2661 4185; x_wconf 84' lang='lat' dir='ltr'><strong>fuisse,</strong></span> <span class='ocrx_word' id='word_1_510' title='bbox 2722 4112 2791 4171; x_wconf 92' lang='lat' dir='ltr'><strong>et</strong></span> <span class='ocrx_word' id='word_1_511' title='bbox 2845 4126 2978 4170; x_wconf 89' lang='lat' dir='ltr'><strong>non</strong></span> <span class='ocrx_word' id='word_1_512' title='bbox 3036 4106 3196 4171; x_wconf 85' lang='lat' dir='ltr'><strong>satis</strong></span> <span class='ocrx_word' id='word_1_513' title='bbox 3248 4104 3422 4170; x_wconf 90' lang='lat' dir='ltr'><strong>bona</strong></span> <span class='ocrx_word' id='word_1_514' title='bbox 3473 4104 3601 4170; x_wconf 89' lang='lat' dir='ltr'><strong>fide</strong></span> <span class='ocrx_word' id='word_1_515' title='bbox 3656 4106 3868 4188; x_wconf 83' lang='lat' dir='ltr'><strong>egisse</strong></span> <span class='ocrx_word' id='word_1_516' title='bbox 3911 4126 4060 4171; x_wconf 81' lang='lat' dir='ltr'><strong>cum</strong></span> <span class='ocrx_word' id='word_1_517' title='bbox 4106 4104 4378 4183; x_wconf 84' lang='lat' dir='ltr'><strong>Seneca,</strong></span> 
     </span>
     <span class='ocr_line' id='line_1_71' title="bbox 2431 4190 4423 4273; baseline 0 -16"><span class='ocrx_word' id='word_1_518' title='bbox 2431 4200 2546 4257; x_wconf 90' lang='lat' dir='ltr'><strong>aut</strong></span> <span class='ocrx_word' id='word_1_519' title='bbox 2589 4199 2768 4257; x_wconf 90' lang='lat' dir='ltr'><strong>certe</strong></span> <span class='ocrx_word' id='word_1_520' title='bbox 2812 4212 2968 4257; x_wconf 89' lang='lat' dir='ltr'><strong>suas</strong></span> <span class='ocrx_word' id='word_1_521' title='bbox 3012 4190 3439 4257; x_wconf 89' lang='lat' dir='ltr'><strong>contumelias</strong></span> <span class='ocrx_word' id='word_1_522' title='bbox 3480 4199 3970 4273; x_wconf 78' lang='lat' dir='ltr'><strong>pei-sequutum.</strong></span> <span class='ocrx_word' id='word_1_523' title='bbox 4039 4191 4213 4256; x_wconf 88' lang='lat' dir='ltr'><strong>Nam</strong></span> <span class='ocrx_word' id='word_1_524' title='bbox 4258 4190 4381 4257; x_wconf 81' lang='lat' dir='ltr'><strong>Se-</strong></span> <span class='ocrx_word' id='word_1_525' title='bbox 4418 4257 4423 4264; x_wconf 81' lang='grc'><strong>,</strong></span> 
     </span>
     <span class='ocr_line' id='line_1_72' title="bbox 2430 4274 4379 4361; baseline -0.001 -18"><span class='ocrx_word' id='word_1_526' title='bbox 2430 4299 2595 4345; x_wconf 90' lang='lat' dir='ltr'><strong>neca</strong></span> <span class='ocrx_word' id='word_1_527' title='bbox 2636 4297 2870 4361; x_wconf 88' lang='lat' dir='ltr'><strong>parum</strong></span> <span class='ocrx_word' id='word_1_528' title='bbox 2903 4277 3259 4343; x_wconf 90' lang='lat' dir='ltr'><strong>honorifice</strong></span> <span class='ocrx_word' id='word_1_529' title='bbox 3292 4278 3604 4343; x_wconf 87' lang='lat' dir='ltr'><strong>tractavit</strong></span> <span class='ocrx_word' id='word_1_530' title='bbox 3637 4297 3859 4341; x_wconf 91' lang='lat' dir='ltr'><strong>senem</strong></span> <span class='ocrx_word' id='word_1_531' title='bbox 3895 4274 4379 4358; x_wconf 76' lang='lat' dir='ltr'><strong>Quintilianum</strong></span> 
     </span>
     <span class='ocr_line' id='line_1_73' title="bbox 2430 4361 4379 4443; baseline 0 -15"><span class='ocrx_word' id='word_1_532' title='bbox 2430 4366 2504 4428; x_wconf 92' lang='lat' dir='ltr'><strong>in</strong></span> <span class='ocrx_word' id='word_1_533' title='bbox 2557 4361 3170 4440; x_wconf 88' lang='lat' dir='ltr'><strong>declamationibus,</strong></span> <span class='ocrx_word' id='word_1_534' title='bbox 3232 4370 3300 4427; x_wconf 87' lang='lat' dir='ltr'><strong>et</strong></span> <span class='ocrx_word' id='word_1_535' title='bbox 3340 4363 3537 4427; x_wconf 91' lang='lat' dir='ltr'><strong>huius</strong></span> <span class='ocrx_word' id='word_1_536' title='bbox 3582 4361 3978 4443; x_wconf 89' lang='lat' dir='ltr'><strong>Quintiliani</strong></span> <span class='ocrx_word' id='word_1_537' title='bbox 4021 4362 4379 4428; x_wconf 86' lang='lat' dir='ltr'><strong>luminibus</strong></span> 
     </span>
     <span class='ocr_line' id='line_1_74' title="bbox 2430 4445 4379 4531; baseline -0.002 -15"><span class='ocrx_word' id='word_1_538' title='bbox 2430 4449 2825 4516; x_wconf 86' lang='lat' dir='ltr'><strong>obstruebat.</strong></span> <span class='ocrx_word' id='word_1_539' title='bbox 2899 4446 3096 4530; x_wconf 91' lang='lat' dir='ltr'><strong>Quod</strong></span> <span class='ocrx_word' id='word_1_540' title='bbox 3139 4448 3342 4514; x_wconf 77' lang='lat' dir='ltr'><strong>Gellii</strong></span> <span class='ocrx_word' id='word_1_541' title='bbox 3386 4446 3728 4531; x_wconf 89' lang='lat' dir='ltr'><strong>splendida</strong></span> <span class='ocrx_word' id='word_1_542' title='bbox 3760 4447 3909 4514; x_wconf 92' lang='lat' dir='ltr'><strong>bilis</strong></span> <span class='ocrx_word' id='word_1_543' title='bbox 3952 4448 4022 4513; x_wconf 92' lang='lat' dir='ltr'><strong>in</strong></span> <span class='ocrx_word' id='word_1_544' title='bbox 4059 4445 4379 4514; x_wconf 84' lang='lat' dir='ltr'><strong>Senecam</strong></span> 
     </span>
     <span class='ocr_line' id='line_1_75' title="bbox 2431 4533 4382 4619; baseline -0.001 -19"><span class='ocrx_word' id='word_1_545' title='bbox 2431 4534 2751 4612; x_wconf 87' lang='lat' dir='ltr'><strong>effuderit,</strong></span> <span class='ocrx_word' id='word_1_546' title='bbox 2795 4535 2851 4600; x_wconf 89' lang='lat' dir='ltr'><strong>si</strong></span> <span class='ocrx_word' id='word_1_547' title='bbox 2882 4534 2995 4600; x_wconf 90' lang='lat' dir='ltr'><strong>isti</strong></span> <span class='ocrx_word' id='word_1_548' title='bbox 3026 4555 3144 4619; x_wconf 88' lang='lat' dir='ltr'><strong>pro</strong></span> <span class='ocrx_word' id='word_1_549' title='bbox 3180 4555 3253 4600; x_wconf 89' lang='lat' dir='ltr'><strong>re</strong></span> <span class='ocrx_word' id='word_1_550' title='bbox 3286 4542 3618 4617; x_wconf 88' lang='lat' dir='ltr'><strong>comperta</strong></span> <span class='ocrx_word' id='word_1_551' title='bbox 3651 4533 3916 4612; x_wconf 88' lang='lat' dir='ltr'><strong>ducunt,</strong></span> <span class='ocrx_word' id='word_1_552' title='bbox 3953 4534 4382 4600; x_wconf 90' lang='lat' dir='ltr'><strong>vehementer</strong></span> 
     </span>
     <span class='ocr_line' id='line_1_76' title="bbox 2431 4619 4376 4702; baseline 0 -17"><span class='ocrx_word' id='word_1_553' title='bbox 2431 4627 2674 4685; x_wconf 91' lang='lat' dir='ltr'><strong>errant.</strong></span> <span class='ocrx_word' id='word_1_554' title='bbox 2763 4620 2975 4685; x_wconf 91' lang='lat' dir='ltr'><strong>Nemo</strong></span> <span class='ocrx_word' id='word_1_555' title='bbox 3031 4641 3192 4685; x_wconf 90' lang='lat' dir='ltr'><strong>sanc</strong></span> <span class='ocrx_word' id='word_1_556' title='bbox 3234 4626 3336 4686; x_wconf 88' lang='lat' dir='ltr'><strong>est</strong></span> <span class='ocrx_word' id='word_1_557' title='bbox 3377 4619 3484 4702; x_wconf 89' lang='lat' dir='ltr'><strong>qui</strong></span> <span class='ocrx_word' id='word_1_558' title='bbox 3531 4640 3663 4684; x_wconf 91' lang='lat' dir='ltr'><strong>non</strong></span> <span class='ocrx_word' id='word_1_559' title='bbox 3700 4620 3951 4698; x_wconf 90' lang='lat' dir='ltr'><strong>videat,</strong></span> <span class='ocrx_word' id='word_1_560' title='bbox 4012 4640 4210 4702; x_wconf 90' lang='lat' dir='ltr'><strong>quam</strong></span> <span class='ocrx_word' id='word_1_561' title='bbox 4255 4620 4376 4685; x_wconf 91' lang='lat' dir='ltr'><strong>im-</strong></span> 
     </span>
     <span class='ocr_line' id='line_1_77' title="bbox 2429 4703 4377 4790; baseline 0 -19"><span class='ocrx_word' id='word_1_562' title='bbox 2429 4706 2683 4790; x_wconf 87' lang='lat' dir='ltr'><strong>potenti</strong></span> <span class='ocrx_word' id='word_1_563' title='bbox 2738 4703 2918 4771; x_wconf 89' lang='lat' dir='ltr'><strong>rabie</strong></span> <span class='ocrx_word' id='word_1_564' title='bbox 2973 4706 3043 4770; x_wconf 89' lang='lat' dir='ltr'><strong>in</strong></span> <span class='ocrx_word' id='word_1_565' title='bbox 3098 4727 3248 4771; x_wconf 92' lang='lat' dir='ltr'><strong>eum</strong></span> <span class='ocrx_word' id='word_1_566' title='bbox 3302 4705 3579 4783; x_wconf 84' lang='lat' dir='ltr'><strong>feratur,</strong></span> <span class='ocrx_word' id='word_1_567' title='bbox 3637 4706 3759 4771; x_wconf 87' lang='lat' dir='ltr'><strong>hac</strong></span> <span class='ocrx_word' id='word_1_568' title='bbox 3804 4705 3874 4786; x_wconf 83' lang='grc'><strong>111</strong></span> <span class='ocrx_word' id='word_1_569' title='bbox 3918 4712 4103 4789; x_wconf 89' lang='lat' dir='ltr'><strong>parte</strong></span> <span class='ocrx_word' id='word_1_570' title='bbox 4147 4713 4377 4773; x_wconf 81' lang='lat' dir='ltr'><strong>contu-</strong></span> 
     </span>
     <span class='ocr_line' id='line_1_78' title="bbox 2428 4790 4378 4877; baseline -0.001 -20"><span class='ocrx_word' id='word_1_571' title='bbox 2428 4792 2739 4858; x_wconf 90' lang='lat' dir='ltr'><strong>meliosus</strong></span> <span class='ocrx_word' id='word_1_572' title='bbox 2781 4792 3011 4877; x_wconf 86' lang='lat' dir='ltr'><strong>magis,</strong></span> <span class='ocrx_word' id='word_1_573' title='bbox 3056 4811 3255 4874; x_wconf 90' lang='lat' dir='ltr'><strong>quam</strong></span> <span class='ocrx_word' id='word_1_574' title='bbox 3297 4792 3538 4875; x_wconf 81' lang='lat' dir='ltr'><strong>gravis.</strong></span> <span class='ocrx_word' id='word_1_575' title='bbox 3618 4790 3833 4866; x_wconf 83' lang='lat' dir='ltr'><strong>Certe,</strong></span> <span class='ocrx_word' id='word_1_576' title='bbox 3879 4796 4211 4874; x_wconf 89' lang='lat' dir='ltr'><strong>utcunque</strong></span> <span class='ocrx_word' id='word_1_577' title='bbox 4246 4791 4378 4855; x_wconf 80' lang='lat' dir='ltr'><strong>Fa-</strong></span> 
     </span>
     <span class='ocr_line' id='line_1_79' title="bbox 2427 4875 4379 4959; baseline -0.001 -17"><span class='ocrx_word' id='word_1_578' title='bbox 2427 4876 2579 4943; x_wconf 88' lang='lat' dir='ltr'><strong>bius</strong></span> <span class='ocrx_word' id='word_1_579' title='bbox 2635 4899 2711 4943; x_wconf 90' lang='lat' dir='ltr'><strong>ac</strong></span> <span class='ocrx_word' id='word_1_580' title='bbox 2756 4876 3015 4944; x_wconf 77' lang='lat' dir='ltr'><strong>Gellius</strong></span> <span class='ocrx_word' id='word_1_581' title='bbox 3070 4876 3398 4943; x_wconf 90' lang='lat' dir='ltr'><strong>senserint</strong></span> <span class='ocrx_word' id='word_1_582' title='bbox 3411 4928 3426 4955; x_wconf 93' lang='lat'><strong>,</strong></span> <span class='ocrx_word' id='word_1_583' title='bbox 3471 4877 3713 4959; x_wconf 84' lang='lat' dir='ltr'><strong>posteri</strong></span> <span class='ocrx_word' id='word_1_584' title='bbox 3758 4885 3977 4942; x_wconf 89' lang='lat' dir='ltr'><strong>tamen</strong></span> <span class='ocrx_word' id='word_1_585' title='bbox 3993 4928 4010 4954; x_wconf 90' lang='lat'><strong>,</strong></span> <span class='ocrx_word' id='word_1_586' title='bbox 4056 4877 4168 4958; x_wconf 91' lang='lat' dir='ltr'><strong>qui</strong></span> <span class='ocrx_word' id='word_1_587' title='bbox 4212 4875 4379 4942; x_wconf 89' lang='lat' dir='ltr'><strong>citra</strong></span> 
     </span>
     <span class='ocr_line' id='line_1_80' title="bbox 2428 4961 4377 5045; baseline -0.002 -16"><span class='ocrx_word' id='word_1_588' title='bbox 2428 4964 2703 5031; x_wconf 83' lang='lat' dir='ltr'><strong>livorem</strong></span> <span class='ocrx_word' id='word_1_589' title='bbox 2769 4984 2844 5028; x_wconf 95' lang='grc'><strong>00</strong></span> <span class='ocrx_word' id='word_1_590' title='bbox 2900 4961 3195 5029; x_wconf 91' lang='lat' dir='ltr'><strong>studium</strong></span> <span class='ocrx_word' id='word_1_591' title='bbox 3210 5014 3226 5042; x_wconf 94' lang='lat'>‚</span> <span class='ocrx_word' id='word_1_592' title='bbox 3302 4983 3466 5045; x_wconf 90' lang='lat' dir='ltr'><strong>quae</strong></span> <span class='ocrx_word' id='word_1_593' title='bbox 3521 4962 3649 5027; x_wconf 91' lang='lat' dir='ltr'><strong>duo</strong></span> <span class='ocrx_word' id='word_1_594' title='bbox 3704 4983 3856 5028; x_wconf 90' lang='lat' dir='ltr'><strong>cum</strong></span> <span class='ocrx_word' id='word_1_595' title='bbox 3913 4962 4186 5027; x_wconf 87' lang='lat' dir='ltr'><strong>veritate</strong></span> <span class='ocrx_word' id='word_1_596' title='bbox 4242 4962 4377 5026; x_wconf 85' lang='lat' dir='ltr'><strong>fere</strong></span> 
     </span>
    </p>
   </div>
   <div class='ocr_carea' id='block_1_5' title="bbox 2378 2206 2391 3124">
    <p class='ocr_par' dir='ltr' id='par_1_8' title="bbox 2378 2206 2391 3124">
     <span class='ocr_line' id='line_1_81' title="bbox 2378 2206 2391 3124; baseline 0 0"><span class='ocrx_word' id='word_1_597' title='bbox 2378 2206 2391 3124; x_wconf 95' lang='lat' dir='ltr'><strong> </strong></span> 
     </span>
    </p>
   </div>
   <div class='ocr_carea' id='block_1_6' title="bbox 2566 5129 2827 5137">
    <p class='ocr_par' dir='ltr' id='par_1_9' title="bbox 2566 5129 2827 5137">
     <span class='ocr_line' id='line_1_82' title="bbox 2566 5129 2827 5137; baseline -0.008 -1"><span class='ocrx_word' id='word_1_598' title='bbox 2566 5129 2827 5137; x_wconf 56' lang='lat' dir='ltr'><strong>—W-</strong></span> 
     </span>
    </p>
   </div>
   <div class='ocr_carea' id='block_1_7' title="bbox 2369 3357 2391 5294">
    <p class='ocr_par' dir='ltr' id='par_1_10' title="bbox 2369 3357 2391 5294">
     <span class='ocr_line' id='line_1_83' title="bbox 2369 3357 2391 5294; baseline 0 0"><span class='ocrx_word' id='word_1_599' title='bbox 2369 3357 2391 5294; x_wconf 95' lang='lat' dir='ltr'><strong> </strong></span> 
     </span>
    </p>
   </div>
   <div class='ocr_carea' id='block_1_8' title="bbox 2569 5233 3968 5368">
    <p class='ocr_par' dir='ltr' id='par_1_11' title="bbox 2569 5233 3968 5368">
     <span class='ocr_line' id='line_1_84' title="bbox 2569 5233 3968 5368; baseline -0.002 -77"><span class='ocrx_word' id='word_1_600' title='bbox 2569 5236 2627 5302; x_wconf 87' lang='lat'><strong>1)</strong></span> <span class='ocrx_word' id='word_1_601' title='bbox 2668 5235 2779 5290; x_wconf 73' lang='lat' dir='ltr'><strong>Ea.</strong></span> <span class='ocrx_word' id='word_1_602' title='bbox 2811 5237 3099 5305; x_wconf 66' lang='lat' dir='ltr'><strong>princepe.-</strong></span> <span class='ocrx_word' id='word_1_603' title='bbox 3135 5233 3331 5304; x_wconf 66' lang='lat' dir='ltr'><strong>parva?</strong></span> <span class='ocrx_word' id='word_1_604' title='bbox 3902 5315 3968 5368; x_wconf 60' lang='lat'><strong>1·</strong></span> 
     </span>
    </p>
   </div>
  </div>
 </body>
</html>
