4984 5975
658 294 773 355 107
2294 281 2422 385 DE
2470 280 3017 347 CLEMENTIA
3641 313 3647 330 ·
4520 284 4625 345 108

654 502 783 546 non
827 480 899 543 in
925 479 1251 544 concione
1298 466 1696 559 appellatum
1735 494 1804 537 se
1848 470 2199 555 praedicat.
2267 466 2445 533 Sane
2489 468 2603 550 qui
2705 468 2807 533 tis.
2909 466 3284 533 Redeamus
3344 468 3429 533 ad
3482 468 3820 534 Senecam.
3924 466 4109 532 Dicit
4164 469 4362 552 igitur
4409 463 4630 533 nome'n

653 566 814 632 adeo
855 566 1058 630 iactat
1102 564 1470 640 histriense,
1517 581 1652 623 non
1686 561 1811 623 fuit
1856 555 2449 640 praetermissurus
2472 554 2600 620 Ca-
2704 555 2909 636 patris
2965 555 3211 636 patriae
3267 573 3404 617 non
3469 576 3609 620 esse
3668 554 4050 636 impositum
4114 552 4499 619 Caesaribus
4560 553 4631 618 ab

652 660 899 727 tonem,
959 651 1195 732 alioqui
1250 668 1471 712 rerum
1517 666 1785 710 suarum
1837 640 2137 707 laudator
2192 641 2597 723 magnificus.
2706 640 3235 717 assentatoribus,
3282 639 3395 705 sed
3443 647 3513 704 ut
3556 639 3834 723 populus
3879 639 4256 704 ostenderet
4298 639 4464 703 nihil
4501 639 4632 722 plus

653 736 915 804 Similia
957 733 1277 818 quaedam
1321 732 1544 797 videre
1590 736 1690 795 est
1723 729 1899 812 apud
1933 726 2387 804 Plutarchum,
2433 745 2602 806 quae
2706 726 2780 796 in
2823 746 2893 790 se
2936 724 3133 789 licere
3168 726 3590 807 principibus,
3638 747 3833 808 quam
3873 726 4258 808 parentibus
4290 725 4360 789 in
4395 724 4630 790 liberos.

654 822 937 888 hominis
998 821 1348 885 autoritate
1429 817 1639 900 magis
1696 837 1892 898 quam
1947 812 2258 877 historiae
2324 812 2603 875 veritate
2878 810 3147 894 Magnos
3202 816 3258 875 et
3304 811 3513 891 felices
3566 816 3621 875 et
3677 809 3998 897 anqustos]
4058 812 4350 894 Augusti
4415 830 4633 893 cogne-

651 908 1025 984 fulciantur,
1073 914 1146 971 ut
1179 926 1383 989 quum
1417 903 1644 969 scribit
1677 901 2062 967 Ciceronem
2098 919 2166 961 se
2202 917 2407 978 usque
2442 895 2603 960 adeo
2706 916 2861 960 men
2913 897 3094 979 quasi
3160 896 3673 961 haereditarium
3740 897 3822 961 ab
3878 894 4154 961 Octavio
4214 895 4297 960 ad
4361 905 4634 978 postems

653 993 1051 1059 adulescenti
1116 990 1391 1057 Octavio
1458 987 1836 1064 subiecisse,
1919 991 1995 1048 ut
2049 1005 2200 1048 eum
2255 980 2603 1064 aliquando
2704 981 3128 1064 imperatores
3165 981 3536 1048 derivatum
3571 992 3684 1050 est.
3754 981 4176 1064 Tranquillus
4210 982 4283 1045 in
4318 982 4458 1046 eius
4486 983 4631 1045 vita:

652 1089 910 1164 patrem
964 1077 1423 1161 appellaverit:
1479 1084 1544 1140 et
1601 1072 1907 1137 continuo
1964 1069 2252 1135 subiicit:
2322 1069 2430 1131 Ex
2475 1088 2602 1149 quo
2703 1067 2945 1131 Postea
2987 1066 3059 1132 C.
3109 1067 3427 1145 Caesaris,
3470 1066 3704 1132 deinde
3738 1068 4030 1150 Augusti
4074 1089 4315 1132 nomen
4359 1087 4636 1149 assump-

655 1165 1071 1230 stomachans
1113 1164 1362 1227 Brutus
1415 1162 1487 1224 in
1531 1158 1846 1242 Epistolis
1891 1156 1975 1221 ad
2002 1156 2295 1220 Atticum
2341 1152 2602 1217 Cicero-
2652 1211 2657 1238 ἰ
2707 1154 2818 1230 sit,
2874 1152 3156 1217 alterum
3208 1161 3598 1218 testamento
3654 1153 3919 1217 maioris
3974 1152 4314 1230 avunculi,
4372 1152 4636 1216 alterum

655 1272 810 1315 nem
852 1252 1167 1331 increpat,
1214 1246 1390 1331 quod
1426 1244 1700 1310 Antonii
1745 1253 1926 1308 metu
1965 1241 2232 1306 Caesari
2273 1238 2611 1303 blandiens
2652 1249 2657 1314 ξ
2706 1238 3001 1302 Numatii
3044 1238 3276 1304 Planci
3313 1240 3660 1316 sententia,
3706 1259 3911 1321 quum
3951 1238 4341 1321 quibusdam
4364 1240 4638 1304 'censen-

654 1358 786 1401 non
822 1336 1110 1401 libertati
1150 1333 1434 1410 studere,
1483 1331 1598 1395 sed
1635 1328 2065 1394 domesticum
2106 1325 2227 1391 sibi
2270 1323 2611 1388 dominum
2653 1333 2659 1480 Ι
2708 1324 2884 1388 tibus
2933 1324 3291 1388 Romulum
3337 1324 3654 1408 appellari
3699 1333 4029 1406 oportere,
4073 1323 4271 1406 'quasi
4325 1331 4392 1387 et
4443 1324 4641 1407 ipsum

653 1423 868 1487 facere
913 1421 1262 1485 videret-ur.
1340 1421 1433 1483 At
1476 1437 1632 1482 vero
1676 1415 1870 1498 longe
1914 1410 2093 1478 aliud
2137 1420 2374 1476 sonant
2411 1409 2611 1474 verba
2688 1409 3113 1474 conditorem
3157 1411 3367 1487 urbis(
3404 1410 3892 1491 praevaluisset,
3941 1420 4012 1473 ut
4055 1411 4165 1474 Au
4259 1417 4402 1474 stus
4445 1409 4641 1491 potius

654 1509 856 1573 Bruti
897 1508 965 1571 in
1004 1505 1277 1587 epistola
1311 1504 1392 1569 ad
1435 1503 1746 1567 Atticum.
1818 1498 2140 1582 Appellet,
2178 1496 2405 1578 inquit,
2449 1515 2604 1577 ergo
2655 1511 2659 1532 ’
2710 1504 3072 1573 vocaretur,
3098 1503 3214 1559 etc.
3280 1495 3479 1560 Verbi
3525 1505 3792 1580 etymon
3836 1504 3986 1577 pete
4029 1517 4113 1559 ex
4217 1494 4407 1574 vidie,
4449 1495 4641 1577 primo

654 1602 908 1677 patrem
973 1593 1124 1658 licet
1188 1590 1502 1657 Octavius
1566 1586 1981 1663 Ciceronem,
2057 1584 2302 1648 referat
2366 1582 2602 1658 omnia,
2654 1541 2659 1704 Ι
2710 1580 3091 1660 Fastorum,
3153 1590 3220 1645 et
3273 1581 3508 1646 Servio
3560 1581 3632 1645 in
3687 1581 3806 1645 IV.
3865 1589 4207 1646 comment.
4268 1580 4640 1664 Georgicon.

655 1678 908 1757 laudet,
968 1679 1213 1762 gratias
1271 1684 1454 1760 agat,
1509 1681 1730 1738 tamen
1776 1668 1941 1736 illud
1984 1665 2347 1753 apparebit,
2408 1665 2607 1731 verba
2656 1719 2661 1754 :
2709 1665 2953 1731 Felicis
2997 1687 3254 1745 nomen,
3300 1666 3472 1749 quod
3516 1666 3807 1750 legerim,
3853 1666 4102 1749 primus
4147 1664 4270 1730 sibi
4314 1664 4645 1747 adscripsit

655 1763 849 1830 rebus
916 1784 1058 1829 esse
1122 1763 1468 1830 contraria.
1558 1757 1874 1824 Eiusdem
1929 1755 2201 1820 rationis
2241 1758 2373 1830 est,
2431 1750 2607 1834 quod
2654 1759 2660 1830 Ι
2710 1752 2789 1815 L.
2838 1748 3055 1837 Syna,
3112 1753 3388 1836 publicis
3444 1751 3728 1817 miseriis
3787 1752 4172 1834 quaesitum.
4262 1752 4441 1816 Hinc
4498 1749 4644 1815 illud

655 1851 942 1915 affirmat
1001 1849 1382 1914 Ciceronem
1439 1867 1641 1928 quum
1697 1856 1964 1908 senatus
2021 1841 2142 1905 sibi
2201 1837 2607 1919 triumphum
2709 1835 3018 1926 probrose
3061 1838 3407 1914 iactatum:
3450 1841 3459 1846 “

655 1958 740 2002 ex
795 1935 1132 2019 provincia
1189 1933 1490 1998 redeunti
1536 1931 1938 2005 decerneret,
1999 1923 2434 2008 respondisse,
2479 1922 2605 1988 sibi
2915 1941 3113 2008 Aspice
3149 1940 3361 1994 felicem
3397 1941 3512 2009 sibi,
3549 1957 3656 1994 110„
3693 1940 3806 2008 tibi,
3846 1939 4088 2007 Romule,
4126 1938 4344 2008 synam,

658 2024 909 2107 gratius
963 2025 1103 2085 fore
1158 2018 1566 2102 triumphum
1634 2014 1933 2084 020821‘58
2001 2012 2199 2093 sequi·
2313 2010 2609 2091 Apparet
2654 2055 2659 2076 =
2886 2026 3093 2107 Prope
3133 2031 3225 2090 est
3265 2030 3335 2090 ut
3376 2025 3629 2091 libenter
3671 2026 3938 2105 damnet,
3993 2025 4104 2106 qui
4147 2022 4290 2111 cito]
4353 2023 4431 2091 Si
4489 2026 4648 2090 enim

658 2115 880 2174 autem
917 2129 999 2172 01
1044 2105 1261 2170 Verbis
1284 2102 1637 2179 Ciceronis,
1682 2101 1900 2183 ipsum
1937 2110 2004 2163 et
2038 2095 2274 2179 Cupide
2313 2102 2457 2193 [pag.
2482 2099 2601 2191 ,99]
2709 2113 2778 2175 in
2832 2109 3177 2176 iudicando
3233 2112 3583 2177 criminosa
3637 2119 3738 2177 est
3790 2110 4123 2190 celeritas,
4195 2118 4391 2193 atque
4448 2121 4519 2175 ut
4567 2110 4649 2175 ait

659 2195 1011 2277 appetisse,
1068 2201 1136 2256 et
1178 2190 1468 2255 oblatum
1511 2207 1648 2252 non
1691 2186 2047 2268 respuisse,
2101 2181 2218 2247 sed
2274 2179 2606 2245 distulisse
2710 2197 3046 2262 Iuvenalis
3091 2196 3339 2282 Satyra
3379 2197 3530 2261 VI.:

661 2301 851 2345 suam
899 2299 1078 2362 spem
1087 2328 1110 2366 ,
1168 2296 1295 2358 quo
1337 2275 1572 2339 maiori
1613 2279 1933 2355 apparatu
1980 2267 2444 2349 triumpharet,
2504 2286 2607 2329 re-

659 2365 780 2430 bus
846 2363 1115 2430 urbanis
1171 2361 1545 2443 compositis
1609 2370 1676 2422 et
1737 2355 1961 2422 sedata
2026 2353 2356 2420 seditione.
2466 2351 2607 2415 Nec

659 2458 815 2516 ante
856 2449 1260 2515 voluntatem
1315 2445 1575 2523 abiecit,
1633 2464 1832 2526 quam
1891 2434 2268 2523 transfugit?
2282 2436 2366 2503 ad
2407 2438 2608 2502 Pom-

659 2539 904 2620 peium:
964 2537 1204 2619 quippe
1257 2534 1338 2599 de
1389 2529 1756 2614 sumptibus
1823 2546 2219 2611 magnopere
2272 2523 2607 2600 sollicitus,
2658 2553 2661 2562 ·

659 2632 728 2688 et
770 2629 1039 2688 ornatus
1093 2619 1429 2686 lictoribus
1484 2616 1812 2682 laureatis.
1901 2613 2125 2678 Nolim
2175 2610 2340 2674 mihi
2384 2607 2610 2674 creda-

659 2718 796 2773 tur:
862 2707 1018 2772 audi
1092 2707 1312 2788 ipsum
1377 2703 1782 2769 Ciceronem.
1897 2699 2197 2763 Primum
2254 2695 2421 2759 libro
2487 2693 2607 2757 VI.

660 2793 1109 2877 Epistolarum
1167 2789 1487 2855 deliberat
1539 2808 1690 2853 eum
1732 2785 1985 2850 Attico:
2045 2781 2330 2858 Videris,
2374 2782 2611 2861 inquit,

662 2878 817 2961 quid
853 2877 1038 2942 nobis
1075 2876 1155 2940 de
1191 2873 1527 2956 triumpho
1567 2868 1988 2954 cogitandum
2024 2874 2241 2950 putes:
2290 2864 2374 2929 ad
2417 2885 2615 2947 quem

662 2964 854 3030 amici
890 2985 997 3028 me
1037 2968 1294 3028 vocant.
1365 2960 1531 3043 Ege,
1576 2956 1706 3022 nisi
1747 2953 2045 3033 Bibulus,
2090 2954 2202 3036 qui
2248 2950 2404 3016 dum
2441 2969 2613 3015 unus

663 3050 900 3132 hospes
937 3053 987 3131 ¹)
1042 3048 1112 3111 in
1172 3045 1371 3131 Syria
1413 3047 1565 3122 fuit,
1623 3041 1854 3125 pedem
1896 3052 2085 3121 porta
2129 3060 2261 3103 non
2303 3037 2452 3120 plus
2498 3056 2614 3099 ex-

664 3135 846 3212 tulit,
893 3154 1089 3217 quam
1134 3132 1327 3196 domo
1372 3152 1517 3205 sua,
1572 3128 2024 3202 admiraretur,
2042 3125 2100 3209 2)
2155 3123 2236 3187 de
2282 3121 2612 3204 triumpho

666 3241 873 3303 aequo
910 3219 1134 3285 animo
1157 3238 1386 3293 essem,
1426 3237 1602 3280 nunc
1627 3234 1782 3278 vero
1817 3209 2065 3295 αἰσχρὰν
2100 3212 2355 3301 σιωπᾷν.
2407 3210 2613 3274 Libro

664 3306 852 3370 VIL:
908 3306 1010 3370 Tu
1057 3312 1278 3369 autem
1322 3303 1402 3366 de
1443 3312 1668 3367 nostro
1712 3311 1887 3363 statu
1933 3297 2278 3381 cogitabis,
2325 3296 2612 3378 primum

666 3414 792 3476 quo
829 3391 1103 3457 artificio
1127 3399 1433 3454 tueamur
1468 3385 1990 3453 benevolentiam
2013 3384 2338 3461 Caesaris,
2377 3379 2615 3446 deinde

665 3479 746 3548 de
788 3479 929 3561 ipso
962 3474 1316 3557 triumpho,
1362 3494 1560 3557 quem
1593 3472 1806 3549 video,
1847 3470 1978 3534 nisi
2018 3467 2410 3552 reipublicae
2445 3476 2614 3531 tem-

665 3586 826 3649 pora
857 3562 1237 3646 impedient,
1283 3558 1656 3642 εὐπόριστον.
1714 3558 1911 3622 Item:
1962 3554 2223 3654 Scripsi·
2248 3553 2332 3620 ad
2367 3554 2614 3618 Teren-

665 3655 844 3727 tiam’
890 3648 1123 3731 soriPSi
1166 3647 1363 3712 etim
1406 3645 1487 3710 ad
1531 3646 1746 3733 -ipsum
1791 3664 1915 3721 me’
1946 3640 2273 3741 ,quifliqmd
2318 3652 2536 3741 Posset
2554 3638 2612 3722 ⁸)
2716 3673 2907 3737 illum
2946 3673 3019 3738 in
3062 3673 3450 3738 servitutem
3493 3674 3738 3756 coepit:
3793 3671 4094 3755 producit
4147 3680 4346 3740 testes
4364 3726 4378 3749 ,
4436 3676 4547 3759 qui
4586 3673 4658 3738 il-

667 3756 1088 3802 nummomm
1139 3732 1223 3798 ad
1276 3738 1663 3815 apparatum
1692 3738 1967 3829 ‚speram
2019 3726 2338 3811 mumpln
2380 3726 2464 3791 ad
2507 3746 2614 3789 me
2716 3759 2859 3823 lum
2902 3756 3206 3823 viderent
3247 3758 3339 3823 ab
3363 3758 3477 3822 illo
3521 3759 3775 3843 flagris,
3822 3758 4077 3837 ferulis,
4124 3760 4420 3843 colaphis
4466 3782 4659 3845 vapu-

666 3822 1103 3922 ffld¹3⁰l³ur¹¹m⁸
1204 3819 1404 3884 Itfflm
1464 3819 1527 3881 D
1532 3838 1568 3916 ‘?
1623 3814 1958 3914 mamphf’
2017 3822 2239 3914 ²²3²th
2281 3813 2483 3912 uuna.
2508 3832 2615 3910 ΠΨ
2717 3844 2981 3910 lantem.
3071 3843 3503 3910 Adiudicatur
3546 3843 3620 3909 C.
3669 3836 3953 3909 Caesari.
4043 3845 4136 3909 Et
4175 3846 4251 3909 in
4294 3845 4476 3912 Iure:
4527 3845 4661 3930 qui-

662 3907 987 4007 ⁰up¹d²Pa⁸
1031 3926 1324 3988 unquam
1382 3912 1597 4002 mmm
1627 3910 1804 4002 ,πω
1848 3901 1908 3965 Β
1913 3901 2071 4000 ¹b¹3h
2123 3899 2615 3999 impudenmffl'
2717 3931 2841 3996 bus
2886 3953 2969 3996 ex
3013 3930 3226 3995 causis
3269 3930 3459 3995 liberi
3502 3930 3801 4007 fustibus,
3848 3930 4024 3995 servi
4066 3921 4345 4015 flagellis
4387 3932 4658 3997 caedun-

666 4016 808 4059 ΨΜ
852 3993 1105 4058 hoemffl
1151 4011 1313 4074 quas
1355 3990 1755 4072 “mPhSffime
1799 3986 2182 4070 supphssam
2215 3998 2619 4068 ⁰⁰n³⁹qu¹¹t⁰¹
2722 4027 2848 4082 tur.
2939 4016 3097 4082 Ideo
3155 4017 3332 4082 servi
3383 4016 3733 4099 flagriones
3787 4014 4204 4098 peculiariter
4248 4016 4656 4083 vocabantur.

667 4086 796 4146 est:
833 4100 875 4143 a
913 4099 1039 4161 quo
1076 4078 1133 4143 si
1169 4098 1247 4141 ea
1286 4086 1472 4159 gesta
1506 4083 1680 4152 sunt,
1717 4094 1883 4157 quae
1918 4073 2196 4158 scripsit,
2241 4070 2614 4156 gauderem,
2899 4103 3210 4185 graphiis
3275 4099 3572 4188 confodit]
3673 4101 4046 4184 graphium
4112 4101 4329 4185 stylus
4393 4115 4494 4169 est
4541 4104 4661 4168 fer.

667 4173 734 4231 ⁰¹²
776 4164 1014 4230 h⁰n⁰ri
1067 4165 1373 4262 favefem·
1464 4161 1659 4226 Nu⁰⁰
1702 4160 1918 4257 ΜΨ)
1976 4162 2085 4241 qni
2125 4158 2365 4269 ‚pedem
2388 4166 2614 4258 .P⁰¹'t'a’
2721 4212 2875 4256 reus
2919 4196 3281 4274 peracutus,
3327 4208 3455 4270 quo
3496 4187 3567 4252 in
3611 4186 4040 4272 pugillaribus
4086 4188 4413 4254 scribitur.
4505 4188 4659 4254 ovi-

667 4250 882 4335 quoad
925 4250 1131 4315 hostis
1175 4268 1268 4313 cis
1311 4246 1726 4330 Euphratem
1768 4246 1912 4323 fmt,
1959 4267 2089 4311 non
2124 4245 2453 4321 extulerit,
2500 4242 2617 4306 ho·
2720 4277 2870 4342 dius
2908 4277 2978 4341 in
3021 4274 3402 4341 moribus:

670 4357 832 4403 nore
875 4335 1132 4419 augeri:
1179 4355 1285 4399 me
1327 4334 1400 4396 in
1441 4333 1630 4398 cuius
1669 4332 1963 4397 exercitu
1998 4350 2182 4415 spem
2215 4331 2393 4396 illius
2428 4349 2617 4393 exer-

671 4422 836 4488 citus
896 4420 1153 4496 habuit,
1211 4419 1387 4483 idem
1444 4441 1574 4484 non
1633 4418 1917 4500 assequi,
1975 4417 2255 4484 dedecus
2313 4424 2414 4482 est
2468 4436 2618 4480 nos-

672 4518 853 4574 trum
863 4527 884 4598 3
929 4515 1226 4572 nostrum
1270 4506 1557 4587 inquam,
1603 4514 1670 4569 te
1712 4505 2133 4588 coniungens.
2211 4505 2443 4586 Itaque
2479 4522 2618 4566 om-

672 4594 784 4659 nia
819 4594 1143 4677 experiar,
1184 4597 1266 4671 et,
1303 4598 1380 4655 ut
1412 4611 1619 4674 spero,
1657 4610 1981 4675 assequar.
2032 4590 2411 4673 Perpendat
2443 4609 2622 4653 nunc

672 4701 898 4746 secum
940 4679 1164 4757 lector,
1208 4697 1373 4741 num
1411 4676 1588 4756 haec,
1635 4692 1701 4742 et
1734 4677 1840 4742 his
1877 4676 2133 4755 similia,
2171 4697 2337 4759 quae
2371 4677 2443 4739 in
2478 4675 2621 4740 eius

672 4765 964 4850 epistolis
1009 4764 1285 4848 sparsim
1327 4760 1654 4845 leguntur,
1700 4763 1837 4829 sint
1878 4762 2287 4847 triumphum
2332 4762 2621 4827 abnuen-

2806 2299 2971 2354 Nulla
3006 2316 3238 2369 unquam
3274 2299 3340 2353 de
3379 2307 3552 2354 morte
3587 2301 3817 2360 hominis
3854 2301 4125 2354 cunctatio
4162 2300 4327 2369 longa
4363 2306 4468 2368 est,

2714 2390 2858 2464 [pag.
2901 2391 3045 2462 100]
3095 2385 3207 2468 qui
3251 2387 3381 2449 cito
3428 2384 3727 2463 damnat,
3769 2385 4050 2450 libenter
4095 2384 4379 2450 damnat.
4473 2384 4649 2450 Cele-

2713 2473 2943 2537 bratur
2985 2471 3473 2555 apophthegma
3515 2470 3907 2548 Alexandri,
3967 2469 4240 2554 dignum
4291 2471 4495 2555 longe
4537 2470 4651 2535 alio

2713 2578 2897 2640 rege,
2951 2578 3147 2641 quam
3191 2577 3261 2621 se
3305 2567 3529 2639 postea
3580 2556 4014 2638 praestiterit:
4071 2556 4181 2640 qui
4221 2576 4261 2619 a
4303 2568 4518 2623 matre
4559 2577 4652 2621 ro-

2714 2656 2927 2725 gatus,
2965 2650 3039 2705 ut
3073 2642 3358 2707 hominis
3382 2642 3750 2706 innocentis
3782 2649 4065 2707 mortem
4102 2642 4224 2708 sibi
4261 2644 4651 2720 concederet,

2715 2727 2930 2806 aliam,
2973 2727 3206 2810 inquit,
3251 2748 3443 2810 posce
3485 2726 3868 2792 mercedem.
3958 2727 4267 2793 Hominis
4313 2730 4495 2794 enim
4531 2729 4655 2794 vita

2714 2812 2894 2877 nullo
2939 2811 3254 2878 beneficio
3297 2821 3629 2895 pensatur.

2886 2896 3262 2984 Erixomm]
3303 2897 3606 2964 Historia
3649 2897 3809 2984 adeo
3847 2919 3980 2964 non
4016 2898 4216 2984 vulgo
4251 2901 4518 2984 cognita
4548 2907 4655 2977 est,

2716 2993 2790 3048 ut
2843 2984 2973 3154 ali3
3024 2985 3424 3069 exemplaria
3466 2984 3824 3050 'Prixonem
3876 2985 4162 3051 habeant
4180 3036 4195 3065 ,
4256 2985 4391 3052 alia
4444 2989 4656 3053 Buxe-

2717 3074 2933 3135 nem.¹

2889 3156 3199 3241 Flaqellis
3239 3156 3539 3223 ceciderat
3649 3157 3939 3223 Tametsi
3985 3158 4163 3222 enim
4206 3159 4422 3241 patria
4455 3166 4657 3243 potes-

2714 3249 2818 3307 tas
2882 3263 3122 3327 magna
3175 3251 3317 3309 erat
3372 3263 3501 3325 apu
3600 3242 3964 3322 Romanos,
4022 3243 4146 3309 hoc
4202 3252 4428 3311 tamen
4480 3254 4657 3329 puta-

2714 3328 2911 3393 batur
2947 3328 3233 3393 libertati
3270 3330 3687 3407 contrarium,
3731 3327 4012 3394 liberum
4048 3329 4534 3397 adulescentem
4570 3330 4656 3395 af-

2717 3415 2822 3479 fici
2866 3414 3213 3481 servilibus
3256 3415 3636 3499 opprobriis.
3695 3415 3895 3480 “Erat
3949 3423 4171 3481 autem
4226 3417 4495 3498 servile,
4550 3418 4655 3482 fla-

2716 3500 2904 3585 gellis
2947 3500 3156 3566 caedi:
3204 3500 3375 3584 quod
3418 3501 3710 3584 respexit
3754 3498 4008 3566 Seneca
4061 3502 4133 3565 in
4184 3501 4338 3567 ludo
4384 3501 4655 3581 Claudii,

2716 3608 2921 3670 quum
2965 3588 3203 3670 inquit:
3245 3588 3575 3669 Apparuit
3619 3588 3831 3652 subito
3877 3586 3949 3652 C.
3999 3587 4277 3665 Caesar,
4333 3596 4404 3667 et
4448 3596 4659 3673 petere

2877 4378 3016 4445 Quid
3050 4378 3246 4447 digitos
3285 4393 3421 4446 opus
3456 4384 3542 4430 est
3574 4376 3855 4446 graphium
3889 4375 4098 4429 lassare
4137 4376 4412 4431 tenendo?

2722 4464 3144 4548 Tranquillus
3188 4464 3257 4528 in
3302 4461 3632 4547 Caligula:
3680 4460 4081 4527 Subornavit
4115 4460 4229 4544 qui
4272 4464 4525 4529 curiam
4563 4462 4658 4526 in-

2722 4551 3146 4637 gredientem,
3183 4550 3440 4614 hostem
3461 4547 3795 4631 publicum
3818 4546 4223 4630 appellantes
4257 4548 4659 4626 invaderent,

2805 4636 3144 4720 aphiisque
3197 4636 3566 4701 confossum
3626 4633 3896 4716 reliquis
3951 4632 4305 4699 traderent.
4406 4633 4661 4701 Dicitur

2723 4722 2845 4787 απὸ
2887 4725 2991 4787 τοῦ
3032 4722 3299 4807 γράφειν.
4398 4772 4427 4794 .-

2904 4811 3067 4875 Tam
3111 4812 3373 4891 patrum
3426 4825 3617 4887 quam
3668 4804 3950 4887 filiorum
4003 4803 4322 4892 manibus]
4390 4806 4659 4872 Patrum

683 4950 812 4957 .-
915 4952 962 4956 -,
989 4948 1084 4956 ,Ν
2726 4896 3018 4981 quidem,
3076 4893 3228 4977 quia
3282 4911 3402 4958 sua
3454 4890 3837 4958 erudelitate
3879 4891 4128 4957 invisos
4171 4890 4324 4956 filiis
4367 4898 4660 4977 parentes

813 5073 870 5137 1)
910 5072 1095 5128 Hodie
1222 5073 1353 5125 'tu-.-
1386 5072 1580 5125 hostis.
1713 5069 1775 5135 2)
1814 5069 1983 5139 Apud
2023 5058 2332 5125 Ciceronem
2378 5077 2483 5125 est.-
2530 5069 2627 5124 ad·x

674 5143 948 5197 niteretur.
991 5168 1010 5193 ι
1206 5146 1228 5207 )
1268 5140 1563 5193 Editiones
1614 5138 1890 5193 Ciceronis
1935 5156 2082 5194 nunc
2127 5139 2356 5195 habent.-
2403 5154 2621 5207 possem
2864 5134 2923 5201 1)
2962 5134 3082 5187 Ιηιο
3127 5132 3294 5185 multo
3329 5133 3522 5199 plures
3564 5131 3664 5185 hoc
3711 5130 3826 5186 loeo
3870 5136 4165 5188 occurrunt
4198 5129 4479 5186 variantes
4512 5129 4574 5183 in
4604 5124 4663 5181 b·-

674 5250 688 5265 .
726 5252 740 5266 .
775 5251 788 5264 .
827 5252 840 5266 .
876 5211 946 5267 ad
981 5218 1035 5265 te
1073 5210 1431 5285 redacturum.
2725 5204 2841 5260 bris
2876 5218 3046 5257 manu
3079 5201 3302 5268 scriptis
3336 5207 3388 5255 et
3419 5201 3715 5267 impressis.
