4984 5975
613 280 699 342 39
2257 278 2386 344 DE
2432 268 2977 343 CLEMENTIA
3476 356 3485 363 ,
4527 279 4611 341 ιο

825 466 994 522 Fallit
1027 457 1168 521 enim
1199 465 1386 519 vitium
1421 465 1601 534 specie
1635 466 1848 521 vix-uitis
1883 474 1941 521 et
1973 466 2178 535 umbra,

828 534 1004 656 Quum
1039 536 1108 614 sit
1141 536 1293 588 triste
1327 533 1529 598 habitu,
1565 533 1716 614 vultu
1755 551 1822 589 ue
1858 542 1916 589 et
1947 543 2098 589 veste
2136 550 2397 591 severum.

828 644 853 658 .
881 620 943 658 ec
978 603 1134 657 dubie
1170 609 1425 670 tanquam
1460 601 1600 671 frugi
1632 602 1721 656 lau
1759 610 1883 657 atur
1917 619 2130 671 avarus,

830 671 1108 741 Tanquam
1141 686 1339 738 parcus
1374 670 1536 724 homo
1575 676 1632 723 et
1665 686 1844 725 rerum
1879 672 2054 726 tutela
2090 686 2328 726 suarum.

621 773 876 841 Seneca
909 773 1095 856 epist.
1134 772 1283 838 VL:
1320 772 1506 838 Vitia
1546 772 1730 839 nobis
1777 773 1899 839 sub
1943 773 2268 839 virtutum
2306 773 2571 838 nomine

622 861 975 942 obrepunt,
1064 858 1399 924 temeritas
1463 860 1585 925 sub
1627 859 1843 925 'titulo
1907 857 2311 924 fortitudinis
2382 857 2564 924 latet.

621 944 817 1010 Hanc
840 945 1233 1010 sententiam
1247 944 1589 1027 eleganter
1613 945 2003 1011 constrinxit
2019 944 2374 1010 verborum
2393 966 2570 1010 com-

622 1029 856 1114 pendio
909 1027 1187 1094 Publius
1238 1030 1768 1114 Mimographus:
1828 1030 2131 1096 Timidus
2187 1054 2257 1096 se
2301 1038 2569 1096 cautum

624 1122 828 1194 vocat,
867 1114 1168 1181 sordidus
1201 1136 1492 1198 parcum.
1524 1116 1573 1200 ¹)
1611 1115 1806 1197 Quod
1841 1117 1898 1180 si
1942 1137 2179 1181 verum
2214 1114 2569 1199 aliquando

623 1202 765 1280 fuit,
811 1221 1049 1286 magno
1091 1208 1315 1266 nostro
1371 1201 1545 1266 malo
1588 1201 1786 1267 hodie
1844 1202 2265 1267 verissimum
2312 1201 2568 1284 experi-

621 1308 787 1352 mur.

801 1371 999 1456 Siqua
1031 1371 1449 1459 impresseris]
1496 1371 1965 1456 Significanter
2000 1373 2219 1457 posuit
2260 1371 2384 1438 hoc
2417 1393 2567 1437 ver-

625 1459 782 1524 bum
814 1459 1001 1541 quasi
1029 1457 1274 1523 diceret
1302 1480 1512 1541 neque
1548 1456 2066 1541 descriptionem,
2113 1479 2320 1541 neque
2355 1457 2568 1540 pictu-

625 1566 769 1610 ram
793 1544 1116 1610 sufficere:
1152 1543 1312 1608 adeo
1348 1544 1556 1610 facilis
1590 1553 1691 1608 est
1709 1545 1937 1627 lapsus
1958 1544 2030 1608 in
2052 1543 2409 1610 virtutibus
2432 1541 2568 1607 dis-

625 1628 1001 1707 cernendis,
1061 1638 1326 1712 propter
1377 1629 1591 1708 illam,
1646 1636 1721 1694 ut
1782 1627 2232 1710 Quintilianus
2286 1630 2566 1715 yocavit,

628 1717 934 1782 vitiorum
985 1715 1313 1781 viciniam.
1415 1714 1529 1781 Sic
1584 1713 1839 1781 Seneca
1891 1715 2079 1798 epist.
2116 1715 2266 1779 VL:
2324 1714 2406 1778 In
2461 1713 2566 1779 his

623 1822 862 1885 magno
905 1801 1193 1884 periculo
1253 1809 1528 1879 erratur,
1585 1801 1691 1867 his
1736 1808 1948 1866 certas
2001 1808 2191 1866 notas
2243 1799 2563 1882 imprime.

624 1885 1045 1952 Contrarium
1080 1893 1182 1951 est
1215 1887 1403 1970 signa
1438 1887 1823 1952 conturbare
1859 1885 2163 1952 Ciceroni
2203 1884 2371 1950 libro
2416 1906 2567 1969 sep-

625 1973 783 2037 timo
829 1973 1011 2055 epist.
1059 1971 1143 2037 ad
1185 1973 1500 2038 Atticum.

801 2075 1105 2156 Quomodo
1146 2074 1454 2155 confirmet
1498 2096 1651 2153 eam,
1695 2080 1749 2140 et
1791 2097 1917 2140 usu
1957 2095 2143 2138 suam
2173 2071 2398 2160 faciat]
2445 2074 2566 2139 Al-

622 2160 796 2225 ludit
853 2161 934 2224 ad
994 2161 1451 2243 usucapiones‚
1522 2172 1589 2226 et
1642 2161 2183 2245 praescriptiones
2244 2159 2567 2225 iuriscon-

622 2245 962 2311 sultorum.
1053 2243 1392 2326 Quomodo
1427 2246 1625 2312 etiam
1658 2247 1844 2330 epist.
1882 2245 2033 2311 VL:
2082 2243 2304 2310 Semel
2345 2243 2569 2309 traditi

623 2332 776 2398 boni
834 2340 1149 2413 perpetua
1285 2333 1519 2397 ssessio
1558 2343 1686 2411 est,
1742 2333 1957 2397 virtus
2001 2352 2140 2396 non
2194 2329 2563 2396 dediscitur.

621 2417 769 2482 Hoc
823 2431 925 2481 est
965 2417 1137 2500 quod
1231 2419 1411 2484 'cunt
1466 2418 1868 2501 philosophi,
1923 2419 2218 2482 animum
2261 2416 2566 2494 hominis,

620 2514 819 2586 prout
855 2503 1209 2568 virtutibus
1245 2513 1360 2569 aut
1395 2504 1576 2569 vitiis
1618 2503 1951 2579 assuescit,
1997 2522 2227 2568 eorum
2267 2500 2568 2567 habitum

622 2589 1026 2655 contrahere.
1114 2589 1404 2655 Habitus
1439 2598 1657 2654 autem
1693 2596 1854 2653 sunt
1892 2589 2249 2670 acquisitae
2287 2587 2568 2670 qualita-

621 2684 749 2752 tes,
809 2675 1049 2756 quibus
1114 2675 1199 2739 ad
1251 2686 1509 2739 nostros
1554 2674 1829 2740 affectus
1871 2673 2036 2738 bene
2081 2673 2190 2737 vel
2229 2672 2402 2737 male
2446 2692 2569 2737 nos

620 2760 954 2826 habemus.
1067 2759 1180 2825 Sic
1241 2761 1484 2842 accipio
1551 2759 1768 2824 locum
1829 2757 2207 2823 Aristotelis
2282 2756 2569 2823 secundo

620 2846 1038 2923 Ethicorum‚·
1067 2845 1385 2910 moralem
1407 2845 1722 2909 virtutem
1758 2865 1842 2909 ex
1885 2842 2357 2908 consuetudine
2393 2862 2567 2905 com-

622 2931 855 3014 parari.
944 2930 1212 2996 Abeunt
1253 2930 1428 2996 enim
1470 2929 1689 2995 studia
1729 2930 1800 2994 in
1839 2949 2082 3005 mores,
2129 2928 2222 2993 ait
2265 2926 2565 3006 Ovidius,

622 3028 688 3082 et
730 3016 905 3099 apud
939 3015 1248 3082 Curtium
1282 3015 1390 3082 lib.
1428 3016 1542 3080 V.:
1582 3013 1999 3081 Consuetudo
2045 3023 2284 3078 natura
2326 3013 2570 3079 dicitur

621 3102 986 3190 pfltentior:
1051 3101 1311 3166 Marius
1354 3101 1530 3184 apud
1573 3098 1966 3166 Salustium:
2025 3099 2227 3175 Mihi,
2272 3100 2382 3182 qui
2427 3120 2567 3163 om-

621 3209 776 3253 nem
810 3195 1093 3252 aetatem
1126 3188 1197 3253 in
1232 3187 1484 3252 artibus
1518 3186 1783 3269 optimis
1819 3186 1942 3268 egi,
1989 3183 2154 3249 bene
2175 3185 2389 3249 facere
2433 3186 2568 3249 iam

623 3296 707 3356 ex
752 3272 1219 3339 consuetudine
1263 3275 1333 3337 in
1377 3283 1685 3337 naturam
1727 3270 1970 3336 vertit'
2037 3271 2130 3336 Et
2173 3270 2567 3337 Aristoteles

621 3359 946 3427 Problem.
994 3361 1277 3426 sectione
1311 3357 1506 3422 VIII.
1554 3356 1712 3422 dicit
1754 3355 2297 3423 consuetudinem
2339 3356 2410 3420 in
2446 3377 2565 3420 na·

620 3460 808 3512 turae
852 3445 1151 3511 habitum
1184 3443 1654 3510 transformari.

796 3548 1059 3614 Nullam
1090 3567 1233 3612 vero
1266 3567 1342 3610 ex
1381 3542 1689 3631 munibus]
1747 3545 1893 3610 Iam
1937 3542 2192 3610 Seneca
2234 3544 2316 3610 ab
2359 3544 2566 3627 ipsius

617 3636 890 3700 virtutis
943 3630 1500 3699 commendatione
1554 3632 1902 3696 artificiose
1950 3630 2210 3713 incipit,
2258 3650 2421 3713 quae
2481 3652 2565 3696 ex

618 3741 823 3805 aequo
875 3718 1049 3802 apud
1103 3738 1328 3782 omnes
1383 3723 1529 3796 [pag.
1583 3721 1688 3795 28]
1752 3715 2051 3782 homines
2102 3715 2339 3782 valeat.
2428 3716 2567 3782 Vix

621 3808 798 3871 enim
840 3804 1052 3870 ullum
1094 3823 1328 3886 operae
1369 3804 1657 3886 pretium
1696 3803 1966 3877 faceret,
2012 3803 2066 3867 si
2112 3801 2253 3867 sola
2305 3801 2567 3869 honesti

619 3890 1180 3973 contemplatione,
1215 3889 1464 3954 Neroni
1502 3900 1568 3952 et
1602 3888 1748 3953 aliis
1788 3888 2192 3970 principibus
2235 3907 2563 3953 commen-

620 3977 806 4042 daret
860 3976 1289 4041 clementiam.
1380 3973 1641 4040 Scimus
1693 3975 1786 4037 ita
1838 3994 1979 4039 esse
2023 3979 2261 4038 natura
2302 3995 2564 4056 compa-

621 4073 858 4139 ratum,
896 4068 974 4126 ut
1007 4061 1221 4143 specie
1256 4060 1562 4125 utilitatis
1599 4067 1719 4124 aut
1757 4058 2119 4141 voluptatis
2162 4060 2374 4143 magis
2418 4061 2562 4126 affi-

621 4149 899 4225 ciamur,
952 4167 1149 4230 quam
1213 4146 1346 4210 illis
1414 4144 1791 4212 Stoicorum
1840 4144 2208 4227 paradoxis,
2268 4165 2308 4210 a
2363 4166 2563 4211 sensu

617 4233 917 4318 populari
959 4232 1474 4298 abhorrentibus.
1564 4228 1725 4296 Sive
1766 4230 1971 4314 igitur
2011 4251 2163 4296 cum
2207 4227 2447 4295 Stoicis
2489 4232 2564 4296 in

619 4318 797 4385 nuda
839 4320 1196 4384 honestatis
1215 4317 1691 4399 conspiratione
1714 4336 2075 4394 versamur,
2120 4317 2281 4381 san's
2323 4336 2399 4380 co
2442 4338 2562 4382 no-

617 4407 796 4470 mine
836 4404 1094 4489 placere
1135 4412 1353 4486 potest
1393 4402 1766 4480 clementia,
1810 4422 1980 4484 quae
2022 4402 2396 4466 societatem
2435 4402 2561 4467 hu·

619 4511 884 4556 manain
918 4489 1385 4572 complectitur.
1476 4486 1612 4554 Seu
1646 4486 1729 4552 ad
1763 4487 2170 4570 voluptatem
2208 4486 2559 4568 tendimus,

621 4599 739 4644 seu
783 4597 896 4659 spe
949 4574 1268 4641 commodi
1313 4573 1615 4640 ducimur
1630 4625 1645 4650 ,
1690 4580 1758 4638 et
1812 4572 1920 4637 hic
1961 4573 2305 4638 clementia
2343 4572 2560 4638 locum

619 4683 811 4727 suum
856 4662 1114 4740 retinet,
1154 4671 1222 4725 et
1266 4660 1672 4743 dignitatem.

797 4764 1003 4846 Quum
1047 4764 1225 4830 nulla
1268 4764 1602 4828 humanior
1632 4760 1744 4849 sit]
1792 4763 2281 4846 Argumentum
2324 4782 2365 4825 a
2408 4780 2559 4826 con-

617 4851 877 4935 iugatis.
937 4849 1115 4916 Sunt
1147 4851 1321 4915 enim
1357 4847 1658 4936 ,derivata
1691 4848 1886 4912 homo
1921 4855 1987 4912 et
2006 4846 2355 4912 humanus.
2423 4847 2559 4911 Lo-

619 4957 733 5002 cus
779 4945 880 5002 est
918 4937 989 5001 in
1031 4936 1289 5019 Topicis
1335 4957 1373 4999 a
1417 4934 1874 5017 coniugatione
1930 4934 2315 5011 verborum,
2361 4952 2559 5015 quam

754 5193 814 5258 1)
851 5194 1024 5264 Leqe:
1058 5193 1294 5247 Timidus
1329 5199 1491 5247 vocat
1525 5206 1583 5246 se
1621 5197 1851 5257 cautum,
1887 5204 2107 5257 parcum
2145 5188 2408 5243 sordidus.

2672 463 2911 530 Graeci
2954 466 3230 545 συζυγίαν
3270 474 3527 544 vocant,
3574 472 3643 530 et
3681 464 4033 548 coniugata
4071 464 4215 546 ipsa
4254 452 4493 544 σῦζὺγα,
4535 469 4613 528 ut

2672 551 2730 616 si
2750 570 3175 634 compascuus
3196 552 3286 616 sit
3321 571 3496 634 ager,
3540 550 3694 615 licet
3727 570 4153 632 compascere.
4303 548 4315 562 ‘
4512 557 4613 614 est

2672 636 2844 702 hanc
2880 636 3516 720 argumentationem
3552 635 3967 717 Quintiliano
4000 641 4137 699 tam
4171 633 4416 700 nullius
4452 653 4612 718 pon-

2673 720 2846 787 deris
2911 723 3123 801 visam
3177 742 3337 800 esse,
3394 730 3471 786 ut
3522 721 3872 786 ridiculum
3926 719 4205 786 adiicere
4258 721 4609 803 putaverit,

2672 808 2800 872 nisi
2844 806 3074 873 Cicero
3127 828 3289 873 usus
3333 816 3527 872 esset:
3571 828 3773 890 quum
3814 806 3976 871 haec
4018 806 4163 888 ipsa
4204 805 4294 872 sit
4332 807 4615 871 finitima

2675 894 2735 956 ei
2755 913 2923 976 quae
2962 893 3044 957 ab
3079 893 3475 978 etymologia
3508 891 3787 958 ducitur.
3852 892 4034 975 Ergo
4067 890 4613 974 quemadmodum

2670 978 3110 1059 ,Terentianus
3150 978 3488 1053 Chremes,
3535 979 3687 1060 quia
3727 977 3923 1042 homo
3965 983 4083 1053 est,
4128 976 4295 1042 nihil
4339 977 4613 1042 humani

2673 1063 2960 1128 alienum
3005 1086 3045 1129 a
3087 1083 3158 1129 se
3200 1073 3405 1148 putat,
3450 1064 3546 1129 ita
3585 1061 3691 1127 hic
3715 1060 3969 1127 Seneca
4000 1064 4221 1147 arguit
4257 1082 4398 1127 esse
4440 1062 4613 1130 hanc

2664 1149 2923 1227 ,homini
2975 1149 3660 1215 convenientissimam
3715 1149 4028 1213 virtutem
4051 1199 4067 1226 ,
4112 1169 4278 1230 quae
4319 1150 4614 1214 omnium

2674 1234 3149 1301 humanissima
3168 1243 3284 1301 est.
3352 1235 3804 1300 Humanitatis
3848 1254 4087 1299 nomen
4110 1236 4295 1298 varie
4339 1255 4613 1316 usurpa-

2672 1330 2798 1385 tur.
2887 1321 2971 1385 In
3016 1320 3140 1386 hoc
3181 1319 3321 1385 loco
3379 1341 3457 1385 ea
3499 1327 3628 1397 est,
3671 1339 3838 1403 quae
3881 1341 3923 1384 a
3965 1319 4182 1385 Gellio
4226 1318 4615 1385 describitur

2672 1405 2780 1471 lib.
2815 1406 3015 1471 XIII.
3056 1406 3413 1471 dexteritas
3459 1405 3798 1488 quaedam,
3836 1405 4422 1488 benevolentiaque
4457 1426 4617 1490 erga

2671 1511 2895 1557 omnes
2939 1492 3237 1557 homines
3280 1493 3673 1574 promiscua,
3721 1490 3994 1557 Graecis
4039 1495 4492 1573 φιλανθρωπία.

2845 1577 3022 1643 Inter
3073 1598 3203 1655 noa,
3258 1579 3369 1659 qui
3424 1577 3730 1643 hominem
3781 1576 4005 1643 sociale
4046 1574 4317 1663 animal]
4361 1577 4617 1643 Eadem

2671 1661 2872 1729 verba
2916 1684 2999 1728 ex
3043 1660 3389 1746 disciplina
3431 1661 3802 1728 Stoicorum
3852 1684 3892 1727 a
3935 1660 4190 1728 Seneca
4227 1669 4618 1745 repetuntur

2673 1749 2838 1815 libro
2883 1749 3159 1831 septimo
3181 1748 3262 1814 de
3281 1749 3649 1824 Beneficiis,
3696 1767 3772 1812 ac
3814 1746 3871 1813 si
3912 1746 4159 1815 diceret
4202 1748 4373 1812 hanc
4415 1769 4619 1814 unam

2672 1835 2995 1900 rationem
3049 1835 3209 1900 satis
3267 1835 3595 1900 efficacem
3651 1834 3808 1911 fore,
3866 1835 3921 1898 si
3964 1855 4114 1899 cum
4158 1831 4400 1899 Stoicis
4444 1841 4619 1899 esset

2672 1919 3051 2003 disputatio,
3111 1919 3522 1984 clementiam
3569 1940 3711 1984 esse
3766 1918 4093 2002 quoddam
4140 1920 4331 2001 quasi
4386 1921 4616 1985 vincu-

2671 2004 2809 2070 lum
2833 2006 3161 2071 humanae
3197 2006 3524 2071 societatis
3549 2015 3617 2070 et
3636 2006 4060 2089 cognationis.
4117 2005 4245 2070 Est
4272 2004 4451 2069 enim
4480 2018 4619 2071 sta-

2672 2104 2814 2156 tum
2847 2093 3023 2156 inter
3061 2111 3172 2156 eos
3205 2093 3481 2168 axioma,
3532 2091 3827 2155 homines
3865 2090 4207 2155 hominum
4241 2112 4441 2156 causa
4472 2112 4620 2157 esse

2671 2178 2947 2260 genitos,
3008 2184 3086 2241 ut
3128 2185 3388 2249 mutuas
3428 2176 3716 2242 vicissim
3760 2197 3990 2259 operas
4032 2184 4384 2258 praestent,
4427 2186 4502 2251 ut
4542 2176 4619 2241 in

2672 2283 3017 2328 commune
3071 2262 3447 2339 consulant,
3496 2272 3569 2326 ut
3611 2284 3680 2328 se
3724 2282 3966 2344 suaque
4008 2272 4335 2343 quatenus
4373 2260 4616 2344 publici

2672 2348 2992 2414 commodi
3061 2350 3292 2425 refert,
3360 2350 3431 2412 in
3500 2368 3842 2413 commune
3910 2347 4263 2412 conferant.
4361 2347 4622 2413 Verum

2672 2434 2895 2498 statim
2947 2434 3254 2518 Epicurei
3309 2433 3779 2517 Cyrenaicique
3843 2431 4317 2510 reclamabunt,
4384 2434 4494 2514 qui
4543 2442 4622 2499 ut

2672 2519 2843 2582 nihil
2891 2521 3028 2585 suis
3076 2518 3514 2601 voluptatibus
3560 2517 3873 2584 decedere
3909 2518 4170 2595 volunt,
4215 2518 4488 2583 minime
4530 2518 4621 2585 ad

2672 2626 2742 2669 88
2795 2606 3123 2686 pertinere
3178 2603 3600 2680 contendent,
3657 2613 3733 2668 ut
3782 2626 3900 2669 suo
3945 2602 4281 2687 dispendio
4325 2603 4621 2669 alienum

2672 2698 3025 2772 procurent
3078 2689 3498 2771 impendium.
3603 2690 3772 2754 Cum
3825 2690 3906 2754 iis
3959 2711 4043 2753 ne
4087 2689 4174 2755 sit
4213 2689 4312 2753 illi
4353 2690 4621 2755 conflic-

2673 2774 2974 2853 tandum,
3029 2774 3183 2840 facit
3237 2783 3313 2839 ut
3364 2776 3534 2841 hanc
3575 2776 3885 2840 virtutem
3935 2796 4091 2839 suae
4146 2774 4408 2840 utilitati
4463 2796 4622 2841 con-

2672 2869 3051 2925 sentaneam
3097 2880 3238 2925 esse
3279 2860 3669 2944 intelligant.
3761 2862 3863 2925 De
3908 2861 4031 2926 hac
4073 2870 4294 2926 autem
4337 2860 4623 2926 humani

2671 2947 2928 3029 generis
2983 2946 3292 3013 societate
3344 2947 3632 3029 loquitur
3684 2948 3843 3013 satis
3906 2947 4161 3030 copiose
4216 2945 4446 3013 Cicero
4498 2946 4616 3015 lib.

2671 3033 2859 3097 Offic.
2898 3032 2988 3097 Π.
3034 3043 3105 3098 et
3134 3033 3225 3098 II.
3270 3032 3350 3097 de
3384 3031 3680 3098 Finibus.
3760 3036 3995 3116 Atque,
4032 3046 4107 3097 ut
4139 3032 4222 3096 ad
4245 3032 4621 3117 Archytam

2670 3118 2935 3201 scripsit
2974 3118 3186 3197 Plato,
3232 3141 3365 3183 non
3405 3119 3527 3185 sibi
3567 3140 3638 3184 se
3681 3119 3799 3184 soli
3844 3139 3986 3185 esse
4029 3125 4259 3183 natum
4301 3120 4621 3185 memine-

2669 3203 2776 3280 rit,
2822 3202 2938 3268 sed
2959 3205 3227 3286 patriae,
3272 3203 3386 3270 sed
3429 3204 3583 3281 suis,
3628 3216 3706 3269 ut
3746 3205 4105 3288 perexigua
4146 3225 4299 3286 pars
4342 3205 4467 3286 ipsi
4508 3227 4620 3271 re-

2668 3289 3026 3372 linquatur.
3062 3290 3273 3355 Paulo
3294 3299 3473 3372 post:
3498 3289 3750 3356 Eadem
3774 3292 3941 3355 ratio
3962 3292 4117 3355 facit
4140 3289 4472 3354 hominem
4497 3290 4621 3356 ho-

2668 3376 2925 3439 minum
2946 3383 3381 3458 appetentem,
3418 3396 3697 3459 cumque
3728 3377 3808 3441 iis
3843 3388 4084 3440 natura
4119 3387 4186 3438 et
4218 3395 4341 3439 usu
4375 3385 4444 3440 et
4476 3398 4620 3442 ser-

2669 3482 2860 3526 mone
2893 3471 3379 3544 congruentem,
3417 3471 3489 3525 ut
3520 3462 3845 3544 profectus
3867 3483 3907 3526 a
3929 3462 4198 3526 caritate
4230 3459 4621 3528 domestico-

2671 3568 2819 3611 rum
2836 3567 2912 3612 ac
2929 3566 3219 3624 suorum,
3243 3554 3468 3613 currat
3488 3547 3764 3631 longius,
3786 3556 3854 3613 et
3873 3567 3944 3612 88
3964 3546 4268 3629 implicet,
4295 3548 4503 3629 primo
4526 3550 4625 3614 ci-

2668 3632 2874 3710 vium,
2911 3630 3145 3696 deinde
3180 3633 3472 3698 omnium
3506 3632 3884 3697 mortalium
3916 3633 4227 3698 societati.
4316 3631 4627 3699 Platonis

2668 3715 2886 3796 verba,
2910 3738 3076 3800 quae
3099 3740 3140 3782 a
3159 3716 3473 3784 Cicerone
3494 3718 3879 3802 allegantur,
3919 3717 4109 3784 hodie
4145 3722 4293 3798 [pag.
4319 3721 4425 3797 29]
4458 3739 4628 3801 quo-

2668 3824 2796 3886 que
2846 3812 3112 3868 exstant
3160 3805 3229 3868 in
3279 3804 3462 3886 epist.
3516 3803 3599 3870 ad
3642 3803 4025 3889 Archytam.
4117 3803 4348 3869 Cicero
4390 3814 4627 3870 tamen

2669 3888 2830 3954 haec
2863 3888 3091 3953 eadem
3115 3887 3355 3955 Stoicis
3388 3888 3619 3954 tribuit
3656 3890 3726 3953 in
3762 3892 3974 3971 primo
3998 3887 4402 3955 Officiorum.
4460 3891 4625 3955 Ari-

2666 3974 2932 4040 stoteles
2985 3995 3243 4057 quoque
3280 3975 3474 4041 Polit.
3518 3975 3677 4041 IH.:
3735 3976 4004 4041 Dictum
4048 3983 4149 4039 est
4190 3981 4432 4039 natura
4471 3996 4628 4041 esse

2668 4059 2999 4125 hominem
3022 4060 3217 4125 civile
3240 4060 3483 4125 animal
3507 4081 3582 4128 ac
3615 4061 3868 4140 sociale,
3892 4082 3976 4126 ex
4009 4080 4139 4144 quo
4174 4061 4266 4139 fit,
4305 4061 4627 4126 utetiam

2667 4146 2722 4211 si
2766 4145 2937 4210 nihil
2980 4145 3322 4230 indigeant
3361 4154 3589 4212 mutuo
3633 4147 3902 4225 auxilio,
3944 4146 4374 4213 nihilominus
4417 4146 4624 4214 affec-

2666 4239 2811 4297 tent
2856 4232 3029 4296 vitae
3086 4233 3479 4298 societatem.
3560 4232 3663 4297 Ne
3710 4232 3820 4299 hic
3871 4233 3996 4298 sim
4038 4230 4367 4315 impendio
4413 4232 4625 4314 proli-

2662 4317 2826 4395 xior,
2873 4316 3027 4382 vide
3070 4315 3390 4384 Senecam
3427 4317 3611 4401 epist.
3650 4318 3756 4382 VI.
3802 4317 3988 4401 epist.
4013 4317 4340 4384 XLVIII.

2840 4401 3166 4469 Communi
3228 4403 3376 4469 bono
3423 4402 3751 4489 yenitum]‘
3785 4403 4012 4468 Talem
4070 4402 4368 4470 Stoicum
4414 4401 4626 4469 Cato-

2664 4509 2815 4553 nem
2860 4488 3206 4571 descripsit
3247 4489 3434 4555 nobis
3478 4490 3789 4556 Lucanus
3833 4490 3942 4555 lib.
3983 4488 4102 4554 11.:

2856 4589 2972 4646 Nec
3007 4592 3123 4660 sibi,
3161 4592 3256 4646 sed
3294 4592 3397 4646 soli
3431 4593 3667 4660 genitum
3703 4607 3762 4645 se
3800 4591 4020 4645 credere
4055 4589 4272 4646 mundo.

2661 4675 2866 4741 Item:

3212 4780 3273 4833 In
3312 4795 3588 4833 commune
3624 4780 3813 4834 bonne.

2663 4860 2919 4930 Seneca
2966 4864 3075 4930 lib.
3111 4865 3164 4929 I.
3214 4864 3293 4928 de
3326 4864 3464 4928 Ira:
3503 4864 3719 4929 Homo
3753 4865 3823 4929 in
3867 4864 4261 4930 adiutorium
4308 4873 4628 4930 mutuum

2662 4955 3015 5031 generatus
3059 4958 3175 5015 est.
3265 4949 3601 5017 Iuvenalis
3647 4949 3893 5035 Satyra
3934 4950 4088 5015 IX.:

2834 5050 3102 5121 Principio
3136 5052 3358 5107 indulsit
3392 5054 3684 5108 communis
3719 5053 3967 5108 conditor
4000 5053 4106 5109 illis

2836 5119 3068 5173 Tantum
3101 5121 3348 5188 animam,
3382 5122 3538 5176 nobis
3573 5123 3805 5177 animum
3840 5123 4072 5191 quoque,
4105 5127 4322 5176 mutuus
4354 5128 4418 5176 ut
4450 5136 4562 5176 nos

2836 5187 3099 5244 Adfectus
3136 5197 3324 5257 petere
3358 5190 3630 5260 auxilium,
3667 5199 3725 5245 et
3756 5199 4037 5260 praestare
4072 5190 4300 5244 iuberet.
