4984 5975
521 416 528 425 ,
593 352 668 413 15
717 343 731 359 ’
1697 376 1702 387 ·
2232 344 2362 410 DE
2407 341 2958 409 CLEMENTIA
4527 348 4598 409 16

763 533 943 599 naua
997 533 1068 597 in
1121 531 1364 598 homine
1416 532 1661 598 tardior
1717 539 1838 598 est.-
1891 534 2198 599 emitae
2240 532 2402 610 alta,
2444 531 2543 613 af-

578 555 809 701 fflts,
865 620 971 684 ius
1025 638 1225 701 supra
1281 637 1520 683 omnem
1559 618 1878 684 iniuriam
1923 619 2221 701 positum.
2319 616 2544 684 Obver-

583 711 768 772 satur
809 705 1008 770 oculis
1051 704 1401 771 laetissima
1439 704 1646 785 for-ma
1688 702 2063 786 reipublicae
2103 705 2211 770 oui
2252 703 2339 789 ad
2370 722 2544 768 sun»-

586 812 757 858 mam
823 790 1168 857 libertatem
1232 788 1396 854 nihil
1449 789 1614 855 deest
1629 840 1643 868 ,
1711 791 1846 855 nisi
1892 789 2204 870 pereundi
2269 789 2540 855 lieentia.

590 876 942 958 Praecipue
993 880 1197 942 tamen
1249 874 1535 957 aequalis
1590 875 1676 941 ad
1716 878 2031 942 nmmos
2083 876 2361 957 imosque
2391 893 2540 957 per-

585 963 757 1030 venit
797 963 1152 1030 clementiae
1206 965 1354 1027 tuae
1395 961 1748 1026 admiratio.
1845 961 2101 1027 Caetera
2159 962 2328 1026 enim
2385 959 2545 1025 bona

575 1050 977 1133 proportione
1015 1048 1306 1130 fortunae
1346 1067 1499 1112 suae
1553 1046 1816 1128 quisque
1856 1049 2045 1113 sentit
2086 1051 2198 1113 aut
2236 1050 2547 1127 exspectat

583 1135 836 1201 maiora
872 1136 1270 1215 mirioraque:
1322 1152 1401 1197 ex
1444 1132 1758 1197 clementia
1804 1152 2013 1199 omnes
2053 1133 2219 1198 idem
2268 1136 2542 1214 speram

590 1220 854 1287 Neeeet
905 1221 1242 1304 quiequam
1289 1217 1395 1284 eui
1450 1217 1805 1284 tamvalde
1849 1216 2544 1300 innooentiampla-

586 1312 747 1386 caat,
799 1312 870 1372 ut
922 1327 1048 1372 non
1096 1309 1264 1371 stare
1316 1306 1388 1369 in
1440 1309 1754 1386 conspectu
1810 1305 2197 1370 clementiam
2235 1308 2544 1386 paratam

584 1392 883 1459 hannonie
923 1391 1241 1459 erroribus
1274 1390 1560 1474 gaudeat.

759 1529 913 1595 Non
956 1538 1206 1595 temere
1249 1548 1290 1593 a
1330 1528 1697 1594 Plutarcho
1740 1527 2062 1610 scriptum
2101 1536 2231 1605 est,
2279 1525 2542 1592 difficile

587 1637 730 1683 esse
783 1614 1130 1689 consilium
1184 1612 1340 1678 dare
1394 1613 1476 1678 iis
1541 1613 1653 1696 qui
1709 1614 1782 1678 in
1824 1612 2103 1696 imperio
2146 1619 2319 1678 sunt.
2409 1613 2542 1677 Mi-

587 1702 768 1767 nime
810 1701 988 1767 enim
1030 1699 1290 1784 regium
1331 1707 1586 1782 putant,
1631 1698 1716 1764 ad
1750 1699 2228 1784 praescriptum
2269 1697 2543 1764 rationis

587 1788 815 1854 vivere
828 1837 846 1865 ‚
893 1787 1005 1870 qui
1050 1806 1274 1852 veram
1319 1784 1495 1870 regis
1536 1785 1949 1851 maiestatem
1994 1784 2405 1849 constituunt
2446 1784 2542 1849 ef·

584 1874 953 1939 fraenatam
1004 1871 1355 1941 licentiam.
1446 1868 1705 1937 Servile
1744 1870 2155 1949 existimant,
2210 1869 2425 1935 alieno
2468 1890 2541 1934 se

588 1958 860 2026 arbitrio
936 1959 1331 2042 permittere.
1445 1956 1678 2040 Itaque
1756 1958 1891 2023 suis
1955 1953 2210 2040 legibus
2275 1975 2352 2022 ac
2419 1975 2540 2020 suo

585 2065 770 2111 more
814 2043 1083 2122 vivunt,
1128 2064 1245 2108 seu
1287 2043 1507 2126 potius
1548 2063 1669 2108 sua
1708 2041 1998 2108 libidine.
2090 2039 2285 2123 Quod
2327 2043 2385 2106 si
2427 2041 2540 2124 qui

586 2139 745 2197 sunt
785 2129 983 2215 paulo
1025 2127 1495 2194 moderatiores
1509 2180 1525 2208 ,
1569 2150 1652 2194 ne
1696 2129 1744 2192 ii
1786 2126 2048 2212 quidem
2091 2126 2538 2210 interpellato—

587 2236 732 2283 rem
785 2236 989 2300 aequo
1044 2216 1263 2280 animo
1320 2214 1492 2280 ferre
1545 2222 1847 2298 possunt:
1915 2212 2077 2279 adeo
2141 2212 2407 2297 regibus
2462 2234 2539 2279 ac

586 2302 994 2387 principibus
1027 2300 1230 2367 insita
1252 2307 1353 2366 est
1376 2300 1565 2383 quasi
1593 2307 1984 2383 perpetuum
2011 2318 2088 2364 ac
2112 2298 2542 2365 vernaculum

584 2388 838 2454 malum
876 2387 1274 2471 arrogantia.
1333 2383 1527 2467 Quod
1562 2386 1727 2452 bene
1763 2394 1960 2469 atque
1993 2406 2078 2450 ex
2113 2384 2325 2450 officio
2363 2404 2538 2450 rem-

587 2473 916 2559 publicam
959 2472 1425 2539 administrant
1438 2522 1453 2548 ,
1510 2470 1579 2536 id
1621 2478 1837 2538 totum
1880 2471 2006 2536 sibi
2049 2477 2390 2554 acceptum
2433 2491 2538 2534 re-

587 2560 747 2625 ferri
810 2559 1071 2626 volunt:
1152 2568 1502 2624 extraneos
1568 2557 1973 2623 consultores
2039 2558 2109 2620 in
2159 2557 2539 2637 societatem

585 2645 801 2712 laudis
867 2643 1212 2710 admittere
1281 2642 1740 2728 dedignantur.
1851 2641 2048 2708 Unde
2112 2644 2306 2707 etiam
2375 2639 2539 2705 illud

584 2732 780 2811 exiit,
836 2731 1083 2815 Magno
1128 2735 1426 2797 constare
1478 2749 1710 2813 regum
1755 2729 1984 2794 amicis
2036 2728 2208 2793 bona
2248 2726 2534 2794 consilia.

586 2817 960 2882 Artificiose
1012 2816 1243 2900 igitur
1263 2812 1518 2881 Seneca
1573 2815 1668 2879 sic
1711 2835 1780 2879 se
1835 2814 2238 2896 scripturum
2282 2810 2364 2877 de
2407 2811 2538 2877 cle-

585 2903 836 2967 mentia
875 2902 1197 2984 proponit,
1236 2911 1313 2964 ut
1345 2900 1408 2964 N
1412 2920 1521 2964 ero
1563 2899 1920 2982 imafflnem
1956 2918 2114 2964 suae
2149 2897 2539 2963 clementiae

585 2990 659 3053 in
711 2985 1146 3070 descriptione
1210 2987 1351 3052 eius
1419 2985 1687 3052 virtutis
1744 2993 2073 3069 agnoscat.
2182 2982 2297 3050 Sic
2361 2984 2538 3049 enim

588 3074 710 3139 sub
765 3073 979 3156 specie
1041 3071 1255 3137 laudis
1296 3071 1588 3138 favorem
1632 3071 1936 3137 conciliat
1977 3069 2256 3135 orationi
2307 3088 2538 3152 parae-

587 3160 860 3225 neticae.
965 3157 1148 3224 Dicit
1210 3158 1415 3242 igitur
1429 3208 1446 3234 ,
1521 3179 1655 3223 non
1722 3164 1861 3222 tam
1925 3155 2048 3221 sibi
2133 3156 2541 3239 propositum

523 3263 529 3270 ’
585 3266 730 3311 esse
743 3295 761 3323 ,
873 3244 1193 3328 raeceptis
1255 3245 1585 3309 instruam
1642 3265 1717 3309 ac
1778 3242 2126 3309 instituere
2181 3240 2536 3320 Neronem,

587 3350 785 3415 quam
837 3329 937 3395 illi
1002 3328 1313 3396 exhibere
1382 3329 1719 3412 speculum
1774 3330 1846 3393 in
1901 3327 2193 3413 imagine
2249 3326 2537 3405 virtutis,

584 3417 659 3482 in
711 3437 838 3501 quo
893 3439 966 3483 se
1019 3416 1226 3499 possit
1292 3436 1644 3500 agnoscere
1702 3436 1779 3481 ac
1843 3436 1966 3481 sua
2021 3415 2193 3480 bona
2243 3419 2539 3478 contem-

585 3502 774 3587 plari.
873 3502 972 3569 Ut
1028 3501 1202 3567 enim
1259 3501 1509 3566 homini
1553 3522 1741 3568 suam
1784 3502 2016 3568 faciem
2057 3498 2398 3583 speculum
2434 3519 2539 3564 re·

584 3595 968 3673 praesentat
981 3640 997 3666 ,
1074 3589 1170 3653 ita
1231 3588 1304 3652 in
1365 3587 1802 3672 descriptione
1864 3585 2266 3654 fortitudinis
2330 3584 2537 3664 fortis,

583 3674 974 3759 prudentiae
1037 3672 1324 3758 prudens
1337 3725 1353 3753 ,
1418 3673 1707 3756 iustitiae
1758 3675 1998 3754 iustus,
2067 3672 2366 3757 agnoscit
2419 3670 2539 3736 ali-

585 3758 746 3844 quid
788 3782 1003 3827 suum.
1090 3759 1275 3826 Haec
1320 3767 1422 3825 est
1464 3759 1725 3842 obliqua
1763 3760 1901 3838 via,
1957 3780 2091 3842 qua
2132 3778 2203 3823 se
2245 3756 2541 3823 insinuat

586 3846 659 3910 in
713 3846 1234 3912 benevolentiam
1295 3844 1594 3910 Neronis.
1705 3843 2027 3930 Superest
2102 3850 2177 3909 ut
2239 3843 2353 3927 qui
2414 3842 2541 3908 sibi

585 3930 754 3996 bene
792 3932 1089 3998 conscius
1123 3942 1242 4011 est,
1285 3932 1543 3996 fruatur
1583 3932 1754 3998 bono
1798 3930 2247 3998 conscientiae.
2318 3929 2541 4012 Atque

586 4016 657 4083 id
700 4026 803 4082 est
853 4017 1028 4100 quod
1071 4017 1394 4101 sequitur,
1452 4037 1657 4100 quum
1697 4018 1984 4082 affirmat
2023 4016 2215 4082 illum
2259 4036 2539 4098 perven-

587 4110 816 4167 turum
858 4101 942 4166 ad
985 4103 1391 4187 voluptatem
1435 4103 1732 4168 omnium
1774 4103 2151 4170 maximam.

768 4222 1072 4303 Quamvis
1124 4224 1291 4287 enim
1342 4227 1499 4289 recte
1546 4217 1886 4309 factorum]
1956 4223 2388 4305 Disputatum
2442 4228 2545 4286 est

588 4305 705 4373 diu
750 4316 818 4371 et
860 4308 1056 4373 anxie
1096 4308 1272 4374 inter
1324 4308 1748 4393 philosophos
1792 4308 1873 4374 de
1926 4308 2234 4374 felicitate
2289 4306 2541 4386 ultima,

590 4393 674 4458 ad
740 4394 923 4460 cuius
997 4396 1199 4460 finem
1260 4394 1482 4460 omnia
1546 4394 1890 4460 referenda
1948 4401 2122 4460 sunt.
2239 4391 2546 4460 Sedecim

588 4488 806 4546 sectae
850 4480 1055 4546 variis
1099 4479 1513 4565 opinionibus
1572 4486 1722 4563 [pag.
1762 4485 1828 4561 4]
1886 4481 2060 4545 inter
2104 4500 2175 4545 se
2220 4487 2541 4563 pugnant,

588 4571 798 4716 guum
839 4566 912 4631 in
953 4566 1294 4666 voluptate
1336 4586 1457 4631 sua
1499 4587 1758 4651 semper
1801 4566 2155 4650 acquiescit
2191 4565 2544 4648 Epicurus,

649 4671 877 4717 roesus
956 4651 1220 4718 divitias
1279 4653 1439 4718 ‘suas
1504 4653 1801 4737 respicit,
1881 4652 1995 4717 alii
2061 4651 2340 4734 denique
2404 4652 2544 4717 suis

588 4737 931 4803 affectibus
972 4759 1091 4821 pro
1135 4760 1205 4803 se
1248 4738 1523 4822 quisque
1566 4739 1884 4805 serviunt.
1965 4739 2160 4804 Duae
2202 4745 2361 4803 sunt
2402 4758 2543 4803 ma·

638 4823 691 4888 ’s
734 4823 998 4889 veritati
1043 4832 1533 4890 consentaneae.
1590 4825 1789 4891 Prior
1829 4824 2133 4904 Zenonis,
2177 4822 2541 4903 Cleanthis,

650 4908 945 4988 osidonii,
981 4909 1357 4990 Hecatonis,
1393 4908 1713 4996 Diogenis
1735 4910 2144 4998 Babylonici,
2182 4918 2249 4974 ct
2281 4906 2544 4975 Stoicae

590 4994 881 5061 scholae:
928 4996 1230 5078 quamvis
1273 4996 1414 5061 eius
1449 4995 1774 5081 dogmatis
1811 5005 2107 5062 autorem
2143 4995 2367 5060 laudet
2399 4995 2543 5060 An·

587 5080 944 5145 tisthenem
990 5082 1406 5167 Augustinus
1447 5082 1555 5148 lib.
1597 5082 1791 5147 VIII.
1836 5081 1918 5147 de
1963 5082 2159 5148 civit.
2204 5080 2360 5146 Dei:
2411 5081 2544 5146 vir-

589 5173 799 5232 tutem
867 5166 1114 5233 scilicet
1186 5190 1327 5234 esse
1394 5165 1701 5233 ultimum
1761 5170 1962 5233 finem
1979 5219 1994 5246 ,
2065 5189 2258 5251 quem
2313 5186 2544 5232 omnes

590 5260 775 5319 actus
790 5305 805 5330 ,
864 5254 1083 5318 omnia
1139 5256 1316 5319 vitae
1372 5253 1700 5319 humanae
1755 5274 1954 5337 opera
2008 5261 2076 5319 et
2113 5252 2386 5319 consilia
2439 5273 2542 5318 re-

2649 531 2954 615 spiciunt.
3058 532 3136 596 in
3193 552 3389 616 quam
3445 532 3842 599 sententiam
3885 532 4298 617 accipiendus
4355 542 4458 600 est
4499 534 4605 599 hic

2649 616 2849 683 locus.
2940 616 3342 684 Aristotelici
3386 617 3564 682 ultra
3613 618 4144 703 progrediuntur.
4232 619 4383 685 Non
4427 621 4600 685 enim
4638 644 4643 649 ·

2647 703 2851 769 finem
2915 702 2987 768 in
3048 703 3289 768 virtute
3304 755 3320 781 ,
3387 702 3502 769 sed
3558 705 3631 768 in
3676 704 3945 770 virtutis
3998 725 4126 771 usu
4175 706 4601 771 constituunt.

2649 788 2822 855 Vide
2889 788 3310 855 Aristotelem
3385 788 3494 855 lib.
3538 789 3591 853 Ι.
3652 789 4063 855 Ethicorum.
4164 789 4417 857 Sensus
4470 800 4602 857 est:

2650 871 2975 955 Quamvis
3018 875 3089 939 in
3133 872 3507 941 Stoicorum
3553 875 3811 940 decreto
3853 875 4022 940 nihil
4058 875 4607 943 considerandum

2650 960 2737 1025 sit
2778 960 2850 1025 in
2887 961 3134 1026 virtute
3167 967 3430 1044 praeter
3463 961 3675 1045 ipsam
3710 961 4049 1041 virtutem,
4092 982 4308 1046 neque
4343 962 4606 1029 aliunde

2648 1045 2934 1130 pendeat
2977 1044 3239 1112 virtutis
3284 1046 3649 1112 aestimatio
3666 1098 3683 1127 ,
3748 1045 3863 1112 sed
3906 1047 3978 1112 in
4021 1068 4093 1112 se
4135 1048 4282 1131 ipsa
4324 1050 4455 1114 sita
4502 1050 4605 1129 sit,

2647 1132 2834 1197 iuvat
2914 1139 3137 1198 tamen
3228 1132 3550 1215 inspicere
3626 1131 3865 1197 bonam
3953 1133 4421 1199 conscientiam
4486 1143 4604 1200 etc.

2647 1217 2842 1283 Hanc
2881 1217 3276 1283 sententiam
3316 1217 3419 1283 ele
3554 1226 3657 1284 ter
3690 1216 3923 1284 Oiccro
3962 1219 4346 1303 complexus
4391 1228 4495 1286 est
4534 1221 4605 1285 in

2648 1301 2921 1370 Somnio
2973 1301 3330 1387 Scipionis:
3398 1239 3552 1370 1320?
3582 1305 3651 1369 in
3703 1304 4012 1387 praemiis
4067 1304 4379 1371 humanis
4423 1327 4606 1389 spem

2647 1391 2945 1472 posueris
3011 1410 3237 1455 rerum
3300 1397 3596 1454 tuarum:
3664 1390 3801 1455 suis
3870 1397 3936 1455 te
3998 1389 4327 1457 illecebris
4381 1392 4601 1458 virtus

2649 1474 2873 1540 trahat
2926 1483 3180 1557 oportet
3233 1473 3317 1540 ad
3371 1497 3601 1541 verum
3658 1474 3874 1541 decus.
3981 1475 4075 1541 Et
4126 1476 4199 1540 in
4240 1477 4608 1543 Miloniana

2649 1559 2834 1625 addit
2875 1560 3066 1641 haec,
3110 1578 3275 1644 quae
3320 1568 3496 1627 certe
3540 1582 3701 1627 vera
3743 1568 3931 1641 sunt,
3989 1562 4190 1627 fortes
4234 1571 4304 1628 et
4344 1565 4606 1646 sapien-

2648 1654 2747 1712 tes
2800 1647 2976 1712 viros
3026 1667 3159 1711 non
3212 1654 3352 1711 tam
3415 1648 3707 1729 praemia
3761 1656 3935 1712 recte
3990 1648 4341 1729 factorum,
4399 1670 4600 1732 quam

2645 1732 2789 1815 ipsa
2829 1742 3008 1799 recte
3051 1732 3225 1799 facta
3268 1734 3450 1815 sequi
3495 1733 3723 1799 solere.

2823 1835 2955 1902 Nee
2995 1835 3201 1901 ullum
3234 1836 3534 1900 umatum
3556 1834 3864 1922 pretium]
3913 1834 4123 1916 Quasi
4160 1834 4443 1914 diceret,‘
4474 1858 4607 1902 non
4648 1874 4653 1880 ·

2647 1921 2823 2004 quod
2866 1920 3043 1988 ultra
3080 1922 3396 1986 virtutem
3432 1920 3600 1987 alius
3634 1921 3725 1986 sit
3759 1940 4013 2003 scopus,
4051 1920 4607 2006 quemadmodum

2643 2007 3008 2074 Periander
3063 2009 3320 2073 censuit
3374 2007 3691 2073 virtutem
3745 2005 3830 2071 ad
3886 2006 4152 2072 honoris
4211 2009 4412 2073 finem
4460 2016 4605 2074 ten-

2645 2092 2819 2172 dere,
2864 2100 2934 2158 et
2976 2092 3379 2159 Aristotelici
3421 2093 3504 2158 ad
3549 2093 3818 2159 virtutis
3860 2114 4084 2159 usum:
4127 2091 4245 2159 sed
4287 2102 4390 2158 est
4425 2115 4606 2160 sum-

2644 2199 2829 2244 mum
2871 2181 3135 2258 bonum,
3181 2186 3249 2244 et
3282 2200 3322 2244 a
3369 2177 3726 2262 petendum
3758 2189 4032 2264 propter
4067 2200 4153 2245 se.
4222 2179 4418 2246 Hanc
4457 2202 4604 2246 sen-

2644 2266 2923 2332 tentiam
2964 2286 3173 2350 paene
3216 2200 3450 2333 iisdem
3493 2263 3713 2331 verbis
3758 2266 4083 2349 expressit
4117 2264 4561 2333 Claudianus:

2882 2367 2911 2421 Ι
2950 2384 3013 2422 sa
3047 2367 3260 2437 quidem
3296 2368 3467 2422 virtus
3502 2368 3735 2438 pretium
3769 2368 3885 2434 sibi,
3921 2367 4005 2422 sol
4080 2383 4145 2422 ue
4180 2367 4290 2422 late

2937 2444 3162 2491 ortunae
3201 2451 3392 2491 secura
3426 2437 3579 2503 nitet,
3614 2451 3715 2490 nec
3750 2435 3989 2492 fascibus
4084 2436 4148 2490 lis

2885 2505 3140 2571 Erigitur.
3898 2562 3917 2569 „

2643 2609 2736 2672 Et
2779 2608 3031 2673 Seneca
3091 2605 3199 2671 lib.
3245 2606 3366 2670 IV.
3426 2605 3507 2670 de
3550 2606 3929 2673 Beneficiis:
3989 2608 4244 2673 Rerum
4295 2608 4605 2675 honesta·

2644 2715 2794 2758 rum
2840 2692 3127 2777 pretium
3173 2694 3242 2756 in
3286 2693 3443 2774 ipsis
3487 2706 3605 2758 est.

2819 2794 3007 2869 Iuvat
3039 2799 3246 2861 tamen
3279 2793 3613 2881 inspicere]
3654 2796 3842 2859 Bene
3880 2796 4139 2863 Plinius
4176 2796 4283 2862 lib.
4324 2797 4375 2860 1.
4414 2799 4601 2881 epist.

2643 2879 2728 2946 ad
2773 2878 3242 2946 Saturninum:
3296 2880 3724 2947 Meminimus
3779 2892 4027 2963 quanto
4078 2883 4326 2949 maiore
4382 2885 4604 2949 animo

2644 2965 3009 3034 honestatis
3050 2967 3302 3033 fluctus
3355 2965 3430 3032 in
3473 2966 3869 3035 conscientia
3909 2989 4110 3052 quam
4162 2969 4234 3035 in
4277 2968 4459 3035 fama
4501 2991 4605 3036 ro-

2643 3060 2944 3137 ponatur.
3031 3053 3125 3118 Et
3158 3050 3533 3120 Macrobius
3568 3053 3680 3119 lib.
3714 3053 3803 3119 II.
3850 3054 3921 3120 in
3956 3053 4312 3122 Somnium
4346 3053 4604 3142 Scipio-

2643 3139 2778 3204 nis:
2843 3138 3131 3204 Virtutis
3187 3138 3474 3205 fmctum
3518 3139 3780 3223 sapiens
3825 3140 3896 3204 in
3940 3141 4340 3208 conscientia
4395 3143 4602 3224 ponit,

2645 3226 2864 3291 minus
2905 3225 3234 3308 perfectus
3275 3226 3348 3289 in
3388 3224 3614 3309 gloria.

2818 3326 3298 3396 Multitudiroem
3360 3328 3749 3408 seditiosam,
3817 3328 4163 3395 discordem
4215 3327 4351 3418 eta]
4423 3329 4605 3398 Sunt

2646 3414 2810 3480 haec
2852 3413 3147 3499 epitheta
3198 3420 3518 3498 perpetua
3557 3412 4003 3480 multitudinis
4016 3466 4033 3493 ,
4077 3414 4414 3494 seditiosa,
4473 3416 4603 3482 dis-

2645 3519 2806 3579 cors,
2852 3501 3206 3583 impotens;
3250 3520 3376 3567 nec
3415 3499 3558 3566 sine
3600 3501 3855 3566 ratione
3897 3500 4218 3585 imposita.

2821 3600 3227 3690 Seditiosam]
3275 3602 3611 3689 Vergilius
3651 3602 3982 3670 Aeneidos
4024 3604 4109 3670 I.:

2784 3706 2864 3760 Ac
2898 3706 3066 3760 veluti
3100 3722 3294 3775 magno
3328 3708 3384 3760 in
3419 3707 3626 3788 populo
3664 3723 3826 3775 quum
3863 3722 4031 3776 saepo
4067 3715 4258 3763 coorta
4294 3716 4380 3762 est

2786 3774 3008 3842 Seditio‚
3046 3775 3325 3843 saevitque
3362 3790 3551 3830 anums
3586 3774 3819 3843 ignobile
3854 3776 4064 3845 vulgus,

2782 3844 3002 3912 Iamque
3039 3843 3188 3897 faces
3225 3851 3282 3897 et
3317 3860 3452 3898 saxa
3487 3842 3691 3910 volant,
3728 3843 3882 3897 furor
3918 3859 4067 3898 arma
4102 3844 4386 3901 minian-at.

2647 3947 2795 4013 Etsi
2832 3946 3068 4029 ubique
3106 3946 3343 4030 vulgus
3378 3967 3640 4031 semper
3674 3944 3759 4010 ad
3793 3968 3901 4012 res
3934 3967 4139 4013 novas
4172 3946 4602 4027 levissimum,

2648 4042 2874 4098 tamen
2938 4053 3213 4097 romana
3274 4030 3460 4116 plebs
3523 4034 3593 4097 in
3668 4033 3896 4115 primis
3910 4084 3926 4112 ,
3994 4054 4161 4117 quae
4215 4053 4299 4099 ex
4363 4054 4606 4119 magna

2648 4119 2961 4201 variaque
3013 4118 3513 4202 peregrinorum
3578 4117 4006 4184 multitudine
4059 4127 4349 4198 constat,
4408 4119 4604 4205 longe
4738 4133 4747 4144 ·

2648 4204 2921 4270 caeteris
2963 4203 3265 4270 mobilior
3306 4213 3423 4270 est.
3512 4204 3973 4289 Proponamus
4026 4204 4215 4271 nobis
4273 4205 4601 4283 historias,

2647 4303 2924 4374 quantos
2970 4293 3119 4370 [pag.
3161 4293 3225 4368 5]
3272 4290 3596 4356 tumultus
3639 4292 4013 4356 excitarunt
4046 4290 4224 4375 apud
4265 4291 4602 4357 Romanos

2646 4376 2854 4460 plebis
2909 4375 3288 4442 seditiones:
3359 4377 3611 4460 quoties
3675 4374 4073 4461 reipublicae
4137 4398 4468 4442 summam
4530 4379 4601 4440 in

2648 4462 3001 4529 discrimen
3042 4459 3489 4527 adduxerunt:
3543 4469 3619 4526 ut
3670 4463 3804 4528 iam
3860 4460 4024 4526 illud
4068 4465 4137 4527 in
4180 4464 4598 4545 proverbium
4674 4509 4685 4516 .

2649 4549 2925 4628 venerit,
2971 4547 3196 4613 'I'urba
3238 4547 3631 4614 turbulenta.

2822 4648 3217 4737 Discordem]
3279 4650 3425 4717 Hoc
3479 4652 3767 4735 pertinet
3817 4649 3902 4715 ad
3958 4652 4431 4717 sententiarum
4485 4672 4602 4716 va-

2649 4739 2968 4804 rietatem.
3068 4737 3193 4802 'l'ot
3237 4757 3474 4803 sensus
3487 4789 3503 4815 ,
3559 4745 3720 4821 quot
3762 4737 4005 4820 capita;
4105 4738 4449 4803 raesern‘m
4492 4735 4602 4801 ubi

2646 4844 2780 4890 non
2824 4833 3071 4889 certam
3104 4823 3430 4887 rationem
3471 4822 3718 4889 habent
3758 4843 3919 4906 prae
3951 4844 4030 4890 oc
4105 4825 4118 4838 ‘
4156 4874 4174 4904 ,
4214 4822 4332 4890 sed
4374 4825 4603 4888 incon-

2649 4910 2824 4975 sulta
2866 4910 3234 4975 temeritate
3278 4908 3605 4992 arripiunt
3656 4907 3976 4992 quidquid
4019 4910 4237 4976 animo
4279 4909 4453 4975 male
4495 4929 4602 4972 so-

2649 4996 2791 5061 brio
2837 5016 2906 5059 se
2950 4993 3273 5059 obtulerit.
3343 4993 3404 5058 N
3407 5014 3492 5059 on
3539 4995 3719 5060 enim
3760 5005 3863 5060 est
3897 4995 4242 5061 consilium
4275 4996 4346 5059 in
4384 4995 4599 5080 vulgo,

2648 5082 2863 5166 inquit
2912 5079 3154 5145 'Oicero
3209 5101 3327 5163 pro
3368 5080 3641 5146 Plancio
3659 5132 3674 5158 ,
3733 5102 3866 5146 non
3922 5082 4120 5159 ratio,
4182 5100 4317 5145 non
4372 5080 4603 5145 discri-

2646 5188 2818 5232 men.
2921 5165 3112 5232 Unde
3193 5164 3388 5232 belua
3449 5165 3807 5232 multorum
3867 5166 4160 5250 capitum
4213 5164 4476 5232 Platoni
4533 5173 4602 5229 et

2649 5252 2942 5318 Horatio.
3028 5251 3107 5315 Id
3153 5253 3351 5318 etiam
3397 5252 3684 5319 ostendit
3728 5253 3909 5318 verbi
3953 5260 4252 5339 etymon:
4300 5251 4601 5335 quamvis
