4984 5975
620 282 738 345 187

610 474 682 533 et
713 465 1023 551 sperant?
1087 465 1219 532 Hic
1254 463 1634 532 cuniculum
1670 463 1873 529 alium
1909 460 2193 527 effodere
2228 481 2339 527 eos
2374 481 2565 552 opor-

612 560 724 630 tet,
771 553 841 630 01,
873 550 1325 641 subterfugere
1367 550 1617 616 volunt.
1712 624 1719 630 ,

783 722 1147 787 Veniamus
1201 742 1375 787 nuno
1421 719 1505 784 ad
1549 719 1892 784 historiam
1938 718 2161 785 divitis
2216 724 2284 783 et
2325 717 2565 782 Lazari

615 809 811 891 (Luc.
858 811 954 884 16,
991 809 1137 888 22);
1194 827 1475 889 quorum
1517 804 1686 870 alter
1726 805 2097 888 praeteritis
2141 803 2344 867 huius
2385 822 2563 868 mor-

609 893 883 958 talitatis
906 891 1237 957 laboribus
1259 902 1327 958 et
1347 891 1698 969 aerumnis,
1723 890 1991 955 tandem
2009 890 2082 954 in
2105 889 2324 955 sinum
2348 889 2564 954 Abra-

610 978 734 1044 hae
771 977 1027 1043 delatus
1066 986 1197 1057 est;
1234 977 1405 1042 alter
1439 978 1514 1041 in
1552 983 1879 1042 tormenta
1911 974 2248 1058 delapsus:
2282 974 2396 1039 ille
2426 983 2563 1039 tor-

608 1070 837 1129 menta
867 1064 1134 1147 patitur,
1160 1065 1212 1146 ¹)
1259 1063 1367 1128 hic
1396 1063 1633 1144 recipit
1662 1061 2183 1129 consolationem.
2241 1061 2564 1144 Magnum

611 1150 810 1217 chaos
852 1149 1315 1234 interpositum
1357 1149 1534 1213 inter
1577 1147 1777 1213 huius
1821 1145 2088 1232 gaudia,
2134 1154 2201 1211 et
2243 1145 2423 1211 illius
2466 1145 2561 1210 af-

609 1236 983 1319 flictionem.
1064 1233 1328 1301 Suntne
1366 1235 1525 1300 haec
1568 1234 1822 1299 somnia
1864 1239 2088 1316 portae
2132 1253 2423 1310 corneae,
2481 1230 2562 1296 de

525 1369 532 1380 .
609 1341 740 1404 qua
791 1330 1022 1404 poetae
1076 1319 1494 1385 fabulantur?
1574 1319 1862 1398 Verum,
1919 1326 1997 1383 ut
2048 1317 2337 1384 habeant
2392 1317 2560 1381 effu-

610 1407 795 1491 gium
836 1427 964 1489 quo
1009 1404 1374 1484 elabantur,
1419 1406 1671 1476 faciunt
1710 1427 1796 1470 ex
1839 1404 2113 1469 historia
2149 1402 2558 1487 parabolam:

610 1492 925 1575 aiuntque
986 1492 1317 1557 fictionem
1358 1513 1502 1557 esse
1521 1542 1535 1568 ,
1586 1488 1900 1575 quidquid
1944 1489 2026 1555 de
2059 1489 2417 1566 Abraham,
2461 1485 2560 1551 di-

608 1579 766 1656 vite,
810 1597 1115 1661 paupere,
1160 1577 1406 1643 veritas
1450 1576 1754 1659 loquitur.
1823 1576 2111 1640 Tantum
2153 1572 2561 1641 reverentiae

608 1673 679 1728 et
696 1665 842 1729 Deo
875 1672 942 1726 et
961 1661 1165 1727 verbo
1198 1663 1339 1728 eius
1361 1660 1681 1728 deferunt.
1749 1661 1947 1738 Cedo,
1982 1659 2319 1745 proferant
2349 1679 2561 1724 unum

611 1747 938 1814 duntaxat
991 1749 1067 1812 in
1123 1748 1453 1831 scriptura
1494 1747 1869 1829 exemplum
1887 1797 1902 1826 ,
1956 1746 2073 1811 ubi
2128 1747 2198 1811 in
2251 1743 2562 1830 parabola

607 1835 879 1900 nomine
924 1832 1162 1916 aliquis
1204 1841 1492 1900 vocetur.
1582 1832 1763 1914 Quid
1817 1832 1941 1898 sibi
1992 1831 2158 1898 haec
2200 1829 2403 1897 verba
2444 1848 2560 1894 vo-

607 1919 799 1986 lunt?
865 1920 1034 1983 Erat
1072 1916 1341 2001 quidam
1371 1917 1711 1985 mendicus
1743 1917 2009 1984 nomine
2042 1918 2357 1983 Lazarus.
2424 1917 2564 1979 Aut

608 2005 887 2071 verbum
919 2004 1049 2068 Dei
1089 2004 1357 2068 mentiri
1399 2011 1673 2086 oportet,
1718 2011 1835 2069 aut
1874 2022 2103 2070 veram
2145 2023 2289 2068 esse
2332 2019 2561 2065 narra·

606 2092 874 2156 tionem.
962 2088 1047 2154 Id
1089 2090 1289 2154 etiam
1332 2089 1939 2155 animadverterunt
1978 2097 2234 2155 veteres
2277 2086 2560 2169 scriptu·

607 2196 723 2241 rae
764 2175 1178 2260 interpretes.
1265 2175 1441 2240 Nam
1477 2174 1893 2241 Ambrosius:
1936 2173 2243 2239 Narratio
2286 2179 2413 2249 est,
2455 2171 2560 2234 in-

607 2262 768 2345 quit,
814 2262 1026 2344 magis
1062 2279 1260 2343 quam
1294 2259 1620 2343 parabola,
1669 2260 1822 2343 quia
1850 2280 2093 2325 nomen
2126 2258 2410 2324 additur.
2476 2256 2562 2321 Id

606 2348 825 2498 00
877 2344 2342 2517 0110008..οἭᾙο
2371 2342 2560 2512 ,a

605 2517 950 2585 historiam
993 2517 1305 2582 referunt.
1371 2518 1482 2582 Ex
1566 2517 1760 2584 uibus
1794 2517 2242 2584 Tertullianus
2281 2513 2560 2580 arbitra-

608 2610 720 2669 tur
761 2604 833 2667 in
874 2601 1098 2668 divitis
1140 2623 1434 2686 persona,
1552 2602 1818 2668 erodem
1853 2603 2129 2687 signari;
2176 2607 2294 2681 [fol.
2340 2605 2442 2679 10]
2487 2600 2558 2696 in

608 2690 865 2755 Lazaro
881 2740 896 2765 ,
942 2687 1261 2754 Ioannem
1303 2688 1695 2771 Baptistam.
1762 2687 1985 2753 Verba
2038 2696 2259 2753 antem
2301 2686 2561 2750 Irenaei

611 2785 794 2840 sunt:
839 2774 992 2839 Non
1034 2774 1321 2839 fabulam
1363 2775 1661 2841 narravit
1700 2774 1889 2840 nobis
1932 2774 2277 2848 Dominus,
2321 2770 2560 2835 Lazari

612 2868 680 2926 et
722 2858 973 2938 divitis,
1018 2867 1139 2925 etc.
1227 2860 1321 2925 Et
1363 2858 1657 2945 Gyrillus
1708 2879 1912 2941 quum
1926 2858 1986 2944 2)
2037 2856 2388 2941 respondet
2427 2856 2561 2919 Ar-

608 2946 832 3025 rianis,
878 2946 988 3029 qui
1034 2965 1119 3012 ex
1162 2965 1239 3011 eo
1272 2945 1414 3012 loco
1457 2944 1833 3011 machinam
1867 2944 2213 3011 struebant
2244 2940 2560 3008 adversus

609 3031 863 3099 Ohn‘sti
906 3031 1322 3098 divinitatem
1335 3082 1351 3109 ,
1396 3050 1531 3117 non
1573 3030 1816 3096 refellit
1856 3037 1932 3094 ut
1975 3028 2352 3112 parabolam
2367 3077 2383 3105 ,
2444 3024 2561 3091 sed

609 3126 687 3183 nt
728 3117 1073 3183 historiam
1114 3117 1602 3199 interpretatur.
1625 3116 1684 3201 ⁸)
1749 3114 1897 3181 Hoc
1938 3115 2153 3200 magis
2187 3112 2558 3190 ridiculum,

610 3203 784 3288 quod
817 3203 1023 3268 errori
1057 3222 1174 3267 suo
1205 3198 1650 3285 praetendunt
1680 3200 2040 3286 Augustini
2070 3220 2329 3279 nomen,
2363 3217 2560 3281 quem

609 3288 1006 3356 cavillantur
1047 3288 1120 3352 in
1162 3287 1337 3352 hanc
1390 3286 1764 3369 opinionem
1815 3285 2249 3352 consensisse:
2308 3285 2558 3366 opinor,

609 3375 768 3459 quia
810 3373 1096 3458 quodam
1137 3373 1278 3437 loeo
1296 3373 1354 3451 ἒ)
1401 3370 1674 3436 dixerit:
1718 3371 1794 3437 in
1835 3369 2147 3456 parabola
2189 3374 2306 3454 per
2348 3370 2559 3435 Laza-

608 3481 759 3526 rum
781 3459 1126 3526 Christum
1144 3456 1678 3541 intelligendum:
1705 3478 1824 3541 per
1845 3455 2118 3523 divitem
2136 3456 2555 3523 Pharisaeos:

609 3539 2558 3712 :sfflffssmasffigfffftsmmnffltffiffi

610 3716 798 3793 vitis,
843 3712 1218 3781 Pharisaeis
1262 3713 1676 3779 attribuatur.
1763 3714 1896 3781 Hic
1950 3735 2093 3782 mos
2149 3724 2251 3780 est
2305 3732 2555 3790 eorum,

610 3801 724 3884 qui
768 3801 838 3864 in
882 3797 1394 3881 praeindicatam
1447 3800 1821 3883 opinionem
1864 3808 2001 3865 toto
2041 3801 2291 3884 impetu
2330 3801 2558 3866 ferun-

612 3894 752 3949 tur:
799 3904 1005 3967 quum
1050 3883 1277 3950 vident
1317 3885 1485 3950 nihil
1527 3884 1650 3952 sibi
1701 3906 1844 3952 esse
1887 3886 2122 3952 stabile
2138 3939 2154 3966 ,
2208 3907 2338 3970 quo
2381 3885 2557 3950 inni-

610 3977 855 4047 tantur,
895 3988 1035 4070 non
1079 3971 1485 4068 syllabarum
1530 3969 1888 4054 decipulas,
1942 3969 2058 4038 sed
2108 3973 2284 4056 ipsos
2334 3971 2557 4035 litera-

610 4054 2559 4228 ᾞθέΡὼοῗηοωοέῊμὲἷῗῖιιῗῗῗμῗξέᾙο.ζῖοέῗὲῗ

610 4234 751 4306 tur,
809 4247 882 4291 se
936 4246 1056 4309 pro
1109 4227 1381 4294 historia
1432 4229 1738 4311 recipere.
1827 4228 2007 4294 Eant
2056 4252 2234 4296 nunc
2289 4239 2356 4294 et
2396 4249 2558 4295 ven-

613 4311 776 4377 dant
817 4333 970 4378 suos
1011 4312 1225 4380 fumos
1267 4315 1337 4378 in
1378 4313 1613 4379 media*¹
1635 4314 1798 4380 luce.
1864 4314 2095 4398 Neque
2128 4324 2351 4381 tamen
2394 4315 2560 4380 effu-

613 4418 769 4483 gere
826 4408 1098 4480 possunt
1112 4450 1128 4477 ,
1185 4401 1345 4482 quin
1397 4420 1656 4484 semper
1697 4401 1769 4465 in
1822 4401 2086 4468 eosdem
2127 4401 2423 4467 incidant
2462 4399 2562 4465 la-

613 4503 834 4567 queos.
924 4482 1021 4549 Ut
1054 4485 1229 4552 enim
1272 4485 1706 4552 concedamus
1750 4507 1894 4552 esse
1982 4487 2315 4553 arabolam
2357 4484 2561 4571 (quod

609 4568 903 4634 minime·
913 4568 1210 4635 obtinere
1240 4572 1540 4654 possunt)
1585 4571 1744 4655 quid
1788 4507 1980 4636 aliud)
1997 4572 2319 4652 evincent,
2363 4592 2562 4656 quam

610 4674 756 4720 esse
812 4653 1255 4735 collationem,
1310 4677 1477 4739 quae
1536 4658 1680 4723 01110
1724 4657 1999 4724 veritate
2042 4663 2216 4725 stare
2270 4678 2560 4742 110111110-

614 4786 673 4794 .-

750 4839 809 4907 1)
849 4839 924 4896 111
957 4842 1058 4897 hoe
1090 4849 1348 4899 commate
1509 4860 1548 4899 a
1566 4843 1706 4899 1576
1728 4861 1868 4917 seqq.
1898 4844 2032 4900 vitio
2066 4861 2360 4914 operarum
2392 4844 2560 4900 inter·

612 4908 881 4965 ciderunt.
1088 4910 1150 4976 2)
1187 4911 1328 4981 (111111,
1398 4910 1502 4966 552
1536 4928 1677 4984 seqq.
1881 4912 1946 4980 3)
1982 4914 2208 4970 Tei-tull.
2243 4915 2335 4970 lib.
2371 4914 2560 4968 adver·

611 4994 706 5034 sus
730 4977 1017 5049 Marcion.;
1051 4980 1308 5036 Irenaeus
1340 4980 1479 5037 libro
1498 4980 1591 5037 IV.
1627 4990 1817 5039 contra
1849 4984 2061 5039 haeres.
2096 4999 2217 5053 cap.
2248 4980 2309 5049 43
2346 4981 2562 5052 origen.

614 5044 825 5169 Ιὲιίιωῶ.
862 5046 1169 5173 111ΕὲοἙ
1198 5049 1432 5173 (gy-pale·
1464 5051 1511 5106 10
1537 5049 1633 5120 .8;
1656 5051 1876 5107 Hieron.
1911 5052 2115 5108 inEsa.
2151 5069 2267 5122 cap.
2287 5049 2560 5120 49.et65;

709 5130 854 5171 anus
897 5134 951 5171 111
1033 5134 1059 5172 s
1171 5158 1183 5170 .
1261 5137 1275 5186 3
1479 5158 1494 5173 .

1242 5176 1247 5185 ,
1528 5120 1581 5174 111
1620 5117 1669 5176 1.
1705 5136 1825 5189 cap.
1857 5120 2042 5177 Ioann.
2080 5137 2202 5190 cap.
2243 5118 2329 5174 22.
2499 5118 2560 5186 4)

614 5181 733 5238 Lss).
757 5184 903 5239 VIII.
938 5184 1005 5240 de
1041 5185 1239 5242 Genesi
1275 5187 1344 5242 ad
1380 5188 1458 5242 lit.

2134 270 3087 378 PsYoHoPANNYomA.

4501 277 4618 340 188

2668 460 2841 527 test?
2929 461 3010 528 Id
3067 463 3125 527 si
3178 464 3479 530 nesciunt
3534 462 3756 548 mag-ui
3810 462 3918 527 isti
3979 461 4267 548 theologi
4284 513 4299 540 ,
4358 461 4620 529 discant

2670 568 2754 612 ex
2775 547 3114 613 elementis
3134 548 3737 631 grammaticorum:
3774 555 3844 612 et
3870 547 4248 631 parabolam
4268 548 4619 615 invenient

2668 654 2811 698 esse
2843 633 3358 712 similitudinem,
3395 641 3729 716 sumptam
3760 654 3843 697 ex
3876 632 4176 698 veritate.
4244 631 4376 710 Sic,
4413 656 4616 717 quum

2669 716 2924 795 dicitur,
2967 720 3299 784 hominem
3335 719 3662 802 quendam
3701 718 4007 784 habuisse
4043 719 4209 785 duos
4242 719 4429 798 filios,
4472 721 4617 803 qui-

2669 803 2792 870 bus
2827 804 3050 869 divisit
3084 827 3236 871 suas
3271 805 3620 888 portiones,
3668 812 3922 887 oportet
3955 825 4099 870 esse
4131 806 4204 869 in
4238 826 4461 871 rerum
4494 827 4616 872 na-

2668 899 2820 954 tura
2859 900 2928 956 et
2969 891 3320 968 hominem,
3367 899 3435 956 et
3471 892 3662 970 filios,
3706 897 3776 955 et
3815 890 4301 968 haemditatem,
4346 899 4415 957 et
4448 890 4619 958 divi-

2668 975 2918 1040 sionem
2960 976 3352 1060 portionum.
3443 976 3759 1058 Denique,
3805 975 3968 1042 haec
4009 984 4110 1042 est
4150 985 4465 1060 perpetua
4505 977 4618 1043 lex

2665 1061 3030 1144 parabolae,
3073 1072 3147 1127 ut
3189 1063 3476 1145 primum
3520 1062 3959 1145 concipiamus
4011 1083 4155 1127 rem
4201 1062 4479 1141 nudam,
4539 1072 4618 1129 ut

2665 1148 3077 1230 proponitur:
3140 1148 3404 1225 deinde,
3462 1169 3546 1213 ex
3605 1168 3683 1212 ea
3738 1149 4159 1230 conceptione
4214 1147 4616 1214 deducamur

2667 1231 2751 1297 ad
2792 1234 2995 1299 finem
3037 1233 3411 1317 parabolae:
3456 1234 3581 1299 hoc
3623 1241 3741 1311 est,-
3777 1234 3864 1299 ad
3907 1255 4047 1298 rem
4090 1235 4321 1316 ipsam,
4369 1235 4472 1300 cui
4508 1253 4615 1299 ac-
4709 1231 4718 1238 ’

2666 1319 3113 1384 commodatur
3163 1319 3537 1384 similitudo.
3636 1318 3990 1384 Imitentur
4043 1318 4615 1403 Chrysostomum,

2667 1403 2789 1468 hac
2830 1404 2902 1468 in
2947 1426 3019 1469 re
3058 1426 3248 1469 suum
3294 1404 3637 1471 Achillem.
3725 1405 4155 1471 Existimavit
4197 1403 4462 1487 quidem
4502 1404 4616 1471 ille

2664 1510 2807 1555 0000
2850 1488 3247 1572 parabolam,
3301 1512 3384 1555 ex
3429 1512 3558 1573 qua
3600 1501 3825 1555 tamen
3867 1492 4214 1556 veritatem
4259 1511 4453 1573 saepe
4495 1490 4616 1557 011-

2665 1576 2771 1642 cit.
2801 1575 2851 1656 ι)
2939 1576 3032 1642 Ut
3076 1597 3277 1658 quum
3319 1575 3476 1641 inde
3520 1576 3767 1659 probat,
3813 1584 4224 1642 mortuorum
4256 1577 4510 1643 animas
4545 1578 4616 1642 in

2664 1661 2861 1726 certis
2918 1683 3060 1727 esse
3115 1662 3302 1741 locis,
3362 1660 3649 1728 ostendit
3701 1662 4042 1746 gehennae
4098 1662 4494 1745 gravitatem
4549 1674 4617 1728 et

2666 1745 3038 1812 delitiarum
3080 1747 3454 1832 perniciem.
3544 1749 3608 1812 N
3609 1768 3647 1812 0
3692 1748 3797 1813 hic
3841 1748 4008 1813 mihi
4050 1747 4332 1812 multum
4376 1746 4616 1814 verbo-

2665 1852 2817 1896 rum
2857 1832 3266 1916 perdendum
3312 1833 3426 1911 sit,
3473 1833 3823 1900 consulant
3865 1854 4136 1900 sensum
4179 1854 4612 1912 communem,

2665 1917 2724 1983 si
2765 1938 2963 2000 quem
3007 1917 3300 1984 habentt·
3325 1929 3396 1984 et
3423 1918 3614 1984 facile
3648 1926 4078 2003 assequentur
4107 1920 4243 1985 vim
4275 1927 4471 2002 atque
4507 1941 4614 1985 ra-

2665 2003 2913 2067 tionem
2956 2003 3321 2086 parabolae.

2835 2140 2928 2205 Et
2969 2139 3226 2223 quando
3271 2141 3590 2219 satisfieri,
3627 2147 3945 2223 quantum
3978 2140 4052 2206 in
4085 2140 4273 2205 nobis
4310 2151 4430 2221 est,
4474 2164 4612 2209 om-

2663 2226 2859 2292 nibus
2902 2225 3230 2292 volumus:
3269 2224 3568 2292 nonnihil
3606 2225 4002 2293 disseremus
4037 2226 4163 2291 hoc
4194 2225 4334 2293 loco
4369 2226 4451 2294 de
4472 2229 4614 2294 ani-

2662 2332 2922 2377 marum
2957 2312 3193 2396 quiete,
3231 2333 3398 2395 quae
3434 2312 3505 2377 in
3548 2320 3727 2378 certa
3757 2311 3888 2378 fide
3920 2312 4429 2397 promissionum
4463 2311 4614 2395 Dei,

2664 2417 2705 2461 a
2726 2398 3104 2481 corporibus
3125 2397 3497 2464 solvuntur.
3537 2396 3616 2464 Si
3659 2397 3878 2464 uidem
3901 2418 4017 2482 per
4039 2398 4262 2463 sinum
4282 2397 4617 2480 Abrahae,

2663 2482 2832 2547 nihil
2877 2482 3055 2548 aliud
3080 2504 3276 2566 quam
3312 2483 3596 2566 quietem
3641 2483 3825 2548 1110111
3866 2484 4227 2566 scripturae
4269 2484 4458 2552 nobis
4503 2485 4617 2552 de-

2664 2568 3200 2718 sumim-
3217 2568 3450 2735 Nau
3459 2571 4391 2737 ⁰:²„:⁰:12132331¹2:::J;::22¹3²:⁸’
4404 2593 4618 2723 3:¹33

2665 2739 2955 2816 nomine,
3017 2738 3143 2804 nisi
3209 2739 3342 2803 iam
3398 2760 3622 2805 eorum
3679 2740 4035 2806 mendaciis
4078 2750 4494 2824 corruptum,
4549 2751 4620 2809 et

2663 2844 2871 2907 paene
2913 2822 3236 2907 pollutum
3281 2835 3491 2891 osset·
3527 2824 3788 2892 Deinde
3821 2848 3940 2909 per
3973 2827 4276 2910 quietem,
4322 2847 4458 2892 non
4503 2826 4617 2894 de-

2664 2909 2930 2989 sidiam,
2977 2916 3094 2974 aut
3127 2917 3504 2991 veternum,
3550 2919 3666 2976 aut
3707 2910 3952 2997 aliquid
3974 2911 4206 2977 ·simile
4261 2913 4616 2995 ebrietatis,

2664 2995 2854 3080 quale
2899 2996 3157 3061 animae
3199 2996 3557 3081 affingunt,
3602 2997 4062 3083 intelligimus:
4121 2997 4236 3063 sed
4280 3000 4619 3067 conscien-

2664 3081 2796 3147 tiae
2815 3080 3364 3165 tranquillitatem
3395 3090 3463 3149 et
3509 3084 3955 3150 securitatem:
4002 3105 4167 3166 quae
4203 3105 4408 3169 quum
4443 3107 4620 3152 sem-

2659 3188 2781 3252 per
2835 3167 2991 3232 fidei
3046 3166 3356 3235 adiuncta
3408 3170 3523 3248 sit,
3580 3190 3918 3253 nunquam
3977 3185 4197 3236 tamen
4253 3172 4619 3255 perficitur,

2663 3260 2780 3319 aut
2822 3253 2959 3319 suis
3004 3254 3298 3319 numeris
3333 3263 3607 3333 constat,
3651 3256 3781 3320 nisi
3827 3263 3978 3338 post
4016 3261 4317 3321 mortem.
4404 3256 4621 3323 Audit

2664 3344 2784 3421 [fol.
2832 3353 2857 3403 1
2874 3342 2934 3418 1]
2981 3338 3248 3422 quidem
3290 3362 3374 3405 ex
3438 3360 3552 3406 oro
3594 3339 3726 3407 Dei
3781 3339 4266 3408 benedictiones
4317 3341 4620 3411 fidelium

2661 3425 2948 3504 ecclesia,
2993 3445 3162 3508 quae
3195 3424 3368 3491 hanc
3404 3434 3653 3491 terram
3686 3424 3932 3506 adhuc,
3971 3426 4157 3493 velut
4191 3425 4465 3508 advena,
4512 3429 4618 3496 in-

2660 3509 2830 3577 colit.
2897 3509 3282 3577 Ambulavit
3313 3511 3594 3595 populus
3626 3532 3814 3579 meus
3851 3513 3922 3576 in
3967 3512 4465 3596 pulchritudine
4500 3536 4621 3599 pa·

2660 3599 2774 3675 cis,
2812 3602 2882 3662 et
2912 3597 2982 3661 in
3019 3597 3460 3664 tabernaculis
3492 3597 3788 3676 fiduciae,
3826 3605 3895 3664 et
3927 3599 4000 3663 in
4043 3601 4268 3682 requie
4305 3598 4625 3683 opulenta

2662 3682 2817 3764 (Ies.
2845 3686 2948 3761 32,
2983 3684 3107 3765 18).
3177 3681 3365 3764 Quae
3384 3694 3452 3748 et
3482 3684 3627 3767 ipsa
3651 3705 3914 3749 rursum
3933 3685 4185 3834 gratias
4221 3705 4425 3770 agens
4449 3687 4623 3753 0001-

2661 3769 2766 3834 nit
2796 3767 3211 3833 benedicenti
3232 3767 3551 3834 Domino:
3589 3767 3896 3847 Domine,
3979 3769 4120 3836 abis
4154 3769 4345 3835 nobis
4388 3790 4621 3853 paoem

2662 3853 2778 3938 (ib.
2806 3856 2907 3932 26,
2933 3853 3022 3937 3).
3058 3851 3302 3919 Omnia
3325 3855 3502 3919 enim
3526 3875 3724 3937 opera
3743 3866 3972 3920 nostra
3990 3862 4296 3937 operatus
4314 3878 4385 3923 es
4405 3857 4619 3925 nobis.

2661 3939 2857 4006 Hanc
2891 3958 3120 4021 pacem
3152 3939 3400 4006 habent
3437 3947 3700 4023 accepto
3739 3940 4082 4024 evangelio
4115 3940 4364 4022 fideles,
4409 3963 4621 4026 quum

2662 4024 2901 4103 Deum,
2926 4045 3121 4108 quem
3150 4025 3334 4107 prius
3356 4024 3637 4092 iudicem
3651 4025 4045 4110 cogitabant,
4058 4026 4182 4093 01111
4195 4034 4454 4110 patrem
4476 4050 4623 4096 0000

2663 4109 2916 4176 vident:
2964 4131 3034 4176 se
3078 4131 3195 4193 pro
3237 4111 3392 4178 filiis
3435 4113 3600 4189 irae,
3638 4111 3809 4177 filios
3853 4113 4132 4196 gratiae:
4180 4112 4389 4178 effusa
4429 4113 4505 4179 in
4548 4136 4622 4181 00

2664 4198 2917 4263 viscera
2952 4195 3430 4263 misericordiae
3472 4198 3635 4274 Dei3
3682 4206 3758 4262 ut
3797 4196 3933 4263 iam
3967 4196 4136 4263 nihil
4178 4197 4364 4267 aliud
4393 4219 4435 4263 a
4473 4200 4621 4267 Deo

2665 4288 3064 4366 exspectent,
3088 4303 3288 4365 quam
3324 4283 3684 4349 bonitatem
3720 4290 3786 4348 et
3818 4280 4406 4349 mansuetudinem.
4482 4285 4619 4351 Ve-

2663 4390 2834 4447 rum,
2872 4369 3183 4452 quoniam
3216 4368 3455 4435 militia
3487 4376 3608 4447 est,
3645 4369 3788 4434 vita
3810 4369 4096 4434 hominis
4134 4389 4331 4452 super
4366 4378 4622 4436 terram

2666 4454 2831 4538 (Iob.
2882 4459 2940 4533 7,
2992 4459 3076 4535 1),
3122 4475 3391 4521 necesse
3433 4462 3534 4520 est
3574 4474 3703 4534 000,
3748 4455 3859 4536 qui
3904 4455 4204 4520 sentiunt
4246 4462 4313 4519 et
4353 4455 4622 4524 aculeos

2713 4540 2916 4606 eccati
2950 4546 3018 4605 et
3050 4541 3266 4606 carnis
3308 4540 3633 4623 reliquias,
3670 4541 3742 4604 in
3784 4541 4033 4605 mundo
4074 4561 4455 4623 pressuram
4496 4541 4622 4608 ha-

2746 4647 2818 4690 re
2834 4678 2850 4705 ,
2903 4625 2975 4691 in
3025 4625 3170 4691 Deo
3226 4634 3446 4691 autem
3499 4625 4036 4691 consolationem:
4097 4634 4290 4709 atque
4344 4626 4439 4692 ita
4483 4648 4620 4694 non

2663 4710 2860 4794 plane
2903 4712 3120 4776 animo
3165 4731 3308 4776 esse
3361 4711 3716 4794 composito
3776 4718 3844 4775 et
3896 4711 4387 4795 imperturbato.
4479 4713 4617 4779 Ve-

2665 4819 2833 4875 rum,
2879 4818 3083 4881 quum
3118 4816 3383 4862 carnem
3418 4803 3488 4861 et
3522 4797 4120 4880 concupiscentiam
4163 4797 4377 4881 (quae,
4413 4819 4538 4865 ceu
4556 4799 4618 4884 ⁸)

2802 4983 2862 5051 1)
2895 4983 3053 5037 Hom.
3085 4981 3171 5037 25.
3208 4985 3262 5037 in
3297 4982 3525 5051 Mutum
3562 4982 3757 5040 Homil.
3791 4982 3879 5038 57.
3916 4987 3970 5040 in
4005 4985 4247 5040 eundem.
4316 4984 4380 5040 In
4423 5001 4620 5066 parae—

2664 5054 2783 5108 nesi
2817 5052 2888 5106 ad
2908 5051 3115 5106 Theod.
3151 5053 3377 5133 lapsum.
3429 5051 3745 5122 Quanquam
3778 5055 3959 5108 homil.
3993 5053 4047 5108 4.
4081 5055 4135 5107 111
4169 5052 4366 5109 Matth.
4399 5055 4620 5111 videtur

2664 5136 2887 5176 narrare
2932 5126 2995 5173 ut
3036 5121 3331 5176 historiam.
3536 5120 3598 5187 2)
3638 5123 4017 5189 abhorremus,
4055 5119 4192 5176 1576
4319 5139 4367 5192 q.
4413 5125 4620 5194 quatu

2666 5190 2755 5243 hie
2791 5187 3167 5256 adstipulatur
3202 5189 3379 5244 versio
3407 5190 3628 5260 9011100.
3832 5189 3894 5256 3)
3933 5188 4070 5243 1542
4103 5195 4156 5246 α
4189 5188 4221 5242 1
4340 5211 4353 5246 :
4392 5206 4506 5247 seu.
