4984 5975
387 292 501 353 133

375 486 510 556 tur,
558 497 768 560 quum
809 496 1014 559 poena
1058 477 1253 542 unius
1295 485 1510 542 metus
1546 487 1648 543 est
1679 477 2071 556 multorum,
2116 485 2192 542 ut
2230 477 2328 540 lo-

373 569 669 648 quuntur
712 563 1010 629 Gratian.
1058 569 1124 627 et
1161 563 1396 638 Yalen.
1442 582 1536 628 aa.
1583 563 1652 628 in
1697 563 1738 627 l.
1784 564 1837 627 I.
1870 563 1943 629 C.
2002 562 2087 628 ad
2129 563 2172 627 l.
2197 562 2321 628 Iul.

375 672 547 734 repe.
595 669 795 732 quam
840 649 921 714 ob
965 669 1227 714 causam
1272 657 1339 713 et
1379 670 1628 732 poenae
1669 648 2004 715 interdum
2039 649 2186 731 plus
2221 667 2320 716 so-

373 737 491 802 lito
539 735 1056 812 exacerbantur,
1103 734 1195 818 ajt
1229 733 1458 799 Claud.
1505 735 1548 799 l.
1588 741 1706 800 aut
1739 736 1914 801 facta
1949 736 2013 799 ff.
2056 734 2136 798 de
2170 755 2321 818 poe-

372 823 496 888 nis.
555 820 958 886 Plutarchus
1002 819 1082 884 de
1109 840 1257 886 sera
1301 820 1593 886 numinis
1627 821 1948 886 vindicta:
1997 818 2320 886 Scelesto-

371 929 524 974 rum
580 906 901 990 supplicia
952 904 1097 970 ideo
1153 905 1500 971 manifeste
1553 908 1810 973 cunctis
1865 905 2319 985 ostenduntur,

370 994 686 1080 quoniam
707 991 1037 1057 vindictae
1072 1013 1223 1057 cum
1257 992 1509 1056 ratione
1550 993 1840 1082 inflictae
1873 993 2158 1058 officium
2200 999 2321 1070 est,

371 1081 534 1147 alios
570 1101 690 1162 per
723 1078 1002 1143 aliorum
1040 1077 1638 1142 animadversiones
1674 1099 2080 1161 compescere
2113 1087 2180 1143 et
2214 1098 2319 1143 co-

370 1167 618 1232 hibere.
708 1163 937 1229 Cicero
991 1162 1077 1228 ad
1117 1163 1431 1228 Brutum:
1487 1163 1716 1246 Neque
1772 1171 1907 1228 tam
1965 1162 2319 1229 ulciscendi

367 1273 599 1330 causa,
645 1271 846 1334 quam
887 1257 965 1313 ut
991 1255 1074 1313 »et
1115 1250 1185 1313 in
1236 1269 1547 1332 praesens
1605 1250 1954 1316 sceleratos
2006 1251 2182 1315 cives
2239 1248 2319 1313 ti-

366 1359 555 1404 more
601 1337 682 1402 ab
725 1334 1176 1418 impugnanda
1230 1334 1442 1418 patria
1500 1335 1925 1414 deterrerem,
1983 1342 2049 1400 et
2088 1336 2160 1399 in
2203 1356 2317 1417 po-

369 1433 624 1491 sterum
647 1420 1110 1486 documentum
1142 1426 1517 1498 statuerem,
1554 1442 1640 1486 ne
1675 1422 1823 1504 quis
1858 1420 2061 1486 talem
2095 1442 2319 1486 amen-

368 1512 536 1576 tiam
577 1507 779 1574 vellet
820 1506 1084 1571 imitari.
1177 1504 1406 1572 Cicero
1451 1504 1637 1572 Offio.
1684 1508 1770 1571 1.:
1827 1509 1928 1572 Ac
1971 1507 2189 1572 nescio
2234 1527 2320 1571 an

373 1597 536 1662 satis
591 1595 677 1659 sit
731 1614 882 1658 eum
924 1593 1036 1674 qui
1090 1591 1393 1676 deliquit,
1454 1592 1608 1656 facti
1664 1594 1766 1658 sui
1821 1592 2155 1676 poenitere
2173 1643 2187 1670 ,
2244 1600 2321 1657 ut

373 1680 611 1748 caeteri
655 1679 789 1746 sint
827 1676 912 1744 ad
952 1676 1354 1761 peccandum
1397 1676 1733 1746 tardiores,

543 1767 684 1831 Aut
725 1764 996 1831 sublatis
1037 1764 1227 1829 molis
1267 1761 1634 1851 securiores]
1694 1764 1881 1830 Haec
1933 1785 2087 1847 pars
2128 1785 2319 1847 prae-

371 1854 677 1920 termissa
721 1873 761 1916 a
802 1850 1106 1929 Platone,
1167 1848 1250 1915 ad
1303 1870 1500 1933 quam
1553 1857 1774 1915 tamen
1828 1851 2120 1934 respexit
2165 1847 2315 1933 mp.

365 1940 585 2008 iurisc.
633 1938 733 2002 tit.
782 1935 862 2000 de
907 1935 1070 2001 offic.
1117 1933 1393 2019 praesid.
1485 1934 1826 2020 Congruit,
1871 1937 2103 2019 inquit,
2148 1934 2318 2002 bono

366 2035 434 2091 ct
477 2024 667 2108 gravi
707 2020 997 2110 praesidi
1034 2042 1265 2087 curare
1309 2030 1387 2086 ut
1428 2029 1658 2103 pacata
1697 2031 1764 2086 et
1796 2021 2019 2104 quieta
2052 2021 2318 2104 provin-

366 2112 468 2175 cia
509 2111 599 2176 sit
643 2128 837 2194 quam
884 2109 1084 2191 regit:
1126 2105 1316 2190 quod
1364 2128 1499 2171 non
1555 2105 1817 2172 difficile
1860 2106 2203 2186 obtinebit,
2258 2107 2318 2171 si

367 2196 644 2263 sollicite
679 2203 836 2278 agat
880 2197 1024 2272 [pag
1057 2198 1205 2272 126]
1252 2201 1327 2262 ut
1350 2191 1542 2258 malis
1569 2192 1946 2258 hominibus
1981 2193 2320 2276 provincia

363 2289 604 2358 careat,
651 2300 887 2363 eosque
929 2279 1287 2362 conquirat.
2077 2299 2102 2310 ·

542 2366 732 2449 Ipsos
771 2365 1030 2447 facilius
1080 2362 1433 2430 emendabis

367 2455 618 2522 tionem
660 2454 801 2517 eius
841 2451 912 2515 in
955 2472 1152 2533 quem
1195 2450 1416 2515 anima
1462 2450 1771 2529 vertitur,
1829 2447 2115 2516 ostendit
2168 2472 2211 2532 p
2238 2470 2319 2515 us

365 2540 592 2623 profici
647 2535 1154 2603 mansuetudine
1209 2543 1277 2601 et
1331 2535 1709 2614 clementia,
1767 2556 1962 2620 quam
2021 2543 2319 2601 extrema

363 2626 735 2692 severitate.

541 2708 958 2793 Impunitaiis
989 2727 1187 2792 yemis·
1229 2705 1346 2794 est]
1399 2705 1591 2772 Istud
1645 2707 1867 2772 innuit
1917 2705 1998 2788 Q.
2047 2705 2317 2772 Curtius

364 2797 533 2863 libro
576 2797 693 2860 V.:
748 2795 887 2860 Nec
942 2794 1169 2858 mirari
1211 2793 1544 2858 hominem
1583 2793 1880 2858 mercede
1924 2792 2317 2858 conductum

365 2882 588 2952 omnia
629 2882 874 2947 habere
918 2879 1204 2958 venalia,
1251 2878 1392 2945 sine
1434 2880 1726 2963 pignore,
1771 2878 1914 2944 sine
1958 2878 2095 2943 lare
2109 2930 2126 2958 ,
2183 2886 2315 2943 ter-

365 2991 594 3035 rarum
635 2967 812 3034 orbis
855 2965 1168 3045 exsulem,
1215 2965 1566 3050 ancipitem
1612 2965 1895 3046 hostem,
1950 2963 2034 3030 ad
2077 2972 2317 3031 nutum

363 3055 707 3122 licentium
751 3052 1174 3119 circumferri.
1537 3106 1541 3113 .

543 3140 834 3205 Civitatis
873 3144 1081 3203 autem
1122 3158 1323 3203 mores
1409 3136 1749 3218 Quantum
1791 3137 1875 3201 ad
1921 3138 2311 3220 exemplum.

541 3225 728 3292 facit
782 3226 945 3290 enim
1000 3229 1241 3290 consuet
1329 3220 1522 3310 inem]
1594 3216 1940 3289 Sententia
1994 3233 2095 3288 est
2149 3244 2315 3306 quac

363 3321 580 3396 potest
611 3314 685 3376 in
720 3321 1065 3395 utramque
1097 3317 1350 3392 partem
1383 3311 1703 3392 usurpari.
1763 3307 2105 3389 Quomodo
2137 3309 2315 3373 enim

365 3397 716 3463 multitudo
759 3397 1168 3479 peccantium
1208 3396 1745 3461 consuetudinem
1788 3395 2102 3478 peccandi
2142 3395 2316 3474 facit,

363 3485 494 3550 nisi
551 3483 755 3567 quod,
821 3490 896 3547 ut
948 3483 1041 3547 ait
1079 3481 1310 3547 Cicero
1374 3481 1584 3563 Epist.
1622 3482 1726 3545 IV
1729 3502 1776 3544 .:
1846 3479 2041 3560 Quod
2087 3501 2312 3546 exem-

363 3571 474 3654 plo
518 3571 612 3647 fit,
657 3568 726 3633 id
765 3569 967 3633 etiam
1009 3568 1152 3633 fieri
1193 3568 1340 3631 iure
1373 3567 1653 3650 putant?
1745 3565 1938 3647 Quod
1983 3568 2040 3632 si
2081 3568 2152 3632 in
2197 3567 2315 3631 ali-

1521 2362 1866 2446 Quantum
1910 2363 1994 2429 ad
2036 2384 2147 2429 cas
2184 2362 2197 2375 '
2248 2386 2318 2428 a-

364 3677 558 3739 quem
605 3656 789 3738 prius
834 3653 1366 3719 animadversum
1407 3655 1606 3730 foret,
1663 3653 1934 3717 minime
1982 3654 2315 3737 exemplo-
2383 3692 2384 3695 =

365 3764 516 3806 rum
552 3761 678 3805 usu
714 3739 974 3823 culpam
1008 3747 1367 3817 tuerentur,
1413 3740 1628 3823 inquit
1661 3738 2164 3805 Demosthenes.
2233 3739 2314 3804 In

365 3827 648 3893 eundem
693 3846 963 3891 sensum
996 3825 1367 3911 Cyprianus
1410 3826 1482 3889 in
1519 3824 1793 3908 epistola
1827 3824 1909 3888 ad
1945 3825 2314 3891 Donatum:

363 3913 605 3979 Nullus
650 3912 733 3976 de
774 3912 1032 3995 legibus
1075 3919 1291 3977 metus
1336 3920 1465 3990 est,
1528 3910 1607 3976 de
1651 3918 2023 3993 quaestore,
2082 3911 2161 3976 de
2214 3912 2315 3975 iu-

367 3998 527 4076 dice,
579 4018 787 4082 pavor
827 3996 1067 4062 nullus.
1159 3995 1351 4078 Quod
1393 4005 1610 4081 potest
1652 3996 1903 4076 redimi,
1946 4018 2081 4062 non
2125 3999 2315 4062 time-

367 4094 495 4149 tur.
561 4085 734 4149 Esse
775 4082 906 4147 iam
951 4084 1126 4147 inter
1161 4092 1472 4149 nocentes
1506 4084 1869 4161 innoxium,
1911 4084 2161 4148 crimen
2198 4092 2313 4149 est.

365 4168 582 4236 Malos
625 4170 918 4252 quisquis
960 4190 1096 4233 non
1148 4170 1471 4247 imitatur,
1530 4168 1817 4234 offendit.
1907 4168 2317 4235 Consensere

365 4258 512 4321 iura
553 4254 857 4339 peccatis,
901 4262 968 4319 et
1010 4255 1221 4337 coepit
1262 4275 1406 4321 esse
1448 4255 1720 4333 licitum,
1766 4253 1940 4336 quod
1982 4255 2316 4338 publicum

367 4351 484 4407 est.
575 4340 894 4407 Lucanus
935 4339 1102 4406 libro
1145 4341 1265 4405 V.:

645 4424 911 4494 Quidquid
948 4427 1127 4481 multis
1161 4436 1436 4495 peccatur,
1473 4425 1700 4480 inultum
1735 4432 1835 4481 est.

365 4514 462 4578 Et
502 4511 843 4577 Iuvenalis
886 4512 1133 4597 Satyra
1175 4513 1299 4577 11:

867 4612 1098 4669 Faciunt
1129 4616 1186 4669 hi
1221 4615 1405 4684 plura:
1444 4615 1538 4669 sed
1574 4614 1699 4669 illos

645 4681 903 4737 Defendit
934 4700 1204 4739 numerus.

367 4768 602 4836 Trahit
647 4776 872 4834 autem
915 4779 1380 4854 argumentum
1414 4770 1484 4832 in
1523 4756 1718 4834 aliam
1755 4776 2008 4853 partem
2046 4769 2317 4849 Seneca,

365 4855 542 4940 quod
585 4865 732 4920 tum
777 4854 1042 4920 demum
1097 4863 1411 4940 appareat
1452 4864 1737 4940 quantus
1794 4855 1882 4920 sit
1934 4853 2319 4938 delinquen-

369 4942 540 5007 tium
591 4961 939 5017 numerus,
997 4963 1202 5024 quum
1263 4948 1398 5006 tam
1454 4940 1646 5005 multi
1701 4941 2155 5024 delinquentes
2197 4963 2319 5025 pu-

365 5029 662 5093 niuntur.

548 5112 1087 5179 Constituitbonos
1105 5111 1338 5263 more-sl}
1376 5111 1642 5197 Quippe
1672 5113 1955 5179 infidelis
1985 5114 2146 5180 recti
2179 5135 2320 5179 man

365 5200 578 5285 gister-
621 5200 724 5265 est
763 5210 996 5277 metus,
1032 5198 1246 5281 inqmt
1341 5197 1540 5263 liuius
1574 5200 1644 5263 in
1679 5199 2112 5285 Panegyrico,
2148 5199 2320 5282 quod

1553 288 1840 354 LIBER
1880 288 1935 355 Ι.
2027 288 2331 356 CAPUT
2373 287 2574 359 XXI.
2640 293 2875 360 XXII.
2944 293 3213 359 XXIII.

4267 303 4388 383 134

2432 502 2518 546 ex
2568 480 2884 548 Cicerone
2942 482 3208 564 accepit.
3300 481 3426 548 1110
3480 482 3662 548 enini
3714 484 3782 548 in
3841 486 4210 552 Antonium
4262 489 4385 554 sic:

2432 565 2695 650 Quippe
2738 575 2805 633 te
2847 567 3091 633 bonum
3134 567 3411 634 faciebat
3452 568 3678 648 timor,
3723 591 3858 634 non
3906 570 4201 638 diuturni
4243 595 4387 640 ma·

2431 653 2637 736 gister
2678 654 2892 720 officii.
2966 651 3199 718 Simile
3242 661 3348 720 est
3389 652 3555 719 illud
3598 655 3829 720 Latini
3873 657 4099 722 Pacati
4146 659 4215 722 in
4251 660 4384 725 Pa-

2427 740 2773 823 negyrico:
2832 738 3334 820 Quiescentibus
3378 740 3603 824 legum
3657 741 3859 807 minis
3903 744 4105 807 subiit
4148 766 4375 826 quem-

2428 846 2554 907 que
2596 825 2909 907 privalim
2952 825 3055 891 sui
3099 825 3513 907 poenitentia.
3586 824 3699 892 Sic
3742 839 3844 892 est
3885 830 4081 908 enim,
4127 831 4221 895 sic
4263 839 4379 909 est,

2427 919 2773 993 exasperat
2824 909 3124 976 homines
3185 911 3507 994 imperata
3560 913 3900 990 correctio,
3957 913 4382 982 blandissime

2425 1005 2731 1061 monetur
2776 996 3093 1080 exemplo.

3084 1292 3393 1368 CAPUT,
3433 1272 3701 1358 xxmss

2602 1426 2797 1492 Pater
2851 1434 2998 1493 tuus
3036 1429 3257 1511 plures
3300 1431 3472 1495 intra
3514 1429 4006 1512 quinquennium
4049 1430 4239 1495 culleo
4282 1430 4380 1493 in-

2423 1513 2569 1589 suit,
2615 1533 2810 1593 quam
2843 1514 3133 1579 omnibus
3163 1515 3434 1580 saeculis
3468 1516 3709 1580 insutos
3742 1515 4105 1595 accepimus.
4174 1515 4377 1579 Multo

2423 1598 2639 1663 minus
2673 1599 2982 1665 audebant
3023 1601 3205 1665 liberi
3236 1602 3417 1681 nefas
3449 1585 3743 1668 ultimum
3777 1601 4118 1678 admittere,
4162 1621 4380 1682 quant-

2428 1683 2544 1749 diu
2582 1684 2718 1751 sine
2757 1686 2883 1770 leye
2924 1687 3157 1752 crimen
3185 1687 3329 1768 fuit.
3402 1685 3666 1752 Sumam
3708 1686 3875 1751 enim
3897 1687 4250 1768 prudentia
4281 1686 4377 1751 al-

2422 1771 2660 1835 tissimi
2701 1773 2862 1850 viri,
2908 1777 2964 1838 et
3003 1792 3219 1837 rerum
3260 1777 3527 1838 naturae
3557 1772 3939 1854 peritissimi
3952 1822 3967 1851 ,
4017 1773 4380 1839 maluerunt

2423 1856 2589 1920 velut
2641 1857 2997 1923 incredibile
3058 1858 3257 1924 scelus
3272 1908 3286 1936 ,
3353 1863 3409 1923 et
3469 1859 3643 1923 ultra
3706 1857 4044 1923 audaciam
4095 1860 4373 1939 positum

2412 1943 2780 2025 praeterire,
2824 1963 3035 2024 quam,
3079 1944 3235 2009 dum
3273 1944 3612 2024 vindicam,
3656 1944 3963 2009 ostendere
3998 1964 4180 2026 posse
4217 1946 4376 2024 fieri.

2427 2027 2652 2109 Itaque
2682 2030 3054 2109 parricidae
3098 2050 3239 2094 cum
3280 2030 3405 2114 leye
3445 2035 3797 2112 coeperunt,
3854 2035 3909 2093 et
3946 2029 4081 2094 illis
4121 2031 4375 2110 facinus

2413 2133 2623 2196 poena
2664 2116 3046 2180 monstravit.
3139 2115 3422 2181 Pes-simo
3462 2116 3590 2181 loco
3618 2116 4007 2197 pietas-suit,
4043 2121 4377 2196 postquam

2423 2201 2683 2282 saepius
2724 2201 2949 2266 culleos
2990 2201 3285 2279 vidium-9,
3330 2220 3523 2283 quam
3564 2221 3788 2266 cruces.
3856 2201 3942 2264 In
3976 2222 4104 2282 qua
4134 2203 4378 2268 civitate
4440 2253 4447 2260 .

2424 2306 2575 2351 roero
2617 2285 2895 2352 homines
2925 2287 3304 2367 puniuntur,
3360 2287 3433 2350 in
3490 2307 3564 2351 ea
3591 2307 3947 2352 consensus
3981 2288 4054 2368 sit
4095 2289 4377 2353 innocen·

2421 2373 2577 2450 tiae,
2634 2376 2689 2436 et
2730 2372 3086 2454 indulqetur
3122 2373 3293 2437 velut
3320 2372 3575 2452 publico
3617 2372 3780 2436 bono.
3874 2372 4055 2437 Putet
4094 2393 4161 2438 se
4200 2374 4376 2437 inno—

2421 2461 2651 2521 centem
2692 2477 2824 2532 esse
2867 2460 3107 2535 civitas,
3152 2458 3287 2522 erit.
3378 2457 3601 2541 Magis
3642 2459 3943 2522 irascitur
3985 2479 4027 2522 a
4068 2461 4375 2523 communi

2426 2548 2574 2621 [pag.
2606 2547 2753 2621 127]
2793 2543 3160 2627 fruyalitate
3200 2543 3690 2622 desciscentibus,
3734 2545 3793 2608 si
3815 2564 4057 2624 paucos
4099 2564 4199 2609 eos
4242 2565 4374 2610 esse

2421 2630 2664 2695 viderit.
2734 2628 3168 2694 Periculosum
3200 2634 3304 2708 est,
3349 2629 3510 2694 mihi
3552 2630 3742 2708 crede,
3788 2631 4095 2695 ostendere
4134 2632 4371 2695 civitati

2421 2719 2652 2797 quanto
2682 2714 2906 2796 plures
2946 2715 3104 2779 mali
3143 2716 3285 2779 sint.

2537 2816 2546 2830 ’
2590 2834 2842 2901 Probat
2874 2834 2956 2899 ab
2993 2834 3293 2917 exemplo
3330 2834 3500 2917 quod
3539 2832 3811 2912 dixerat,
3842 2855 4205 2917 poenarum
4249 2835 4373 2899 im·
4432 2895 4442 2907 ,

2419 2920 2678 2985 modica
2729 2919 3101 3003 frequentia
3156 2939 3290 2984 non
3346 2927 3484 2983 tam
3543 2920 3781 3004 corrigi
3838 2941 4029 3004 saepe
4086 2921 4373 2988 civitatis

2419 3029 2653 3088 mores,
2699 3026 2894 3091 quam
2938 3007 3007 3071 in
3050 3006 3338 3071 deterius
3380 3005 3649 3090 prolabi.

2599 3109 2793 3175 Pater
2832 3108 3007 3196 tuus]
3068 3108 3415 3208 ‘Claudius
3475 3109 3718 3208 Caesar
3763 3122 3949 3193 pater
4004 3111 4372 3194 adoptivus,

2421 3196 3287 3347 finissiimffiffli'eiiissgss‘it?
3327 3197 4377 3365 ffiimissdsseiptiffiqffliffi

2421 3377 2488 3431 et
2511 3361 2796 3431 Tacitus.
2845 3366 3268 3450 Tranquillus
3292 3368 3365 3431 in
3402 3368 3544 3432 eius
3568 3368 3739 3432 vita:
3787 3369 4143 3432 Tormenta
4178 3389 4373 3451 quae·
4484 3394 4498 3402 ·

2421 3454 2709 3517 stionum
2739 3471 3116 3534 poenasque
3148 3452 3621 3536 parricidarum
3667 3453 4201 3535 repraesentabat
4235 3456 4373 3518 exi-

2420 3538 2743 3621 gebatque
2778 3538 3013 3603 coram.

2510 3688 2529 3707 .
2598 3638 2802 3723 Nefas
2843 3639 3162 3728 alumna]
3209 3640 3290 3705 Id
3335 3648 3461 3719 est,
3523 3640 3946 3706 deterrimum
3990 3648 4057 3704 et
4096 3642 4370 3709 scelero-

2419 3727 2771 3792 sissimum.
2862 3725 3134 3792 Curtius
3167 3725 3332 3791 libro
3368 3725 3486 3791 V.:
3549 3724 3918 3808 onustique
3973 3726 4219 3809 praeda
4252 3749 4371 3810 per

2420 3812 2632 3878 scelus
2678 3812 2985 3876 ultimum
3019 3820 3226 3895 parta,
3271 3814 3497 3896 fugam
3541 3811 3911 3876 intendunt.
3970 3810 4160 3876 Idem
4204 3812 4371 3879 libro

2421 3899 2572 3962 VI.:
2613 3897 2858 3963 Subest
2886 3898 3149 3964 silentio
3185 3899 3457 3975 facinus,
3499 3908 3565 3961 et
3585 3897 3780 3962 avida
3803 3918 3950 3980 spes
3972 3899 4160 3982 regni
4181 3921 4371 3982 prae-

2421 3985 2683 4068 cipitem
2722 3985 3013 4048 animum
3052 3984 3136 4048 ad
3170 3984 3482 4049 ultimum
3516 3984 3700 4048 nefas
3738 3983 4016 4066 impulit.
4078 3986 4376 4052 Ammia-

2421 4092 2552 4135 nus
2594 4068 3057 4135 Marcellinus:
3103 4070 3167 4134 N
3170 4091 3244 4135 ec
3266 4072 3487 4135 visum
3529 4069 3867 4134 hominem
3913 4089 4035 4133 nec
4078 4070 4370 4137 auditum

2422 4155 2755 4235 damnare,
2795 4155 2976 4220 nefas
3020 4156 3326 4220 ultimum
3371 4176 3564 4238 saepe
3608 4155 4002 4220 exclamem.
4092 4155 4205 4222 Sic
4238 4158 4370 4223 Fa-

2421 4243 2568 4308 bius
2603 4250 2797 4308 vocat
2828 4242 3012 4306 nefas
3055 4241 3380 4320 ultimum,
3418 4248 3903 4325 praeposteram
3943 4262 4273 4309 venerem.

2601 4344 2863 4410 Smnma
2903 4344 3069 4408 enim
3100 4345 3445 4427 prudentia
3485 4344 3787 4409 altissimi
3842 4342 3999 4430 viri]
4062 4343 4369 4411 Solonem

2423 4428 2749 4513 intelligit,
2796 4431 2906 4513 qui
2942 4451 3140 4512 quum
3180 4430 3360 4515 leges
3393 4427 3914 4495 Atheniensibus
3957 4430 4230 4509 tulisset,
4270 4432 4371 4496 in-

2423 4523 2792 4599 terrogatus
2848 4536 2969 4581 cur
3024 4515 3279 4579 nullum
3341 4514 3733 4599 supplicium
3792 4517 4236 4581 constituisset
4299 4518 4370 4581 in

2423 4622 2573 4666 eum
2620 4601 2732 4683 qui
2776 4608 3118 4683 parentem
3172 4608 3497 4677 necasset,
3558 4600 3895 4689 respondit
3937 4622 4009 4665 86
4051 4599 4121 4664 id
4163 4604 4369 4666 nemi-

2422 4707 2575 4751 nem
2618 4686 2946 4751 facturum
2988 4696 3268 4769 putasse.
3332 4685 3681 4769 Sapienter
3713 4686 3942 4751 fecisse
3978 4686 4233 4767 dicitur,
4271 4689 4372 4752 in·
4430 4748 4441 4753 ,

2422 4772 2568 4855 quit
2611 4770 2871 4850 Cicero,
2936 4772 3045 4855 qui
3091 4771 3172 4836 de
3213 4793 3289 4838 6ο
3344 4772 3511 4837 nihil
3567 4772 3890 4849 sanxerit,
3948 4772 4117 4854 quod
4177 4782 4373 4837 antea

2424 4858 2844 4924 commissum
2890 4879 3025 4923 non
3068 4867 3227 4935 erat,
3271 4878 3359 4923 ne
3402 4879 3535 4923 non
3579 4866 3716 4923 tam
3758 4857 4129 4940 prohibere,
4174 4878 4369 4939 quam

2424 4942 2774 5009 admonere
2806 4942 3161 5008 videretur.
3230 4942 3440 5009 Cuius
3476 4943 3839 5009 imitatione
3873 4943 4369 5020 Romulus,.au-

2424 5040 2567 5094 tore
2606 5027 2984 5105 Plutarcho,
3029 5048 3233 5110 quum
3268 5038 3336 5095 et
3369 5030 3508 5112 ipse
3542 5029 3721 5113 leges
3755 5026 4080 5105 conderet,
4116 5027 4370 5093 nullam

2424 5112 2759 5198 parricidii
2793 5132 3073 5197 poenam
3117 5113 3390 5182 definire
3432 5114 3658 5192 voluit,
3705 5113 3820 5179 sed
3862 5133 4056 5177 omne
4100 5113 4370 5179 homici-

2427 5200 2609 5266 dium
2654 5201 2917 5267 vocavit
2957 5199 3411 5280 parricidium:
3456 5199 3630 5282 quod
3671 5200 3793 5263 hoc
3827 5198 4103 5278 impium
4139 5218 4213 5262 ac
4254 5218 4370 5263 ne-
