4984 5975
1844 1508 2177 1591 IOAN.
2222 1507 2862 1590 CALVINUS

1996 1642 2157 1711 Plo
2193 1642 2606 1711 LEcrom
2649 1641 2718 1710 S.

664 1834 814 1901 Etsi
856 1834 991 1899 iam
1033 1855 1184 1900 eum
1226 1836 1517 1900 fructum
1559 1833 1734 1917 apud
1777 1834 1917 1917 pios
1961 1832 2210 1916 aliquot
2252 1833 2429 1899 viros
2470 1833 2811 1916 Epistulae
2852 1835 3017 1899 istae
3073 1842 3337 1900 nostrae
3392 1834 3769 1918 ediderunt,
3825 1839 3939 1921 qui
3994 1858 4179 1924 spem
4235 1841 4355 1907 ali-

370 1948 598 2024 quanto
640 1940 958 2004 maiorem
990 1938 1157 2003 mihi
1197 1939 1270 2003 in
1313 1945 1649 2021 posterum
1682 1938 1909 2002 faciat:
1945 1936 2253 2020 quoniam
2286 1942 2511 2002 tamen
2544 1944 2613 2001 et
2644 1937 2998 2003 familiares
3030 1936 3349 2020 quosdam
3385 1958 3580 2019 meos,
3626 1947 3694 2005 et
3729 1940 3891 2007 alios
3924 1962 4058 2007 non
4089 1963 4352 2026 paucos,

371 2064 404 2109 a
439 2043 671 2127 quibus
707 2041 914 2107 lectae
965 2041 1262 2119 fuerunt,
1321 2040 1579 2105 etiamsi
1630 2039 1796 2105 mihi
1845 2040 2243 2105 verbotenus
2287 2039 2759 2119 assentiantur,
2823 2060 2962 2105 non
3014 2046 3237 2105 tamen
3294 2061 3690 2125 magnopere
3744 2044 3899 2110 hinc
3954 2047 4354 2112 commoveri

369 2144 558 2226 sudio,
605 2143 781 2229 quod
821 2144 1056 2210 duram
1098 2160 1523 2228 asperumque
1566 2143 1847 2207 nimium
1883 2139 2321 2209 conditionem
2360 2161 2399 2205 a
2434 2162 2540 2207 me
2575 2141 2698 2207 sibi
2741 2150 3092 2210 causentur
3123 2143 3397 2226 imponi:
3441 2165 3576 2210 non
3608 2146 3956 2213 minimum
3988 2149 4170 2216 visus
4205 2169 4355 2215 sum

369 2248 513 2314 mihi
557 2269 795 2332 operae
836 2249 1125 2332 pretium
1159 2248 1468 2324 facturus,
1514 2246 1572 2312 si
1614 2246 1840 2329 paucis
1884 2245 1991 2312 hic
2033 2243 2271 2328 probos
2315 2265 2542 2311 omnes
2586 2247 2963 2326 obtestarer,
3010 2267 3085 2312 ac
3127 2267 3247 2330 per
3289 2246 3706 2313 tremendum
3748 2248 3915 2315 illud
3933 2251 4066 2317 Dei
4106 2273 4354 2317 nomen

367 2349 773 2431 obsecrarem,
814 2371 901 2416 ne
943 2372 1108 2435 quas
1152 2373 1190 2416 e
1232 2348 1364 2414 Dei
1406 2349 1606 2415 verbo
1648 2356 1943 2432 sumptas
1984 2347 2481 2414 exhortationes
2525 2348 2634 2413 hic
2675 2346 2940 2428 habent,
2985 2349 3259 2433 perinde
3294 2349 3634 2433 accipiant,
3681 2373 3758 2418 ao
3802 2352 3859 2419 si
3900 2353 4123 2420 fabula
4155 2353 4281 2419 sibi
4314 2374 4354 2419 a

366 2464 571 2538 poeta,
625 2465 744 2521 aut
783 2474 825 2519 a
864 2454 1127 2539 rhetore
1170 2453 1389 2536 aliquo
1433 2450 1818 2519 declamatio
1860 2451 2192 2531 recitetur,
2249 2470 2446 2535 quam
2486 2450 2725 2534 plausu
2766 2451 3151 2536 blandisque
3192 2453 3769 2521 acclamationibus
3813 2457 3975 2522 satis
4028 2456 4119 2522 sit
4170 2476 4352 2523 acce-

366 2557 549 2639 pisse:
597 2578 831 2624 verum
866 2565 949 2622 et
988 2556 1165 2622 vitae
1219 2555 1580 2621 doctrinam
1620 2554 1797 2619 tradi
1841 2554 1965 2620 sibi
2018 2554 2467 2633 meminerint,
2526 2574 2695 2638 quae
2736 2575 2869 2621 non
2913 2554 3104 2621 aliter
3147 2576 3345 2639 quam
3389 2556 3898 2640 obtemperando
3944 2559 4072 2625 rite
4116 2578 4350 2642 appro-

368 2656 568 2726 betur:
616 2669 685 2727 et
726 2682 870 2726 eam
912 2662 1123 2744 ipsam
1168 2658 1530 2726 doctrinam
1568 2658 1697 2723 Dei
1733 2659 2007 2724 verbum
2050 2678 2191 2723 esse
2234 2658 2543 2742 cogitent,
2587 2658 2760 2742 quod
2793 2658 3061 2743 impune
3094 2657 3377 2755 ludibrio
3413 2659 3705 2726 habituri
3739 2682 3876 2727 non
3911 2661 4064 2727 sint.
4133 2660 4352 2743 Quam

369 2763 745 2830 sententiam
788 2764 940 2848 quia
981 2763 1277 2847 pluribus
1321 2763 1393 2826 in
1436 2763 1807 2846 praesentia
1841 2761 2060 2828 verbis
2102 2762 2405 2845 persequi
2446 2782 2580 2826 non
2624 2761 2794 2841 licet,
2838 2783 2973 2828 uno
3008 2762 3385 2830 Iezechielis
3426 2763 3787 2847 prophetae
3821 2764 4135 2832 vaticinio
4170 2785 4351 2831 sum-

367 2869 579 2933 matim
644 2868 1057 2951 complectar.
1156 2865 1448 2950 Insignis
1521 2874 1622 2931 est
1685 2864 1866 2931 locus
1937 2865 2049 2949 (33
2068 2916 2085 2945 ,
2135 2867 2209 2928 31
2247 2865 2365 2950 ss.)
2427 2867 2543 2948 qui
2596 2874 2664 2929 et
2727 2866 2797 2929 in
2851 2864 3254 2931 Iudaeorum
3323 2865 3623 2950 exemplo
3687 2867 4020 2949 quandam
4071 2866 4350 2934 infelicis

367 2967 541 3039 huius
586 2970 833 3039 saeculi
876 2970 1161 3056 effigiem
1203 2978 1654 3054 repraesentet
1667 3021 1682 3046 ‚
1740 2978 1810 3035 et
1860 2967 2138 3036 terribili
2193 2967 2398 3035 divini
2448 2966 2673 3035 iudicii
2728 2968 3211 3053 exspectatione
3250 2970 3486 3036 merito
3530 2992 3649 3036 nos
3692 2970 4052 3055 percellere
4095 2968 4348 3036 debeat.

367 3073 722 3141 'turmatim
764 3074 1053 3159 (dicebat
1093 3073 1447 3158 prophetae
1490 3072 1847 3155 Dominus)
1890 3070 1974 3137 ad
2015 3079 2085 3137 te
2129 3073 2436 3150 veniunt,
2494 3092 2716 3137 coram
2759 3081 2827 3137 te
2871 3072 3130 3152 sedent,
3177 3059 3503 3158 verbaque
3564 3083 3682 3140 tua
3739 3074 4050 3155 audiunt,
4106 3073 4223 3140 sed
4272 3093 4353 3139 ea

367 3197 485 3242 non
526 3187 991 3263 exsequuntur.
1079 3177 1475 3243 Ludibrium
1515 3177 1692 3241 enim
1733 3175 1807 3240 in
1847 3175 2139 3258 ipsorum
2179 3194 2311 3253 ore,
2358 3182 2426 3238 et
2468 3195 2579 3240 cor
2621 3196 2847 3241 eorum
2889 3178 2960 3242 in
3003 3176 3350 3243 avaritiam
3391 3176 3800 3244 inclinatum.
3888 3178 3985 3243 Et
4024 3177 4236 3244 factus
4279 3198 4351 3243 es

366 3277 480 3346 illis
518 3302 658 3348 non
701 3302 890 3348 secus
934 3302 1009 3347 ac
1051 3279 1305 3346 ludicra
1349 3280 1564 3347 cantio
1599 3299 1874 3345 sonorae
1909 3276 2291 3357 dulcedinis,
2335 3276 2862 3361 quandoquidem
2896 3280 3114 3346 verbis
3149 3282 3278 3350 tuis
3310 3280 3602 3346 intentas
3636 3280 3886 3347 habent
3921 3300 4134 3359 aures,
4177 3298 4348 3362 quae

367 3385 619 3468 exsequi
658 3405 794 3450 non
835 3390 1089 3450 curant.
1180 3381 1317 3450 Sed
1373 3404 1577 3467 quum
1630 3389 1893 3466 tempus
1931 3381 2190 3448 venerit
2245 3379 2446 3466 (quod
2487 3389 2664 3446 certe
2707 3382 2842 3447 iam
2883 3382 3115 3468 instat)
3169 3391 3563 3468 cognoscent
3616 3381 3792 3466 apud
3838 3403 3909 3448 se
3949 3383 4152 3449 fuisse
4193 3400 4342 3464 pro-

341 3484 635 3567 ·phetam.
702 3486 892 3553 Vale.
982 3485 1315 3566 Genavae,
1359 3485 1571 3571 pridie
1612 3483 1773 3552 Idus
1814 3484 2128 3551 Ianuarii.
2195 3485 2393 3552 Anno
2444 3486 2627 3549 1537.
