4984 5975
354 315 478 375 497

530 498 662 565 Nec
693 499 1091 565 omittendum
1112 501 1200 562 est
1229 496 1559 562 concilium
1575 496 1864 578 futuram
1895 500 2310 566 utilissimum

351 584 486 666 fore
537 585 968 649 maiestatibus
1018 584 1185 663 61416,
1239 583 1393 664 quia
1434 582 1697 648 durante
1748 603 1815 647 eo
1857 584 2109 651 omissis
2151 591 2310 651 trao-

352 669 690 735 tationibus
737 670 1063 754 reliqionis
1112 674 1169 735 et
1209 669 1296 734 ad
1348 668 1673 734 concilium
1730 670 1998 750 reiectis,
2054 671 2307 736 interim

353 775 516 905 aaa
568 756 691 821 sibi
743 754 935 820 utilia
988 760 1044 819 et
1096 755 1456 820 necessaria
1497 759 1679 819 erum
1732 757 2039 821 comae
2080 761 2306 821 tracta-

526 960 627 1025 Ne
668 959 1036 1043 principum
1079 959 1493 1025 conscientiis
1529 965 1786 1025 tantum
1830 959 2171 1026 consulere
2208 961 2304 1026 vi-

353 1045 588 1111 deatur
631 1046 917 1128 optimus
960 1053 1164 1128 pater,
1209 1066 1405 1127 quam
1448 1045 1614 1110 bene
1659 1046 1858 1110 etiam
1904 1066 2131 1111 eorum
2178 1048 2305 1110 uti-

351 1130 649 1196 litatibus
705 1129 990 1209 studeat,
1046 1130 1153 1196 hic
1208 1128 1508 1195 ostendit.
1597 1131 1938 1196 Revocata
1993 1133 2166 1196 enim
2222 1131 2306 1196 ad

353 1237 424 1282 se
457 1217 637 1281 omni
672 1216 1144 1282 ecclesiasticae
1166 1217 1642 1281 reformationis
1675 1236 1833 1280 cura
1854 1225 1922 1282 et
1955 1218 2129 1282 facta
2150 1238 2303 1283 con-

353 1302 485 1369 cilii
518 1323 651 1385 spe,
697 1301 869 1385 quod
910 1302 1050 1385 ipse
1096 1323 1212 1384 pro
1255 1322 1374 1365 sua
1411 1301 1886 1379 commoditate,
1930 1303 2046 1369 ubi
2090 1304 2302 1369 visum

350 1387 571 1466 fuerit,
616 1386 1011 1464 convocabit,
1049 1388 1377 1471 principes
1411 1387 1643 1453 solutis
1682 1387 2029 1471 otiosisque
2065 1389 2302 1453 animis

352 1494 432 1539 ea
476 1472 802 1538 duntaxat
840 1473 1023 1538 iubet
1075 1473 1362 1557 cogitare
1406 1492 1571 1555 quae
1631 1471 1756 1537 sibi
1802 1473 1992 1539 utilia
2033 1493 2302 1539 censue-

350 1559 509 1623 rint.
580 1559 788 1624 Cuius
826 1559 917 1623 rei
939 1569 1123 1623 tanta
1155 1579 1291 1623 non
1327 1566 1500 1624 esset
1534 1559 1979 1638 commoditas,
2005 1560 2061 1625 si
2098 1558 2302 1626 eccle·

349 1645 469 1711 siis
511 1644 582 1709 in
630 1664 860 1710 verum
916 1651 984 1708 et
1026 1643 1394 1728 legitimum
1437 1650 1681 1709 statum
1730 1644 2155 1710 restituendis
2197 1667 2303 1711 co·

349 1738 669 1815 gerentur
710 1749 854 1794 esse
895 1730 1154 1795 intenti.
1241 1729 1585 1794 Fruantur
1626 1751 1782 1814 ergo
1824 1731 2151 1815 principes
2193 1730 2305 1796 be-

348 1817 586 1882 neficio
630 1815 901 1879 minime
955 1815 1460 1893 contemnende,
1516 1825 1595 1880 ut
1650 1816 1970 1900 ablegatis
2013 1837 2054 1881 a
2096 1838 2166 1883 se
2210 1823 2308 1881 tot

350 1900 756 1967 difficillimis
790 1922 865 1966 ac
897 1900 1376 1967 molestissimis
1411 1902 1587 1968 curis
1622 1902 1695 1966 in
1729 1922 1919 1966 suam
1941 1923 2142 1966 unam
2179 1903 2306 1967 uti-

350 1987 609 2052 litatem
653 1986 773 2051 toti
806 1985 1206 2052 incumbant.
1282 1987 1375 2051 At
1407 2007 1613 2069 quum
1648 1985 1951 2052 dominus
1995 1987 2306 2054 ecclesiae

351 2094 512 2139 suae
572 2072 846 2137 tutelam
913 2072 1315 2155 principibus
1381 2072 1808 2156 singulariter
1874 2073 2302 2151 commendet,

349 2179 557 2241 quum
601 2158 772 2222 hanc
815 2157 975 2222 velit
1016 2158 1428 2239 praecipuam
1473 2178 1617 2223 esse
1658 2158 1950 2240 ipsorum
1994 2158 2306 2234 sollicitu-

352 2243 579 2309 dinem
596 2295 612 2320 ,
674 2248 788 2321 [fol.
838 2248 943 2322 38]
988 2250 1068 2307 ut
1101 2243 1330 2326 religio
1374 2244 1499 2307 rite
1545 2241 2056 2321 administretur,
2104 2265 2305 2327 quum

478 2328 647 2393 viter
687 2329 883 2392 etiam
938 2327 1310 2407 denunciet,
1368 2349 1440 2393 se
1494 2329 1633 2394 fore
1676 2330 2164 2395 severissimum
2207 2330 2308 2394 iu-

392 2415 566 2480 icem
589 2415 643 2478 si
665 2413 1170 2497 negligentiores
1193 2413 1299 2478 hic
1318 2415 1577 2492 fuerint,
1594 2414 1827 2497 quibus
1847 2414 2309 2480 incantationi-

346 2500 476 2566 bus
515 2498 663 2564 vult
714 2519 942 2563 eorum
995 2507 1248 2564 mentes
1303 2499 1414 2564 hic
1456 2501 1802 2580 fascinare,
1848 2522 1932 2566 ne
1985 2500 2143 2582 quid
2184 2500 2309 2566 sibi

348 2607 390 2650 a
417 2584 695 2650 Domini
720 2582 957 2649 iudicio
982 2585 1302 2649 timeant?
1358 2583 1620 2650 Deinde
1662 2606 1867 2668 quum
1910 2586 2034 2651 hoc
2077 2586 2308 2652 debeat

348 2672 421 2736 in
480 2669 794 2753 legitimis
838 2669 1117 2736 comitiis
1161 2690 1303 2735 esse
1346 2671 1784 2753 propositum,
1841 2677 1918 2735 ut
1954 2672 2308 2756 imperium

347 2758 419 2821 in
468 2776 625 2820 vero
669 2762 843 2820 statu
886 2763 1330 2833 conservetur,
1376 2757 1562 2840 cuius
1605 2757 1998 2839 principium
2033 2757 2107 2821 in
2130 2755 2308 2840 'pura

348 2842 728 2924 sinceraque
746 2841 1081 2925 religionis
1103 2839 1517 2912 observantia
1550 2843 1750 2906 situm
1771 2850 1889 2920 est,
1914 2851 2307 2924 putamusne

348 2929 489 2994 fore
531 2935 605 2991 ut
650 2927 774 2992 Dei
819 2924 1267 2993 benedictione
1321 2935 1788 3012 prosperentur
1831 2927 2147 2996 eiusmodi
2200 2950 2305 2995 co-

348 3014 566 3091 mitia,
620 3014 691 3077 in
734 3014 972 3097 quibus
1015 3013 1245 3097 religio
1288 3021 1601 3096 tanquam
1641 3034 1749 3079 res
1789 3022 2103 3080 extranea
2146 3036 2305 3100 neg-

348 3098 629 3184 ligetur?
703 3097 1003 3181 Denique
1041 3099 1184 3181 ipsa
1223 3100 1573 3165 necessitas
1606 3121 1879 3164 manum
1900 3101 2305 3184 principibus

347 3185 589 3261 iniicit,
634 3205 844 3266 neque
888 3206 996 3249 eos
1039 3184 1512 3250 obdormiscere
1556 3187 1831 3267 patitur,
1889 3188 2049 3268 quin
2084 3194 2304 3269 partes

346 3272 511 3336 istas
549 3269 922 3353 suscipiant.
993 3271 1085 3334 Et
1118 3270 1245 3352 ipsi
1266 3270 1551 3352 profecto
1576 3269 2061 3354 hocviderunt,
2098 3293 2306 3355 quum

346 3357 601 3439 aliquot
656 3354 932 3420 decretis
997 3356 1513 3438 pronunciamnt
1563 3356 1665 3420 sui
1708 3356 1904 3421 officii
1946 3377 2090 3422 esse
2130 3360 2303 3441 peri·

348 3441 606 3509 clitanti
643 3440 955 3507 ecclesiae
977 3441 1304 3523 opitulari.
1352 3441 1500 3518 His,
1535 3441 1824 3522 inquam,
1864 3442 2143 3508 decretis
2187 3442 2302 3507 ad-

346 3527 565 3592 stricti
610 3532 677 3591 61
718 3527 894 3609 apud
927 3525 1149 3592 Deum
1192 3535 1258 3591 61
1301 3547 1517 3591 coram
1561 3526 1933 3592 hominibus
1975 3535 2300 3593 tenentur.

351 3610 503 3694 Quo
546 3613 758 3695 magis
807 3610 1157 3676 videndum
1203 3631 1377 3677 nunc
1419 3613 1579 3695 ipsis
1623 3619 1750 3690 est,
1811 3635 1894 3677 an
1940 3635 2089 3679 cum
2135 3613 2304 3680 bona

349 3699 479 3764 Dei
527 3720 681 3780 pace
726 3697 851 3763 sibi
886 3697 1095 3776 liceat,
1143 3699 1496 3781 praeterita
1538 3697 1847 3762 ecclesiae
1891 3718 2113 3777 causa,
2170 3722 2303 3764 non

349 3784 481 3849 nisi
518 3803 682 3866 quac
728 3783 915 3847 utilia
957 3783 1076 3848 sibi
1122 3784 1517 3865 putaverint,
1563 3792 1862 3849 tractare.

530 3953 862 4020 Convocato
895 3955 1109 4037 ἐρέτην,
1144 3958 1214 4017 ut
1247 3954 1477 4019 dietum
1510 3962 1619 4036 est,
1651 3957 1906 4022 aemilio
1948 3962 2002 4022 et
2035 3956 2304 4023 exclusis

346 4040 637 4106 omnibus
667 4041 951 4121 privatis
987 4040 1350 4105 tractatibus
1390 4040 1716 4124 religionis
1756 4043 2110 4107 maiestates
2151 4044 2325 4107 suae*

336 4130 665 4207 poterunt,
717 4146 869 4207 quos
922 4126 1045 4191 sibi
1082 4125 1389 4191 videbitur
1445 4147 1522 4190 ex
1571 4125 1892 4193 catholicis
1934 4148 2303 4212 congreqare

353 4232 427 4277 ac
469 4231 611 4277 cum
654 4212 744 4276 eis
786 4217 1050 4277 tractare
1092 4212 1169 4277 de
1210 4212 1489 4294 auyendo
1520 4211 1761 4293 foedere
1804 4213 2107 4291 muzolino,
2142 4214 2303 4296 quod

346 4297 581 4448 flegun}
612 4302 838 4379 quanto
879 4299 996 4362 erit
1035 4298 1242 4380 mayis
1282 4297 1563 4362 validum
1604 4302 1661 4362 et
1690 4303 1943 4378 potens,
1984 4304 2152 4363 tanto
2184 4301 2306 4365 erit

526 4519 612 4584 In
655 4520 779 4584 hoc
822 4518 1083 4584 cardine
1122 4527 1466 4585 vertuntur
1504 4521 1724 4584 omnia
1759 4520 2151 4586 sanctissimi
2184 4541 2301 4604 pa-

356 4607 478 4671 tris
533 4605 830 4683 consilia,
899 4612 975 4669 ut
1027 4605 1255 4670 foedus
1311 4606 1432 4671 1100
1495 4606 1808 4671 adversus
1862 4612 2300 4690 protestantes

350 4690 541 4756 miris
580 4690 805 4756 Heldii
834 4691 881 4773 ¹)
931 4690 1179 4756 artibus
1228 4692 1414 4756 initio
1458 4692 1923 4758 concinnatum
1966 4702 2304 4776 augeatur,

544 4816 693 4823 ——..-

472 4950 479 4957 .
500 4879 559 4943 1)
584 4877 676 4933 De
694 4878 939 4960 Mam
956 4877 1160 4959 ῌςιᾱερ
1177 4879 1301 4933 vaae
1320 4878 1561 4935 suedan.
1582 4879 1670 4934 11.
1689 4878 1773 4933 57.
1797 4877 1896 4933 133
1913 4864 2120 4933 anei„
2141 4879 2301 4961 seg-21.

358 4945 504 5001 nne
532 4963 777 5029 camerae
811 4962 1281 5029 qnpmqpvjtmum
1305 4963 1565 5018 asmsor,
1598 4954 1789 5031 postea
1818 4948 2302 5031 propamllanus,

344 5017 840 5167 ww&
825 5014 1332 5166 JZ‘''⁶.1...⁸⁸⁸⁸”2⁸0“2}..3‘‚
1364 5017 2304 5169 ffimm‘ssssffissssuff‘diiss‘i

360 5167 551 5208 corum
584 5154 1033 5222 dameam-sunus
1074 5158 1366 5235 promotor.
1433 5154 1636 5233 'Postea
1670 5170 1796 5236 vero
1830 5155 2197 5238 intercedent-te·
2219 5171 2304 5210 m·

352 5227 439 5276 ter
474 5221 1067 5377 ιωσὲυέἔαοῖυὲἷαηι
1086 5221 1383 5365 ξοιῖοοῖνᾱια
1416 5230 1763 5291 stuperatem
1792 5231 1981 5294 qratia
2013 5223 2229 5280 euadat.

1844 308 2367 378 CONSILIUM
2408 311 2702 379 PAULI
2743 312 2872 378 HI.

4245 317 4385 380 498

2415 497 2607 582 idque
2649 500 2799 584 plus
2844 501 3008 567 satis
3033 501 3395 588 Haganoae
3419 499 3950 567 animadversum
3984 501 4128 581 fuit,
4163 524 4382 586 quan-

2414 591 2638 668 topere
2681 586 2753 651 in
2797 608 2875 652 ea
2914 609 2986 652 re
3031 587 3345 652 sudarent
3375 587 3706 671 pontificii.
3777 584 4172 670 Quanquam
4207 596 4374 656 tunc

2410 671 2686 738 mirifice
2729 672 3058 738 Dominus
3102 694 3328 739 eorum
3371 678 3644 739 conatus
3688 678 3807 736 aut
3848 673 4047 756 fregit
4087 681 4205 738 aut
4247 675 4374 739 im-

2410 755 2684 839 pedivit.
2762 757 2937 823 Nam
2980 766 3056 823 ut
3096 758 3413 842 plurimas
3449 778 3678 823 eorum
3713 757 3995 823 nefarias
4036 759 4371 842 conspira-

2409 842 2625 908 tiones
2678 842 2782 909 his
2839 844 3078 927 viginti
3133 846 3325 909 annis
3381 842 3749 926 dissipavit,
3807 844 3902 908 ita
3956 845 4098 910 eius
4140 846 4374 926 procul

2411 926 2607 994 dubio
2650 950 2812 1012 opus
2867 929 3023 1010 fuit,
3081 929 3252 1013 quod
3296 951 3498 1011 quum
3563 936 3751 993 tanta
3794 928 4210 996 dimicatione
4265 952 4371 997 sa-

2560 1021 2712 1078 rent
2743 1014 2843 1079 illi
2875 1015 3269 1082 technarum
3301 1015 3594 1080 omnium
3620 1015 3920 1095 artifices,
3957 1036 4044 1080 ne
4066 1035 4196 1098 qua
4216 1037 4372 1082 con-

2411 1120 2490 1163 su
2520 1100 2678 1164 tatio
2717 1100 2846 1165 nisi
2883 1099 2964 1166 de
2999 1100 3295 1185 augendo
3339 1100 3597 1167 foedere
3630 1101 4105 1180 institueretur,
4139 1101 4373 1169 melior

2408 1204 2563 1267 pars
2617 1205 2992 1268 procerum,
3062 1208 3191 1252 non
3254 1187 3453 1252 armis
3512 1184 3625 1251 sed
3689 1207 3850 1251 vera
3902 1186 4370 1269 disceptatione

2408 1270 2791 1335 tentandam
2835 1292 2977 1337 esse
3021 1274 3554 1357 compositionem
3595 1273 3867 1338 censuit.
3937 1271 4173 1355 Itaque
4215 1294 4371 1357 pro-

2405 1357 2748 1423 nunciavit
2787 1357 3059 1423 concilio
3104 1378 3270 1441 opus
3311 1378 3454 1423 esse
3469 1409 3485 1436 ,
3530 1365 3610 1421 ut
3644 1357 3989 1424 eccclesiae
4031 1378 4372 1424 succurre-

2407 1451 2606 1506 retur.
2673 1442 2916 1507 Postea
2949 1444 3256 1508 nonnulli
3277 1444 3652 1526 pactionum
3693 1442 4367 1528 pollicitationumque

2406 1529 2805 1594 internuncii
2849 1535 2915 1592 et
2965 1529 3259 1595 fortassis
3302 1529 3626 1612 imprimis
3670 1528 3779 1593 ille
3825 1529 3993 1612 ipse,
4038 1529 4146 1594 vel
4187 1530 4363 1595 Fur-

2407 1633 2535 1678 vus
2580 1612 2687 1678 vel
2719 1613 3012 1690 Fuscus,
3041 1613 3090 1697 ¹)
3144 1615 3562 1699 improbitate
3606 1635 3726 1679 sua
3767 1613 4034 1680 tandem
4074 1622 4365 1681 extorse-

2406 1705 2601 1775 runt,
2657 1707 2734 1763 ut
2780 1720 2820 1764 a
2864 1700 3195 1765 sententia
3246 1701 3438 1783 pauci
3493 1700 3695 1781 aliqui
3751 1699 4190 1781 discederent,
4247 1700 4363 1766 sed

2408 1805 2518 1849 eos
2559 1785 2891 1850 Dominus
2907 1835 2921 1861 ‚
2981 1786 3092 1867 qui
3134 1784 3428 1850 nondum
3475 1806 3709 1867 passus
3753 1794 3854 1850 est
3896 1785 4142 1870 aliquid
4187 1795 4365 1851 atro·

2408 1870 2571 1934 citer
2613 1891 2724 1935 eos
2768 1868 3110 1954 designare
3126 1923 3142 1949 ,
3198 1871 3386 1938 facile
3432 1870 3703 1936 reducet
3745 1871 3828 1935 ad
3873 1873 4365 1937 consensionem

2407 1954 2744 2020 bonorum.
2824 1956 3057 2039 Neque
3101 1957 3278 2021 6111111
3322 1967 3460 2021 tam
3504 1964 3662 2022 sunt
3702 1976 3929 2022 omnes
3970 1958 4043 2021 in
4080 1958 4360 2040 patriam

2409 2038 2692 2126 ἄστοργοι
2727 2049 2802 2105 111
2825 2042 2999 2106 furvi
3036 2050 3150 2106 aut
3191 2042 3510 2126 gigantes,
3548 2063 3761 2124 neque
3798 2041 3910 2107 ubi
3933 2041 4363 2108 Germaniam

2409 2147 2544 2191 uno
2606 2126 2909 2192 incendio
2973 2135 3181 2192 totam
3237 2129 3643 2211 conflagrare
3712 2132 3830 2206 [fol.
3890 2133 3996 2206 39]
4060 2128 4366 2206 viderint,

2411 2232 2563 2282 suas
2597 2212 2896 2276 fortunas
2941 2233 3324 2295 quocunque
3369 2212 3633 2278 libuerit
3672 2220 3810 2277 tam
3854 2213 4043 2278 facile
4086 2223 4366 2295 possunt

2410 2297 2794 2375 transferre3
2849 2318 3061 2381 neque
3119 2298 3214 2362 ita
3264 2296 3517 2365 devotis
3556 2299 3794 2363 animis
3847 2299 3917 2363 in
3963 2297 4369 2365 defendendo

2413 2381 2802 2448 Antichristi
2861 2403 3066 2466 regno
3121 2384 3491 2462 insaniunt,
3563 2392 3639 2448 ut
3690 2385 3905 2467 perire
3958 2404 4077 2467 pro
4131 2405 4207 2449 60
4249 2405 4368 2467 pa-

2412 2469 2540 2532 rati
2582 2469 2733 2546 sint,
2788 2467 2983 2534 modo
3024 2491 3158 2534 una
3198 2469 3600 2546 aboleantur,
3647 2470 3757 2552 qui
3800 2490 4078 2553 regnum
4116 2468 4370 2537 Christi

2412 2554 2688 2636 cupiunt
2720 2554 3095 2619 excitatum.
3167 2554 3469 2637 Denique
3492 2554 3604 2619 ubi
3641 2554 3797 2637 quid
3831 2555 4001 2620 serio
4037 2554 4366 2638 agendum

2413 2639 2557 2718 erit,
2583 2640 2654 2703 in
2676 2646 2965 2704 mentem
2991 2639 3215 2705 veniet
3236 2640 3533 2725 germani
3556 2642 3896 2725 sanguinis
3939 2640 4366 2725 principibus,

2411 2724 2607 2789 aliam
2646 2723 2844 2808 longe
2880 2744 3022 2792 esse
3058 2746 3246 2790 suam
3286 2726 3625 2804 rationem,
3664 2726 3861 2790 aliam
3898 2726 4225 2810 pontificis
4260 2748 4367 2793 ro·

2410 2811 2609 2875 mani.
2679 2810 2856 2875 Nam
2898 2819 2974 2875 ut
3016 2813 3356 2896 contingat
3396 2819 3600 2876 totam
3644 2811 4074 2877 Germaniam
4117 2813 4368 2879 infaus-

2412 2897 2497 2961 tis
2554 2897 2753 2960 armis
2810 2917 3016 2977 usque
3062 2896 3146 2961 ad
3188 2896 3494 2961 ultimam
3535 2897 4057 2964 internecionem
4098 2901 4366 2978 vastari,

2411 2983 2610 3047 etiam
2653 2982 2710 3046 si
2753 3002 2981 3047 omnes
3035 2989 3101 3047 et
3143 2980 3551 3065 stipendiarii
3610 2993 3679 3048 et
3720 2983 4077 3049 voluntarii
4119 2985 4368 3052 milites

2410 3069 2736 3151 pontificis
2779 3088 2914 3132 una
2947 3089 3097 3133 011111
3142 3067 3440 3134 hostibus
3482 3068 3891 3149 occumbant,
3938 3070 4227 3153 adeoque
4267 3071 4366 3136 illi

2411 3154 2539 3237 ipsi
2582 3153 2933 3233 tubicines,
2991 3155 3105 3236 qui
3147 3154 3538 3236 iampridem
3581 3156 3925 3221 classicum
3968 3169 4238 3237 canunt,
4296 3156 4368 3221 id

2409 3260 2664 3322 quoque
2707 3240 2778 3303 in
2820 3239 3000 3305 lucro
3044 3248 3331 3322 poneret,
3375 3239 3546 3322 quod
3591 3240 3844 3307 excidio
3886 3243 4101 3326 gentis
4145 3244 4362 3322 unius,

2410 3346 2447 3389 e
2494 3344 2622 3408 qua
2664 3346 2797 3389 non
2842 3325 2968 3388 nisi
3011 3323 3336 3391 mediocre
3380 3326 3578 3391 habet
3620 3326 4166 3406 emolumentum,
4214 3350 4364 3412 reg-

2408 3430 2572 3474 num
2630 3408 2752 3474 sibi
2807 3410 2877 3474 in
2934 3408 3080 3474 aliis
3131 3411 3503 3477 nationibus
3557 3412 3770 3496 magis
3801 3433 3943 3477 »suo
3987 3413 4143 3479 fisco
4185 3415 4365 3480 frue-

2410 3495 2616 3561 tuosis
2660 3495 3120 3560 confirmatum
3163 3495 3344 3561 foret.
3432 3496 3498 3560 N
3581 3518 3661 3562 ue
3706 3498 3883 3561 enim
3925 3496 4051 3562 hoc
4094 3518 4229 3562 non
4263 3499 4368 3562 vi-

2410 3581 2551 3659 det,
2610 3580 2668 3645 si
2710 3600 2786 3644 eo
2839 3600 3036 3661 quem
3081 3579 3396 3647 hactenus
3452 3581 3532 3647 de
3578 3583 3633 3646 it
3674 3582 4003 3648 Dominus
4056 3603 4364 3649 successu

2408 3666 2821 3748 aliquantum
2852 3664 3067 3731 adhuc
3099 3669 3424 3750 progressi
3457 3668 3703 3732 fuerint
3731 3674 4183 3751 protestantes,
4225 3669 4364 3733 foro

2408 3759 2485 3817 ut
2536 3750 2703 3816 aliae
2756 3771 3013 3834 quoque
3069 3752 3368 3818 nationes
3426 3752 3510 3817 ad
3561 3773 3825 3819 causam
3866 3773 3936 3818 se
3980 3751 4366 3837 adiungant.

2408 3836 2524 3904 Sic
2563 3837 2766 3922 igitur
2799 3858 2906 3902 res
2945 3837 3150 3919 ipsius
3203 3838 3441 3918 ferunt,
3484 3844 3561 3903 ut
3596 3837 3993 3911 Germaniae
4027 3838 4368 3923 dispendio

2408 3923 2591 3988 illam
2613 3974 2628 4000 ,
2684 3943 2853 4004 quae
2907 3941 3084 3986 nunc
3127 3922 3209 3987 de
3251 3923 3363 3988 filo
3418 3923 3685 4007 pendet,
3744 3944 3930 3989 suam
3974 3932 4367 4007 potestatem

2408 4010 2479 4074 in
2501 4008 2714 4086 Italia,
2753 4007 2992 4085 Gallia,
3028 4007 3358 4091 Hispania
3405 4008 3682 4075 stabiliri
3717 4009 3904 4074 malit
3941 4031 4137 4093 quam
4177 4012 4366 4077 salva

2409 4094 2771 4161 Germania
2815 4093 2977 4158 alias
3031 4095 3402 4177 provincias
3446 4094 3819 4176 exemplum
3866 4095 4106 4162 habere
4151 4095 4366 4162 defec-

2407 4181 2622 4259 tionis,
2668 4178 2840 4263 quod
2884 4200 2953 4244 se
3009 4180 3277 4262 impune
3318 4180 3499 4263 sequi
3555 4200 3743 4263 posse
3787 4181 4132 4246 confidant.
4223 4182 4366 4248 Nec

2408 4267 2652 4331 mirum
2694 4271 2811 4342 est,
2857 4264 3175 4329 eiusmodi
3217 4265 3411 4347 plena
3447 4265 3917 4348 desperationis
3960 4268 4231 4337 consilia
4260 4269 4362 4352 ip—

2411 4371 2565 4417 sum
2622 4350 2919 4415 volutare
2940 4401 2955 4428 ,
3013 4370 3216 4432 quum
3259 4358 3397 4416 tam
3459 4350 3703 4416 difficili
3759 4352 4047 4434 periculo
4167 4374 4249 4420 ue
4289 4355 4366 4419 in

2403 4437 2545 4503 loco
2594 4456 2702 4502 res
2741 4435 2884 4501 eius
2924 4440 3289 4502 versentur.
3378 4434 3604 4517 Quum
3654 4436 3812 4503 olim
3862 4374 4336 4507 minugo‘iiisori

2405 4523 2606 4587 minis
2656 4520 3064 4601 immineret,
3120 4519 3204 4585 ad
3261 4522 3431 4587 hanc
3488 4522 3944 4606 gladiatoriam
3997 4526 4248 4592 rabiem
4289 4546 4364 4590 se

2405 4606 2743 4691 proripuit,
2781 4615 2848 4672 et
2869 4606 3207 4672 audaciam
3230 4628 3437 4686 suam,
3474 4629 3752 4691 quacum
3777 4617 4033 4675 sanctos
4067 4611 4358 4689 Domini,

2368 4690 2585 4758 ‘nunc
2633 4692 2830 4758 urbes
2885 4714 3059 4758 nunc
3102 4713 3290 4776 reges
3333 4700 3399 4757 et
3440 4715 3736 4759 caesares
3779 4694 4162 4778 impetebat,
4217 4717 4358 4760 me-

2549 4948 2577 5001 l
2646 4947 2758 5002 Sub
2791 4947 2892 5003 1100
2924 4949 3144 5003 nomine
3176 4950 3306 5003 latet
3331 4948 3621 5004 Com-aduc
3643 4951 3844 5005 Brauon
3867 4950 4151 5016 (Brumae)
4184 4965 4363 5004 eane-

2408 5016 3909 5155 &camaracam
4003 5018 4368 5142 eam...

2412 5155 2579 5236 dev-fii
2609 5125 2735 5207 liert.
2768 5153 2898 5208 luth.
2933 5153 2968 5207 1.
3009 5151 3135 5234 1113
3175 5169 3233 5221 p.
3267 5151 3385 5206 296.
3458 5154 3724 5235 intersunt
3765 5155 3836 5208 ab
3878 5126 4099 5235 electore
4130 5171 4360 5223 moqun-

2410 5230 2556 5279 ttaco
2589 5237 2805 5277 messus.
2869 5220 3069 5277 Tea-tm
3105 5236 3399 5291 impressus
3433 5224 3606 5278 luteris
3639 5221 3959 5360 1111111160υὲιέ
3993 5228 4182 5277 maur.
