4984 5975
611 353 695 411 55
2193 361 2202 369 ·
2256 343 2385 409 DE
2427 341 2979 410 CLEMENTIA
4538 338 4620 401 56

787 534 1017 619 Maym'
1059 538 1263 600 autem
1313 530 1547 620 eumz]
1603 532 1922 598 Definitio
1975 531 2558 617 magnanimitatis,

567 636 577 655 ·
611 643 809 706 quam
850 621 1150 704 superius
1190 619 1558 697 retulimus,
1604 639 1645 684 a
1677 639 1810 701 qua
1843 618 2131 683 trahitur
2169 628 2561 703 perpetuum

616 715 1107 791 argumentum:
1154 706 1326 775 sicut
1365 726 1401 769 e
1444 725 1760 770 converso
1802 723 1843 768 a
1886 703 2159 769 definito
2202 702 2285 767 ad
2330 702 2562 768 defini-

616 795 873 858 tionem.
1459 855 1466 862 ,

789 876 1098 942 Muliebre
1149 881 1236 940 est
1284 874 1520 961 furere]
1591 875 1775 940 Nihil
1840 876 2161 941 foeminae
2223 873 2565 940 iracundia

615 964 962 1029 efferatius.
1053 962 1171 1026 Ait
1213 962 1388 1026 enim
1433 960 1798 1027 Iuvenalis:

1229 1046 1318 1101 Sic
1355 1046 1547 1114 collige
1585 1045 1731 1115 quod
1765 1047 1997 1100 vindicta

1022 1115 1196 1170 Nemo
1231 1116 1403 1183 magis
1435 1114 1650 1181 gaudet,
1686 1132 1847 1184 quam
1881 1115 2131 1169 foemina.

614 1203 748 1269 Ubi
807 1203 977 1268 vires
1030 1199 1115 1266 ad
1166 1199 1535 1265 nocendum
1592 1199 1932 1278 deficiunt,
2003 1209 2158 1265 tunc
2211 1219 2408 1267 caeca
2456 1196 2563 1262 'ra-

614 1289 770 1367 hies,
818 1301 884 1353 et
926 1288 1031 1353 sui
1075 1287 1415 1369 impotens,
1460 1286 1623 1349 furit
1663 1306 1739 1351 ac
1779 1286 2019 1350 fremit.

791 1373 1105 1438 Ferarum
1148 1392 1254 1436 nec
1292 1369 1763 1458 qenerosarwm]
1821 1368 1899 1436 Si
1941 1371 2230 1435 ferarum
2286 1376 2386 1435 est
2438 1369 2564 1433 im-

614 1460 925 1538 manitas,
983 1465 1346 1523 monstrum
1403 1459 1472 1520 in
1512 1456 1808 1522 homine:
1845 1458 1928 1539 ‘si
1981 1457 2270 1521 ferarum
2313 1455 2566 1538 ignobi-

615 1545 799 1622 lium,
841 1546 913 1608 in
961 1565 1115 1627 rege
1159 1551 1455 1607 monstro
1500 1542 1704 1625 peius.
1795 1542 1942 1607 Hoc
1985 1542 2163 1607 enim
2204 1541 2382 1606 valet
2425 1561 2566 1606 am-

613 1630 926 1715 plificatio
979 1628 1049 1693 in
1108 1649 1304 1693 sensu
1323 1679 1338 1705 ,
1406 1628 1670 1692 tametsi
1723 1626 1923 1692 verba
1977 1649 2110 1692 non
2165 1628 2562 1709 exprimunt.

614 1718 718 1780 Ac
759 1714 817 1780 si
856 1715 1119 1792 diceret,
1164 1715 1220 1777 si
1259 1713 1657 1778 oblivisceris
1701 1721 1766 1777 te
1809 1733 1952 1778 esse
2004 1712 2386 1796 principem,
2431 1732 2569 1776 me-

617 1802 888 1867 mineris
924 1800 1275 1865 hominem.
1342 1798 1466 1865 Sin
1499 1798 1737 1876 minus,
1775 1798 1945 1880 quod
1982 1808 2083 1863 est
2125 1803 2272 1878 [pag.
2310 1800 2418 1875 44]
2454 1818 2569 1880 po-

618 1899 963 1963 stremum,
1017 1884 1295 1963 imiteris
1337 1885 1509 1950 feras
1553 1883 1916 1949 nobiliores.
2006 1882 2456 1964 Quintilianus
2499 1884 2569 1948 in

619 1972 1023 2038 Gladiatore:
1089 1971 1303 2035 Ferae
1358 1969 1730 2035 mehercule
1786 1970 2232 2054 generosiores
2285 1970 2569 2035 iacentes

616 2066 979 2123 transeunt.
1069 2054 1347 2122 Ovidius
1393 2055 1708 2121 Tristium
1747 2056 1870 2121 H.:

825 2160 943 2227 Quo
979 2161 1202 2227 quisque
1239 2167 1325 2212 est
1359 2159 1545 2225 maior,
1579 2160 1750 2227 magis
1786 2166 1871 2212 est
1905 2157 2185 2226 placabilis
2219 2158 2358 2212 irae:

930 2227 1003 2281 Et
1036 2227 1225 2282 faciles
1260 2237 1439 2280 motus
1473 2242 1626 2280 mens
1661 2242 1928 2295 generosa
1964 2227 2122 2294 capit.

826 2296 1071 2418 Corpora
1106 2296 1440 2363 magnanimo
1480 2295 1613 2349 satis
1648 2302 1732 2349 est
1766 2302 2074 2363 prostrasse
2113 2293 2272 2361 leoni,

972 2380 1113 2431 ugna
1148 2380 1302 2417 suum
1338 2362 1514 2429 finem,
1553 2379 1713 2431 quum
1748 2364 1891 2417 iacet
1923 2362 2113 2429 hostia,
2150 2362 2331 2416 habet.

826 2437 900 2487 At
933 2434 1108 2501 lupus,
1145 2438 1201 2486 et
1236 2440 1421 2500 turpes
1454 2433 1660 2485 instant
1692 2432 2041 2486 morientibus
2076 2432 2204 2499 ursi,

924 2501 998 2555 Et
1033 2517 1381 2570 quaecunque
1415 2502 1589 2553 minor
1624 2501 1899 2554 nobilitate
1934 2499 2054 2554 fera
2089 2506 2189 2554 est.

789 2584 1200 2672 Elephantes]
1253 2585 1394 2651 Hoc
1430 2584 1510 2649 de
1546 2585 1645 2649 ele
1693 2585 1912 2650 hantis
1954 2585 2328 2649 testimonio
2362 2584 2564 2651 Plinii

619 2673 1104 2756 comprobatur,
1165 2671 1279 2753 qui
1332 2670 1496 2736 libro
1790 2670 2017 2735 scribit
2072 2671 2140 2733 in
2194 2669 2371 2734 hunc
2423 2693 2563 2736 mo-

619 2759 807 2824 dum:
887 2757 1074 2822 Idem
1151 2756 1422 2839 vestigio
1488 2755 1772 2820 hominis
1847 2754 2300 2820 animadverso
2380 2758 2563 2838 prius

620 2864 815 2926 quam
871 2842 1166 2920 homine,
1220 2841 1671 2906 intremiscere
1713 2838 2102 2905 insidiarum
2146 2849 2355 2919 metu,
2411 2840 2563 2906 sub-

621 2930 868 3006 sistere,
914 2946 987 2995 ac
1033 2927 1272 2993 olfactu
1315 2926 1884 3008 circumspectare,
1929 2925 2062 2990 iras
2103 2926 2399 3009 proflare,
2445 2948 2568 2993 nec

621 3015 900 3093 calcare,
979 3012 1093 3079 sed
1160 3022 1422 3076 erutum
1488 3012 1787 3094 proximo
1853 3011 2140 3088 tradere,
2210 3010 2398 3076 illum
2465 3035 2567 3078 se-

620 3100 845 3183 quenti
888 3099 1146 3172 nuncio,
1191 3118 1399 3179 usque
1443 3095 1524 3161 ad
1568 3105 1957 3162 extremum.

795 3219 804 3228 κ
1027 3181 1058 3270 ]
1118 3183 1342 3247 Verba
1393 3182 1596 3248 Plinii
1650 3180 1731 3247 de
1780 3181 2077 3248 leonibus
2131 3180 2357 3248 eodem
2401 3183 2566 3249 libro

621 3291 759 3354 cap.
805 3269 1026 3334 XVI.:
1073 3268 1281 3333 Leoni
1324 3277 1578 3332 tantum
1616 3289 1699 3333 ex
1732 3268 1887 3334 feris
1922 3268 2266 3335 clementia
2309 3269 2376 3333 in
2412 3291 2566 3352 sup-

620 3356 840 3439 plices,
886 3354 1226 3438 prostratis
1267 3354 1504 3438 parcit;
1551 3364 1617 3419 et
1650 3353 1764 3420 ubi
1797 3355 2021 3432 saevit,
2068 3355 2136 3418 in
2173 3355 2347 3421 viros
2380 3356 2566 3437 prius

621 3463 818 3526 quam
851 3442 922 3505 in
957 3440 1273 3506 foeminas
1306 3440 1549 3505 fremit:
1588 3441 1658 3504 in
1693 3440 1975 3505 infantes
2010 3461 2144 3505 non
2178 3440 2307 3506 nisi
2325 3462 2568 3524 magna

617 3528 807 3593 fame.
908 3525 1136 3593 Credit
1183 3524 1399 3610 Libya
1445 3525 1858 3591 intellectum
1921 3526 2263 3609 pervenire
2318 3526 2402 3592 ad
2456 3548 2565 3593 eos

665 3634 907 3680 recum.

617 3634 663 3697 P
796 3699 923 3765 Nec
972 3698 1385 3764 inexorabilis
1438 3694 1572 3784 ira]
1635 3698 1819 3763 Haec
1851 3693 2026 3762 ‘vero
2092 3707 2192 3762 est
2256 3698 2564 3764 immanis

618 3785 875 3860 feritas,
920 3785 1020 3848 ira
1061 3804 1283 3862 saeva,
1352 3791 1419 3847 et
1459 3782 1893 3848 inexorabilis.
1983 3783 2152 3848 Nam
2198 3785 2286 3862 si,
2332 3805 2564 3850 secun-

622 3870 774 3934 dum
819 3870 1191 3948 Horatium,
1236 3870 1334 3933 ira
1375 3870 1557 3933 furor
1598 3868 1814 3933 brevis
1858 3875 1987 3933 est:
2044 3869 2199 3952 quid
2243 3876 2346 3934 est
2386 3869 2563 3934 aliud

620 3957 721 4019 ira
764 3954 1118 4032 obstinata,
1177 3976 1375 4038 quam
1432 3954 1622 4036 plane
1675 3952 1908 4019 furor?
1987 3952 2218 4020 Cicero
2261 3955 2342 4020 ad
2387 3956 2563 4020 Atti-

621 4060 772 4107 cum
816 4039 975 4105 dicit
1007 4040 1356 4105 irritabiles
1391 4062 1532 4105 esse
1566 4040 1957 4123 optimorum
1995 4060 2186 4124 saepe
2222 4041 2563 4106 hominum

621 4125 899 4204 animos,
952 4135 1020 4190 et
1061 4124 1321 4191 eosdem
1362 4124 1738 4208 placabiles,
1797 4133 1865 4190 et
1918 4126 2085 4191 hanc
2123 4146 2265 4192 esse
2398 4128 2558 4191 ‘lita-

619 4223 754 4275 tem
798 4210 1259 4293 mollitiemque
1302 4220 1573 4276 naturae
1619 4210 1909 4276 bonitati.
1994 4211 2181 4277 Idem
2223 4211 2304 4276 ad
2412 4213 2563 4277 nin-

617 4307 761 4362 tum
817 4296 1113 4360 fratrem:
1171 4293 1247 4361 Si
1303 4297 1742 4380 implacabiles
1795 4305 1950 4361 sunt
1999 4296 2373 4364 iracundiae
2392 4349 2407 4375 ,
2460 4298 2564 4361 in·

621 4381 790 4465 quit,
856 4402 1111 4445 summa
1174 4389 1274 4447 est
1336 4382 1682 4447 acerbitas:
1765 4382 1821 4447 si
1897 4389 2116 4447 autem
2182 4383 2562 4462 exorabiles,

621 4487 877 4533 summa
932 4467 1194 4533 levitas:
1263 4488 1428 4549 quae
1482 4477 1734 4546 tamen,
1791 4475 1869 4532 ut
1914 4467 1987 4531 in
2041 4468 2259 4546 malis,
2318 4470 2564 4535 acerbi-

619 4553 739 4617 tati
782 4552 1234 4635 anteponenda
1266 4562 1381 4618 est.

796 4637 942 4703 Non
993 4638 1255 4704 medium
1309 4641 1473 4704 enim
1524 4635 1755 4725 supra]
1821 4639 1924 4704 Ne
1988 4639 2133 4721 quis
2199 4640 2322 4705 sibi
2387 4640 2564 4705 laudi

619 4724 913 4788 futurum
973 4723 1199 4803 ducat,
1254 4726 1309 4790 si
1357 4725 1615 4790 hostem
1671 4746 1789 4791 sua
1830 4724 2118 4809 potentia
2159 4726 2561 4803 contriverit,

617 4808 945 4894 intelligat
987 4830 1136 4874 eum
1180 4808 1304 4874 sibi
1348 4810 1711 4894 exaequari,
1758 4813 1860 4876 cui
1895 4819 2152 4875 tantum
2192 4810 2442 4889 tribuit,
2486 4818 2564 4876 ut

619 4915 767 4960 cum
813 4915 889 4959 eo
933 4896 1306 4961 inimicitias
1348 4904 1665 4962 exerceat.
1754 4895 1834 4961 Id
1888 4902 1989 4962 est
2026 4896 2195 4979 quod
2250 4896 2407 4964 dicit
2440 4895 2563 4962 Se-

618 5000 781 5045 neca
822 4980 930 5045 lib.
979 4980 1058 5045 de
1101 4981 1214 5045 Ira
1255 4981 1374 5046 H.:
1432 4982 1601 5047 Cum
1644 4983 1787 5065 pari
1830 4981 2251 5061 contendere,
2297 5002 2563 5066 anceps;

617 5086 766 5132 cum
814 5067 1178 5149 superiore,
1235 5067 1577 5146 furiosum;
1634 5089 1785 5133 cum
1825 5069 2162 5147 inferiore,
2208 5066 2560 5134 sordidum.

615 5149 699 5216 Id
744 5150 866 5217 sibi
911 5151 1146 5218 volunt
1199 5154 1400 5218 verba
1442 5152 1741 5220 Caesaris
1792 5152 1962 5237 apud
2007 5155 2354 5220 Lucanum
2397 5153 2564 5219 libro

611 5237 843 5303 tertio:

3111 532 3323 586 Vanam
3359 545 3511 612 spem
3544 529 3734 584 mortis
3768 529 4031 582 honestae
4213 550 4221 557 ·

2872 600 3148 669 Concipis:
3181 598 3344 667 haud,
3379 600 3567 668 inquit,
3603 598 3784 719 iugulo
3823 612 3882 650 se
3918 595 4129 664 polluet
4160 596 4267 676 isto

2872 668 3094 736 Nostra,
3129 667 3372 734 Metelle,
3408 683 3623 722 manus:
3700 667 3875 735 ignum
3914 671 3968 718 te
4007 663 4257 718 Caesaris
4292 664 4373 719 ira

2870 736 3065 792 Nullus
3098 738 3275 792 honor
3309 736 3485 791 faciet.
3972 750 3977 755 ·

2666 823 2824 888 Huc
2864 830 3117 906 spectat
3156 820 3500 904 ‘problema
3543 818 3918 885 Aristotelis
3963 817 4135 901 quod
4189 818 4440 902 legitur
4485 839 4632 884 sec-

2668 910 2846 975 tione
2885 907 3186 972 XXIX:
3257 907 3396 972 Cur
3451 905 3793 971 mulierem
3861 904 4261 969 interfecisse
4320 903 4630 987 iniquius

2668 996 2780 1073 sit,
2839 1015 3035 1076 quam
3088 993 3336 1068 virum,
3404 1011 3779 1075 quanquam
3830 999 4103 1054 naturae
4166 990 4425 1054 ratione
4484 1011 4633 1057 mas

2666 1080 2950 1145 foemina
3011 1079 3452 1162 praestantior
3502 1076 3645 1142 est?
3734 1077 3846 1140 An
3898 1077 4050 1157 quia
4113 1075 4351 1140 mulier
4410 1076 4633 1142 imbe-

2668 1165 2878 1231 cillior
2913 1171 3030 1243 est,
3075 1165 3421 1248 minusque
3463 1161 3735 1246 proinde
3769 1161 3981 1227 facere
4014 1161 4323 1226 iniuriam
4356 1162 4631 1244 potest?

2667 1252 2872 1329 Item,
2927 1251 3090 1316 eniti
3147 1249 3463 1315 adversus
3519 1247 3588 1312 id
3643 1245 3817 1331 quod
3868 1247 4062 1332 longe
4113 1248 4451 1312 infirmius
4509 1257 4633 1329 est,

2668 1336 2837 1401 nihil
2892 1336 3108 1414 virile,
3163 1337 3294 1399 imo
3348 1333 3652 1400 stolidum
3714 1342 3906 1415 atque
3960 1333 4453 1415 iniquissimum
4511 1344 4633 1400 est.

2856 1422 3005 1487 Vita
3055 1422 3369 1502 superiori
3421 1417 3716 1506 cripitur]
3806 1417 3882 1484 Si
3935 1439 4247 1503 magnum
4307 1432 4415 1484 est
4458 1421 4636 1486 occi-

2672 1506 2826 1573 dere
2870 1507 3233 1584 hominem,
3293 1515 3360 1570 et
3405 1510 3553 1585 [pag.
3594 1509 3701 1583 45]
3748 1506 3804 1570 si
3847 1504 3972 1569 hac
4013 1525 4148 1568 una
4188 1524 4262 1568 re
4304 1506 4637 1571 metimur

2672 1592 2946 1658 alicuius
2988 1591 3363 1678 potentiam,
3409 1593 3766 1674 cogitemus
3801 1600 3868 1655 et
3897 1589 4219 1655 latronem
4255 1600 4323 1655 et
4359 1591 4637 1657 hostem

2674 1677 3018 1744 admovere
3070 1698 3258 1761 posse
3300 1677 3526 1761 iugulo
3569 1684 3793 1741 nostro
3836 1675 4164 1760 gladium,
4210 1686 4288 1740 ut
4330 1685 4637 1759 potestas

2673 1765 2883 1828 maior
2920 1765 3102 1829 absit.
3192 1763 3567 1849 Neminem·
3596 1782 3731 1826 non
3791 1781 4052 1826 servum
4098 1762 4339 1827 habere
4385 1764 4462 1826 in
4509 1785 4637 1830 nos

2673 1850 2846 1914 vitae
2912 1850 3217 1932 necisque
3287 1848 3649 1914 arbitrium.
3754 1847 4321 1931 Recognoscamus
4388 1868 4637 1914 eornm

2674 1936 2990 2019 exempla,
3026 1936 3140 2017 qui
3161 1934 3530 2000 domesticis
3566 1932 3815 1999 insidiis
3849 1934 4201 2015 perierunt,
4240 1941 4355 1998 aut
4392 1945 4639 2017 aperta

2672 2022 2758 2097 vi,
2795 2030 2909 2086 aut
2944 2020 3089 2086 dolo
3102 2044 3118 2101 ;
3163 2029 3229 2086 et
3261 2019 3708 2103 intelligemus
3740 2039 3872 2083 non
3907 2020 4241 2100 pauciores
4275 2039 4639 2085 servorum

2670 2107 2771 2171 ira
2812 2107 3139 2185 cecidisse,
3184 2127 3377 2190 quam
3419 2125 3668 2190 regum.
3735 2104 3964 2188 Neque
4009 2124 4165 2170 vero
4205 2105 4261 2170 si
4305 2105 4461 2187 quis
4498 2128 4640 2171 non

2672 2201 2774 2257 est
2805 2193 3189 2258 interfectus
3234 2214 3273 2258 a
3314 2190 3588 2267 latrone,
3634 2190 3837 2255 vitam
3874 2190 3970 2254 illi
4006 2202 4338 2272 acceptam
4374 2192 4637 2257 referre

2672 2277 2878 2343 debet.
2948 2279 3166 2343 Maius
3201 2286 3301 2343 est
3334 2278 3509 2343 vitae
3554 2275 3938 2341 beneficium
3980 2283 4048 2341 et
4082 2276 4385 2354 nobilius,
4428 2298 4639 2360 quam

2667 2371 2746 2427 ut
2799 2384 2839 2428 a
2892 2364 3144 2451 latrone
3201 2365 3573 2446 accipiatur.
3662 2362 3747 2426 Ei
3790 2362 3929 2427 vita
3982 2359 4192 2439 datur,
4249 2363 4359 2445 qui
4417 2384 4639 2445 quum

2671 2449 2870 2515 salvis
2914 2450 3167 2534 legibus
3211 2448 3491 2514 interfici
3534 2448 3769 2531 possit,
3816 2447 4130 2512 eximitur
4170 2447 4405 2513 mortis
4449 2450 4637 2532 peri·

2669 2535 2832 2601 culo,
2924 2533 3179 2600 Seneca
3221 2535 3291 2599 in
3335 2532 3600 2598 Medea:

3489 2635 3606 2689 Hoc
3641 2651 3698 2688 re
3737 2652 3796 2690 es
3831 2636 4033 2689 habent

2894 2704 3235 2774 Magnificum
3272 2714 3327 2757 et
3360 2705 3563 2773 ingena,
3600 2703 3691 2757 nul
3717 2721 3750 2756 a
3822 2704 3928 2758 uod
3963 2705 4143 2772 rapiet
4174 2703 4306 2771 dice,

2899 2773 3165 2827 Prodesse
3204 2773 3428 2839 miserie,
3467 2772 3739 2839 supplices
3815 2772 3883 2826 do
3922 2773 4034 2825 lare

2898 2841 3208 2909 Protegere.

2669 2927 2820 2992 Non
2886 2927 3106 3010 itaque
3166 2926 3413 2991 frustra
3475 2924 3726 2992 celebre
3793 2936 3892 2993 est
3955 2925 4201 2994 dictum
4268 2914 4634 3012 Scipionis,

2669 3012 2842 3096 quod
2893 3023 3119 3096 postea
3163 3014 3501 3077 Antonino
3543 3012 3666 3077 Pio
3720 3013 4097 3096 frequenter
4138 3015 4336 3080 fuisse
4393 3016 4467 3080 in
4517 3039 4636 3086 ore

2670 3099 2966 3183 legimus,
3012 3121 3081 3164 se
3125 3098 3318 3163 malle
3363 3120 3565 3163 unum
3611 3098 3821 3163 civem
3866 3121 4148 3178 servare,
4194 3121 4394 3183 quam
4438 3102 4635 3169 mille

2670 3185 2891 3251 hostes
2944 3184 3253 3260 occidere.
3342 3185 3717 3269 Tyrannica
3769 3184 3885 3249 illa
3937 3207 4067 3250 vox
4111 3186 4394 3252 Neronis
4446 3187 4636 3272 apud

2672 3268 2993 3337 Senecam
3038 3272 3107 3334 in
3146 3269 3451 3335 Octavia:

2931 3354 3187 3411 Occidere
3220 3356 3450 3422 hostem,
3486 3356 3717 3408 maxima
3752 3362 3836 3409 est
3869 3357 4037 3409 virtus
4073 3355 4243 3411 ducis.

2672 3442 2800 3508 Cui
2820 3441 2827 3447 ’
2845 3440 3193 3526 respondet
3235 3439 3516 3506 Seneca:

2979 3528 3206 3581 Servare
3244 3527 3405 3594 cives,
3440 3527 3613 3579 maior
3649 3536 3733 3579 est
3766 3526 3974 3594 patriae
4011 3528 4171 3595 patri.

2845 3612 3024 3678 Idem
3066 3613 3357 3695 continyit
3412 3612 3577 3693 quod
3627 3608 3785 3698 diis]
3854 3610 4247 3677 Crudelitas
4300 3614 4462 3680 facit
4516 3639 4631 3684 re-

2670 3720 2819 3783 gem
2867 3698 3168 3764 omnibus
3211 3695 3673 3763 exsecrabilem
3688 3749 3704 3776 ,
3758 3696 3918 3779 quin
3959 3699 4157 3762 etiam
4198 3720 4280 3763 ex
4323 3702 4630 3786 principe

2668 3794 3047 3868 tyrannum.
3159 3782 3530 3849 Clementia
3602 3783 3947 3848 amabilem
4013 3784 4312 3851 omnibus
4376 3787 4627 3869 reddit,

2667 3868 2971 3936 omnibus
3049 3871 3476 3952 superiorem,
3559 3877 3886 3952 postremo
3963 3877 4030 3933 et
4106 3869 4231 3936 diis
4309 3871 4623 3940 similem.

2667 3957 2957 4021 Deorum
3012 3963 3113 4020 est
3165 3953 3338 4037 quod
3393 3963 3460 4019 et
3515 3955 3667 4021 boni
3714 3963 3783 4018 et
3823 3955 3979 4020 mali
4032 3956 4383 4038 nascimur,
4441 3961 4631 4042 quod

2669 4041 2999 4107 communi
3043 4041 3220 4106 coelo
3266 4048 3460 4124 atque
3494 4060 3643 4105 aere
3678 4040 3973 4119 fruimur,
4019 4041 4191 4125 quod
4224 4041 4462 4108 iisdem
4498 4046 4629 4110 ali-

2668 4128 2907 4192 mentis
2961 4128 3375 4192 sustinemur.
3464 4125 3657 4191 Hanc
3713 4124 3983 4191 deorum
4039 4129 4627 4197 mansuetudinem

2669 4234 2786 4279 cur
2845 4233 2980 4277 non
3042 4212 3337 4277 imitetur
3400 4211 3745 4295 princeps?
3835 4212 4063 4278 Cicero
4127 4235 4246 4296 pro
4310 4215 4620 4299 Ligario:

2668 4298 2870 4363 Nulla
2905 4319 2980 4362 re
3021 4299 3285 4381 propius
3330 4297 3627 4364 homines
3684 4295 3767 4361 ad
3820 4297 3973 4364 deos
4017 4297 4359 4380 accedunt,
4416 4323 4625 4385 quam

2668 4383 2948 4450 salutem
2992 4384 3365 4450 hominibus
3409 4383 3642 4449 dando.
3731 4383 3913 4448 Nihil
3948 4383 4147 4449 habet
4189 4406 4309 4451 nec
4349 4387 4627 4454 fortuna

2668 4477 2787 4535 tua
2828 4471 3066 4545 maius,
3123 4490 3318 4551 quam
3358 4477 3434 4534 ut
3476 4470 3701 4551 possis,
3748 4490 3868 4534 nec
3911 4478 4151 4534 natura
4192 4481 4306 4535 tua
4357 4472 4622 4554 melius,

2711 4576 2863 4620 uam
2916 4563 2990 4620 ut
3045 4554 3214 4620 velis
3282 4575 3669 4620 conservare
3726 4576 3921 4637 quam
3978 4555 4309 4637 plurimos.
4412 4556 4622 4624 Clan-

2717 4642 2903 4707 'anus
2944 4640 3029 4706 ad
3071 4641 3465 4707 Honorium:

3046 4726 3175 4781 Sola
3209 4727 3343 4780 deos
3378 4735 3576 4794 aequat
3612 4726 3894 4779 clementia
3927 4727 4099 4780 nobis.

2839 4811 2926 4876 In
2968 4832 3293 4877 numerum
3334 4810 3677 4898 relinquat]
3734 4810 3815 4875 Id
3859 4823 3988 4890 est,
4045 4813 4157 4895 qui
4197 4813 4445 4879 faciant
4487 4836 4618 4879 nu·

2667 4919 2959 4976 merum,
3017 4905 3093 4962 ut
3135 4899 3270 4963 sint
3311 4896 3587 4973 scilicet,
3647 4896 3881 4980 quibus
3924 4900 4215 4981 imperet.
4309 4897 4423 4966 Sic
4465 4901 4614 4967 Lu-

2667 5005 2871 5049 canus
2912 4982 3078 5048 libro
3120 4983 3241 5048 H.:

3144 5069 3207 5122 In
3241 5083 3515 5123 numerum
3548 5085 3678 5136 pars
3711 5084 3905 5137 magna
3937 5071 4094 5138 perit,

2665 5154 2737 5220 id
2791 5163 2924 5232 est,
2978 5154 3051 5217 in
3104 5154 3229 5219 hoc
3279 5161 3535 5218 tantum
3580 5162 3656 5220 ut
3708 5174 3986 5237 magnus
4040 5163 4212 5220 esset
4250 5156 4614 5252 occisorum

2665 5255 3000 5305 numerus.
