4984 5975
371 287 489 351 325

372 482 506 540 tam
573 474 815 543 molem
868 481 936 539 et
989 472 1378 552 condiderit,
1452 480 1517 540 et
1574 497 1750 541 nunc
1803 481 2154 556 sustentet3
2214 498 2317 542 sa·

369 562 701 647 pientiam,
747 580 914 643 quae
956 567 1207 624 tantam
1248 580 1324 624 ac
1366 567 1505 624 tam
1550 562 1883 643 confusam
1926 562 2318 628 varietatem

370 646 598 714 ordine
655 652 792 710 tam
844 645 1149 712 distincto
1204 646 1641 728 composuerit
1692 653 1758 711 et
1809 655 2125 731 perpetuo
2178 670 2316 713 mo-

375 733 665 811 deretur3
711 732 1087 810 bonitatem,
1145 751 1311 814 quae
1364 732 1507 814 ipsa
1564 732 1686 798 sibi
1741 753 1938 799 causa
1992 734 2190 799 fuerit
2241 741 2318 799 ut

378 820 536 885 haec
576 824 963 886 crearentur
998 824 1066 882 et
1099 836 1278 882 nunc
1322 818 1714 898 consistant;
1763 819 2101 900 iustitiam,
2148 840 2316 903 quae

374 906 444 971 in
487 903 860 981 defensione
901 903 1159 987 piorum
1172 955 1188 982 ‚
1250 903 1600 986 impiorum
1644 924 1802 970 vero
1847 905 2092 970 ultione
2135 906 2316 970 miri-

376 994 495 1058 fice
536 1011 606 1056 se
644 991 918 1074 profort3
974 988 1484 1055 misericordiam
1501 1040 1515 1065 ‚
1572 1011 1738 1075 quae
1791 989 1875 1055 ad
1932 990 2316 1079 resipiscen-

379 1078 535 1142 tiam
579 1097 707 1160 quo
753 1096 872 1141 nos
910 1081 1127 1149 vocet,
1185 1082 1439 1139 nostras
1481 1075 1861 1158 iniquitates
1905 1082 2090 1141 tanta
2131 1098 2317 1143 man-

377 1161 718 1230 suetudine
772 1160 1023 1226 tolerat.
1113 1160 1294 1224 Hinc
1345 1160 1607 1244 quidem
1661 1160 1950 1241 abunde,
1996 1171 2316 1247 quantum

373 1247 557 1314 nobis
603 1247 763 1313 satis
806 1256 922 1326 est,
969 1245 1187 1311 doceri
1233 1245 1684 1326 debueramus,
1730 1247 1938 1331 qualis
1983 1248 2070 1315 sit
2110 1249 2315 1328 Deus,

372 1335 497 1401 nisi
554 1332 639 1399 ad
693 1340 946 1398 tantam
999 1331 1214 1397 lucem
1266 1339 1494 1397 nostra
1546 1332 1874 1398 hebetudo
1940 1336 2312 1401 caecutiret.

372 1420 599 1504 Neque
656 1419 795 1484 sola
848 1426 1068 1484 tamen
1125 1418 1435 1485 caecitate
1476 1417 1583 1484 hic
1638 1440 2010 1502 peccamus:
2070 1419 2183 1485 sed
2238 1430 2318 1485 ea

374 1514 599 1572 nostra
643 1512 742 1570 est
785 1504 1208 1588 perversitas,
1270 1524 1437 1586 quae
1481 1505 1549 1568 in
1595 1504 1938 1571 censendis
1980 1506 2107 1571 Dei
2163 1527 2314 1589 ope-

373 1592 553 1658 ribus
605 1590 776 1657 nihil
829 1612 962 1656 non
1016 1609 1359 1674 perperam
1404 1609 1481 1654 ac
1521 1598 1940 1674 praepostere
1990 1592 2316 1675 interpre-

373 1686 564 1757 tetur,
624 1684 954 1759 totamque
1008 1676 1354 1741 coelestem
1412 1676 1829 1759 sapientiam,
1887 1698 2053 1761 quae
2109 1678 2182 1742 in
2236 1679 2318 1743 iis

372 1764 710 1849 perspicue
747 1762 1008 1840 relucet,
1045 1783 1312 1846 prorsus
1345 1761 1651 1829 invertat.
1704 1761 2125 1829 Veniendum
2161 1784 2318 1848 ergo

375 1850 452 1916 ad
494 1850 631 1915 Dei
670 1849 963 1927 verbum,
1011 1848 1122 1913 ubi
1163 1847 1360 1930 probe
1402 1847 1590 1913 nobis
1625 1869 1664 1912 a
1696 1848 1835 1914 suis
1869 1850 2173 1932 operibus
2206 1849 2318 1915 de-

376 1935 681 2003 scribitur
719 1934 932 1999 Deus:
979 1933 1137 1997 dum
1173 1953 1371 2016 opera
1413 1933 1556 2016 ipsa
1599 1955 1730 1999 non
1774 1956 1855 2000 ex
1899 1934 2121 2001 iudicii
2167 1957 2317 2000 nos-

374 2022 457 2087 tri
501 2022 855 2105 pravitate,
910 2018 1023 2084 sed
1078 2026 1381 2084 aeternae
1427 2020 1723 2085 veritatis
1781 2024 1928 2099 [pag.
1969 2025 2033 2100 4]
2089 2021 2319 2106 regula

374 2109 819 2174 aestimantur.
907 2105 1090 2171 Hinc
1132 2124 1288 2189 ergo
1344 2104 1654 2170 discimus
1670 2156 1685 2183 ,
1745 2105 1965 2171 Deum
2017 2114 2318 2172 nostrum

376 2214 581 2260 unum
617 2198 815 2276 atque
850 2199 1192 2256 aeternum
1230 2191 1442 2256 omnis
1476 2192 1669 2269 vitae,
1706 2190 2012 2272 iustitiae,
2057 2193 2317 2276 sapien-

376 2281 529 2359 tiae,
578 2278 869 2356 virtutis,
927 2276 1262 2354 bonitatis,
1320 2274 1706 2342 elementiae
1759 2278 2006 2342 fontem
2050 2299 2217 2344 esse:
2277 2301 2317 2343 a

370 2387 492 2449 quo
534 2372 610 2429 ut
654 2365 796 2429 sine
839 2361 977 2427 ulla
1019 2362 1399 2445 exceptione
1451 2362 1599 2427 fluit
1649 2383 1843 2428 omne
1896 2361 2166 2444 bonum,
2223 2365 2317 2430 ita

370 2452 510 2517 laus
565 2450 779 2515 omnis
833 2449 1070 2514 merito
1126 2447 1341 2513 redire
1400 2447 1481 2512 ad
1541 2469 1693 2512 eum
1757 2447 2004 2514 debeat.
2094 2451 2316 2533 Atque

368 2540 528 2603 istac
572 2532 832 2619 quidem
879 2534 1101 2599 omnia
1139 2533 1399 2599 tametsi
1441 2534 1513 2597 in
1557 2534 1835 2617 singulis
1871 2535 2034 2601 coeli
2071 2556 2146 2601 ac
2181 2544 2314 2600 ter-

369 2647 477 2689 rae
522 2621 818 2705 partibus
859 2619 1258 2686 lucidissime
1302 2626 1690 2702 appareant:
1738 2641 2048 2703 quorsum
2093 2629 2315 2687 tamen

371 2709 782 2794 potissimum
832 2703 1156 2789 spectent,
1212 2705 1367 2788 quid
1410 2706 1702 2785 valeant,
1760 2727 1957 2790 quem
1999 2707 2071 2771 in
2114 2709 2314 2773 finem

373 2819 409 2861 a
449 2794 643 2860 nobis
685 2792 822 2858 sint
876 2790 1336 2876 intelligenda,
1392 2798 1538 2855 tum
1582 2788 1844 2858 demum
1889 2794 2317 2877 assequimur,

372 2881 528 2947 dum
564 2881 633 2944 in
671 2899 789 2943 nos
825 2878 999 2961 ipsos
1036 2875 1503 2956 descendimus,
1543 2896 1618 2942 ac
1653 2877 2139 2945 consideramus
2174 2880 2318 2963 qui-

369 2969 492 3034 bus
537 2964 749 3031 modis
793 2984 979 3029 suam
1020 2963 1092 3028 in
1136 2963 1322 3029 nobis
1365 2963 1596 3043 vitam,
1640 2965 2060 3047 sapientiam,
2105 2965 2317 3032 virtu-

368 3067 532 3133 tem,
581 3050 907 3116 Dominus
950 3056 1236 3116 exserat:
1282 3069 1469 3114 suam
1526 3049 1873 3129 iustitiam,
1934 3049 2314 3133 bonitatem,

368 3138 785 3206 clementiam
827 3156 986 3220 erga
1027 3155 1149 3200 nos
1194 3142 1513 3201 exerceat.

1059 3283 1187 3347 DE
1230 3277 1623 3346 HOMINE.

538 3394 758 3458 Homo
801 3394 1088 3476 primum
1149 3391 1231 3459 ad
1284 3392 1643 3476 imaginem
1678 3400 1763 3478 ‘ct
1818 3393 2317 3460 similitudinem

371 3480 496 3545 Dei
541 3480 861 3544 formatus
904 3479 1058 3558 fuit,
1104 3487 1179 3544 ut
1218 3479 1289 3541 in
1333 3478 1467 3543 suis
1511 3480 1940 3557 ornamentis,
1998 3478 2235 3563 quibus
2278 3504 2319 3547 a

370 3567 514 3632 Deo
559 3564 900 3649 splendide
943 3566 1222 3631 vestitus
1264 3573 1436 3642 erat,
1493 3585 1722 3630 eorum
1763 3573 2060 3631 autorem
2102 3588 2217 3632 sus
2267 3567 2317 3618 ‘-

371 3659 575 3730 ceret,
633 3659 700 3716 et
743 3673 872 3735 qua
917 3649 1184 3718 decebat
1226 3650 1627 3735 gratitudine
1670 3660 2110 3717 veneraretur.
2246 3674 2315 3718 e-

370 3760 517 3804 rum
563 3737 874 3820 quoniam
916 3743 1105 3802 tanta
1142 3744 1419 3802 naturae
1472 3756 1631 3802 suae
1684 3736 2071 3803 excellentia
2111 3741 2315 3805 confi-

369 3846 500 3903 sus,
547 3821 797 3889 scilicet
839 3821 1077 3888 oblitus
1121 3820 1293 3887 unde
1338 3827 1404 3887 et
1445 3823 1733 3905 profecta
1776 3832 1950 3889 esset
1993 3830 2060 3889 et
2102 3825 2316 3891 subsi-

367 3916 600 3987 steret,
646 3908 881 3973 efferre
923 3930 992 3973 se
1038 3914 1229 3974 extra
1268 3905 1636 3973 Dominum
1680 3917 1951 3974 conatus
1992 3917 2119 3975 est:
2175 3930 2316 3975 om-

367 3994 564 4061 nibus
598 3992 727 4058 Dei
765 3992 1112 4070 beneficiis,
1149 3994 1383 4077 quibus
1417 3993 1651 4059 stolide
1686 3996 2121 4079 superbiebat,
2166 4017 2314 4080 spo-

363 4081 514 4145 liari
558 4081 580 4144 i
665 4101 776 4145 um
820 4081 1180 4163 opportuit:
1235 4087 1312 4144 ut
1352 4081 1606 4159 Deum,
1652 4102 1847 4164 quem
1886 4082 2316 4148 beneficentia

364 4168 509 4233 eius
602 4166 740 4231 ‘ves
783 4174 1200 4231 contemnere
1245 4187 1442 4231 ausus
1486 4175 1655 4244 erat,
1712 4167 1890 4231 omni
1936 4166 2146 4251 gloria
2189 4191 2314 4234 nu·

366 4252 488 4320 dus
544 4273 620 4317 ac
675 4250 1023 4317 destitutus
1077 4258 1476 4336 agnosceret.
1565 4250 1785 4333 Quam
1840 4253 1921 4318 ob
1977 4275 2117 4318 rem
2171 4254 2313 4337 qui-

364 4359 623 4422 cunque
669 4357 754 4401 ex
799 4337 1046 4403 semine
1084 4336 1273 4403 Adae
1330 4337 1649 4422 originem
1702 4336 2031 4418 ducimus,
2085 4339 2313 4405 oblite-

366 4433 513 4490 rata
546 4421 679 4487 Dei
713 4422 1161 4502 similitudine,
1200 4443 1349 4490 caro
1384 4441 1467 4488 ex
1503 4444 1699 4488 carne
1734 4425 2082 4490 nascimur.
2142 4424 2317 4490 Nam

365 4509 672 4594 quamvis
713 4510 932 4575 anima
965 4515 1335 4575 constemus
1373 4519 1443 4574 et
1473 4530 1761 4592 corpore,
1803 4509 1897 4575 nil
1934 4518 2154 4576 tamen
2191 4511 2319 4576 nisi

366 4617 635 4663 carnem
692 4595 999 4678 sapimus.
1088 4596 1185 4661 Ut
1226 4595 1293 4660 in
1338 4616 1791 4678 quameunque
1834 4593 2124 4662 hominis
2166 4618 2318 4680 par-

366 4691 505 4747 tem
553 4687 891 4746 vertamus
932 4680 1178 4760 oculos,
1255 4680 1427 4745 nihil
1481 4681 1610 4747 nisi
1668 4682 2030 4764 impurum,
2098 4683 2319 4766 profa-

367 4789 551 4846 num,
605 4786 682 4831 ac
724 4767 870 4831 Deo
913 4766 1341 4833 abominabile
1383 4773 1676 4851 spectare
1718 4767 1927 4833 liceat..
2017 4766 2320 4834 Pruden-

366 4855 467 4918 tia
519 4853 700 4917 enim
758 4852 898 4917 eius
952 4873 1171 4931 caeca,
1225 4856 1373 4932 [pag.
1413 4858 1478 4933 5]
1549 4860 1616 4917 et
1669 4853 1945 4918 infinitis
1990 4854 2321 4920 erroribus

364 4929 690 5004 involuta.
758 4931 885 5002 Dei
931 4937 1293 5020 sapientiae
1326 4960 1583 5022 semper
1614 4937 2018 5005 adversatur.
2064 4939 2321 5005 Volun-

364 5037 477 5091 tas
519 5043 746 5108 prava,
791 5026 1241 5108 corruptisque
1284 5023 1624 5090 affectibus
1668 5026 1926 5102 referta,
1974 5026 2069 5090 nil
2109 5026 2323 5110 magis

364 5110 511 5176 odit
553 5128 751 5193 quam
809 5108 984 5175 illius
1038 5108 1375 5175 iustitiam.
1444 5110 1641 5177 Vires
1698 5111 1782 5176 ad
1831 5113 2079 5178 bonum
2132 5133 2324 5178 omne

363 5215 538 5280 opus
583 5203 951 5276 enervatae,
999 5192 1083 5259 ad
1123 5193 1535 5276 iniquitatem
1580 5196 1820 5262 furiose
1862 5205 2084 5263 ruunt.

2030 284 2634 357 OATEOHISMU
2637 288 2708 357 S.
2762 293 2766 297 ’

4255 290 4379 361 328

2873 512 3000 578 DE
3046 513 3402 581 LIBERO
3449 472 3922 601 ARBI'rRIO.

2592 650 2949 715 Hominem
2986 672 3128 717 esse
3171 652 3418 735 peccati
3457 670 3724 720 servum
3758 661 4092 720 testantur
4132 656 4375 738 passim

2421 735 2812 819 scripturae:
2860 757 2987 819 quo
3025 737 3452 822 significatur,
3482 739 3623 805 eius
3645 741 3985 825 ingenium
4014 740 4108 806 sic
4131 741 4376 808 aliena-

2421 827 2565 886 tum
2608 843 2648 887 a
2689 823 2819 887 Dei
2859 822 3124 902 iustitia,
3161 829 3238 888 ut
3279 823 3444 888 nihil
3481 847 3612 890 non
3648 826 3943 909 impium,
3982 832 4372 907 contortum,

2419 907 2738 990 iniquum,
2781 909 3139 991 impurum,
3186 909 3519 991 concipiat,
3567 931 3772 977 concu
3817 912 4004 992 iscat,
4049 912 4374 979 moliatur.

2421 991 2557 1059 Gor
2610 993 2786 1058 enim
2843 996 3089 1077 peccati
3145 1015 3399 1060 veneno
3441 996 3709 1079 penitus
3797 997 4144 1077 elibutum,
4207 999 4376 1063 nihil

2422 1099 2618 1162 quam
2674 1080 2921 1162 peccati
2977 1080 3228 1146 fructus
3285 1081 3508 1146 efflare
3565 1089 3796 1165 potest.
3877 1083 4107 1166 Neque
4151 1091 4373 1151 tamen

2421 1163 2568 1229 ideo
2611 1165 2982 1248 putandum
3027 1171 3153 1245 est,
3211 1165 3546 1232 hominem
3589 1168 3776 1251 quasi
3820 1167 4107 1234 violenta
4148 1191 4373 1236 neces-

2421 1250 2615 1315 sitate
2658 1257 2956 1318 coactum
2992 1268 3276 1334 peccare.
3340 1252 3687 1336 Delinquit
3724 1254 4062 1320 voluntate
4097 1277 4374 1339 propen-

2421 1336 2695 1402 sissima.
2762 1335 2899 1402 Sed
2956 1338 3111 1420 quia
3160 1358 3279 1422 pro
3334 1337 3607 1406 affectus
3662 1340 3766 1404 sui
3825 1341 4237 1424 corruptione
4292 1342 4372 1407 ab

2420 1422 2602 1485 omni
2642 1423 2770 1487 Dei
2806 1422 3058 1488 iustitia
3098 1424 3293 1521 longe
3330 1422 3653 1504 abhorret,
3697 1425 3768 1490 in
3810 1446 4005 1490 omne
4041 1447 4197 1492 vero
4233 1448 4373 1492 ma-

2420 1505 2603 1572 litiae
2648 1504 2856 1592 genus
2900 1509 3137 1589 fervet,
3193 1508 3400 1574 libera
3443 1509 3724 1594 eligendi
3771 1510 3923 1576 boni
3968 1532 4046 1578 ac
4077 1511 4234 1578 mali
4278 1513 4373 1577 fa-

2420 1593 2686 1673 cultate,
2731 1615 2925 1677 quam
2969 1594 3287 1660 Liberum
3329 1594 3699 1660 Arbitrium
3734 1604 3991 1676 vocant,
4037 1596 4373 1682 praeditus

2421 1699 2566 1744 esse
2609 1685 2907 1763 negatur.

2816 1886 2944 1950 DE
2987 1885 3412 1953 PEOOATO
3457 1886 3577 1953 ΕΤ
3621 1884 3964 1953 MORTE.

2595 2020 2947 2087 Peccatum
2992 2023 3061 2086 in
3109 2023 3449 2106 scripturis
3490 2024 3873 2109 appellatur,
3912 2034 4046 2091 tam
4081 2027 4225 2110 ipsa
4259 2047 4375 2092 na?

2422 2116 2614 2172 turae
2681 2108 3011 2172 humanae
3066 2109 3411 2189 vitiositas,
3483 2111 3628 2176 fons
3686 2111 3996 2176 vitiorum
4060 2112 4371 2193 omnium,

2420 2214 2617 2276 quam
2674 2214 2839 2276 quae
2894 2192 3048 2257 inde
3091 2194 3392 2260 oriuntur
3439 2196 3774 2280 improbae
3833 2197 4245 2279 cupiditates,
4304 2205 4373 2264 et

2420 2294 2585 2361 quae
2647 2279 2727 2355 ab
2781 2278 2943 2362 ipsis
2998 2279 3461 2363 cupiditatibus
3518 2303 3698 2347 emer
3788 2289 3867 2344 nt
3929 2282 4154 2366 iniqua
4210 2284 4369 2351 faci-

2419 2385 2609 2429 nora:
2657 2363 2876 2448 qualia
2899 2371 3072 2444 sunt,
3111 2366 3360 2445 caedes,
3406 2368 3599 2447 furta,
3637 2389 3676 2433 a
3722 2366 3976 2446 ulteria,
4025 2375 4093 2432 et
4113 2376 4370 2434 caetera

2420 2450 2561 2516 eius
2602 2451 2878 2535 generis.
2945 2450 3083 2516 Nos
3118 2472 3272 2536 ergo
3309 2452 3390 2518 ab
3430 2459 3617 2518 utero
3651 2460 4039 2535 peccatores,
4078 2453 4159 2519 ad
4200 2455 4369 2520 iram

2421 2543 2488 2600 et
2540 2535 2860 2601 ultionem
2913 2536 3039 2601 Dei
3095 2558 3322 2603 omnes
3377 2539 3742 2603 nascimur:
3806 2537 4045 2619 adulti,
4149 2540 4368 2606 ravius

2419 2621 2697 2687 subinde
2766 2620 3083 2687 iudicium
3152 2623 3339 2688 nobis
3392 2624 3802 2689 cumulamus
3818 2676 3833 2702 ,
3901 2630 4038 2689 tota
4136 2626 4370 2709 enique

2420 2708 2558 2773 vita
2601 2706 2683 2772 ad
2738 2715 3017 2772 mortem
3070 2708 3543 2793 progredimur.
3621 2709 3794 2774 Nam
3838 2709 3916 2774 si‘
3938 2731 4198 2775 omnem
4242 2711 4370 2776 ini-

2418 2793 2740 2877 quitatem
2786 2794 2915 2861 Dei
2965 2792 3251 2859 iustitiae
3303 2795 3769 2860 exsecrabilem
3823 2816 3965 2861 esse
4030 2796 4197 2860 nihil
4251 2794 4371 2863 du-

2418 2878 2601 2944 bium
2625 2887 2741 2958 est,
2787 2877 2944 2962 quid
2988 2901 3108 2946 nos
3148 2880 3370 2947 miseri
3418 2882 3499 2947 ab
3543 2881 3684 2946 eius
3719 2887 4070 2965 conspectu
4104 2902 4372 2966 exspec-

2420 2973 2652 3043 temus,
2690 2964 2815 3031 nisi
2853 2966 3282 3032 certissimam
3323 2967 3781 3045 confusionem,
3820 2966 4080 3050 qualem
4126 2972 4272 3048 [pag.
4302 2973 4369 3050 6]

2419 3053 2549 3117 fert
2592 3053 2730 3118 eius
2771 3051 3154 3136 indignatio,
3200 3054 3310 3136 qui
3346 3061 3414 3118 et
3445 3053 3707 3138 ingenti
3742 3061 4158 3136 peccatorum
4199 3053 4373 3120 mole

2421 3138 2734 3221 oppressi,
2780 3144 2848 3202 et
2888 3138 3153 3203 infinita
3193 3138 3474 3205 colluvie
3516 3139 3839 3222 inquinati
3875 3161 4120 3205 sumus.
4187 3140 4374 3206 Haec

2421 3223 2729 3307 cogitatio
2807 3244 3183 3307 quanquam
3258 3225 3590 3290 hominem
3662 3232 3915 3289 terrore
3981 3233 4373 3305 consternat,

2420 3329 2496 3375 ac
2537 3308 2990 3392 desperatione
3032 3308 3276 3389 obruit,
3327 3311 3515 3376 nobis
3561 3317 3780 3375 tamen
3824 3310 4192 3376 necessaria
4236 3319 4366 3376 est:

2461 3413 2546 3459 uo
2592 3394 2855 3477 propria
2903 3394 3153 3459 iustitia
3196 3396 3406 3477 exuti,
3462 3397 3767 3480 propriae
3811 3395 4080 3461 virtutis
4126 3393 4366 3462 fiducia

2416 3416 2680 3560 deiecti,
2727 3480 2908 3544 omni
2949 3480 3125 3546 vitae
3163 3481 3651 3564 exspectatione
3695 3480 3974 3563 depulsi,
4034 3479 4359 3546 discamus

2418 3566 2858 3649 paupertatis,
2903 3566 3232 3646 miseriae,
3289 3568 3686 3653 ignominiae
3726 3572 3988 3630 nostrae
4035 3566 4372 3631 conscien-

2419 3651 2515 3717 tia
2558 3671 2775 3718 coram
2818 3649 3108 3716 Domino
3151 3652 3574 3730 consternari,
3621 3651 4003 3735 iniquitatis,
4048 3652 4370 3734 impoten-

2420 3738 2567 3816 tiae,
2612 3737 2845 3802 ruinae
2890 3745 3152 3803 nostrae
3196 3739 3532 3823 agnitione
3551 3790 3564 3815 ‚
3621 3757 3881 3801 omnem
3922 3735 4020 3799 illi
4063 3737 4374 3802 sanctita·b

2418 3824 2525 3902 tis,
2573 3823 2855 3901 virtutis,
2903 3824 3133 3889 salutis
3177 3824 3452 3909 gloriam
3497 3822 3763 3887 deferre.

2487 4026 2951 4112 QUOMODO
2997 4029 3097 4094 IN
3141 4028 3585 4096 sALUTEM
3628 4025 3747 4092 AO
3793 4026 4095 4093 vlmAM
4138 4027 4296 4092 RE-

3109 4129 3668 4198 srlmUAMUR.

2590 4254 2698 4320 Ab
2755 4254 2880 4318 hac
2934 4252 3140 4318 nostri
3185 4251 3579 4336 cognitione,
3641 4270 3806 4333 quae
3848 4255 4142 4315 nostram
4188 4247 4374 4313 nobis

2421 4338 2690 4403 οὖδενίαν
2742 4336 3055 4415 ostendit,
3116 4336 3436 4421 siquidem
3494 4336 3729 4400 animis
3772 4335 4014 4400 nostris
4059 4332 4227 4399 serio
4269 4334 4372 4397 in-

2420 4424 2683 4504 sederit,
2730 4423 2814 4490 ad
2852 4424 3173 4490 veriorem
3210 4443 3462 4506 quoque
3495 4422 3626 4487 Dei
3669 4421 3974 4485 notitiam
4015 4418 4223 4484 facilis
4257 4439 4374 4501 pa-

2421 4519 2520 4577 tet
2562 4530 2881 4577 accessus.
2948 4510 3093 4574 Imo
3150 4527 3308 4575 vero
3366 4509 3498 4571 iam
3546 4508 3686 4591 ipse
3740 4507 3810 4570 in
3847 4526 4126 4589 regnum
4180 4524 4374 4569 suum

2420 4599 2704 4682 primam
2765 4597 3035 4660 ianuam
3100 4593 3385 4677 aperuit:
3459 4591 3568 4657 ubi
3648 4591 4146 4657 nocentissimae
4212 4589 4374 4655 duas

2422 4689 2660 4768 pesteS,
2706 4680 3034 4747 vindictae
3078 4700 3235 4746 suae
3271 4679 3705 4757 securitatem,
3752 4677 4120 4760 falsamque
4163 4676 4375 4740 nostri

2423 4768 2917 4845 confidentiam,
2976 4765 3409 4832 labefactavit.
3514 4765 3703 4829 'func
3761 4763 3935 4828 enim
3990 4762 4062 4826 in
4121 4762 4374 4826 coelum

2382 4871 2388 4880 ’
2423 4854 2643 4920 oculos
2687 4852 2983 4918 attollere
3025 4851 3390 4934 incipimus,
3437 4851 3548 4931 qui
3594 4861 3789 4914 antea
3832 4849 3903 4913 in
3938 4848 4132 4913 terris
4175 4845 4376 4911 defixi

2424 4938 2810 5007 haerebant:
2857 4944 2925 5002 et
2966 4938 3078 5021 qui
3122 4936 3690 5020 acquiescebamus
3731 4936 3800 4999 in
3834 4932 4162 5000 nobismet
4194 4932 4373 5016 ipsis,

2425 5026 2510 5092 ad
2556 5025 2915 5091 Dominum
2958 5024 3378 5106 suspiramus.
3445 5022 3597 5105 Ipse
3638 5028 3858 5086 autem
3891 5016 4375 5083 misericordiae

2474 5119 2634 5191 ater,
2680 5130 3053 5194 quanquam
3099 5109 3290 5193 longe
3335 5107 3514 5173 aliud
3552 5114 3777 5172 nostra
3818 5104 4127 5200 iniquitas
4162 5123 4372 5201 mere-

2426 5134 2652 5277 batur,
2708 5217 2826 5280 pro
2882 5216 3003 5261 sua
3043 5202 3262 5260 tamen
3306 5192 3729 5259 inenarrabili
3787 5190 4222 5272 benignitate,
4279 5208 4374 5252 sic

3865 5287 3966 5342 21*
