4984 5975
338 326 414 388 93
1132 335 1142 348 ⁰
1736 321 2029 390 LIBER
2071 324 2124 391 Ι.
2215 324 2520 393 CAPUT
2562 328 2686 393 XI.
2757 328 2916 394 XII.
4252 334 4335 395 94

336 510 815 578 admiscuerant
855 511 1088 578 Mario.
1156 512 1401 578 Postea
1443 510 1637 598 Sylla
1679 535 1720 580 a
1762 512 2044 597 quodam
2088 535 2279 581 sena-

336 606 471 662 tore
513 605 812 680 rogatus,
866 605 942 662 ut
984 597 1349 663 declararet
1395 619 1559 682 quos
1602 608 1776 665 esset
1818 602 2042 683 poenis
2084 601 2279 666 affec-

337 691 538 762 turus,
585 705 669 749 ne
705 691 801 748 tot
831 683 1256 750 immerentes
1299 685 1776 769 iugularentur,
1823 694 1965 752 octo
2017 687 2156 751 'nta
2189 688 2278 751 ci-

335 790 444 834 ves
474 769 876 852 proscripsit.
944 770 1025 835 Id
1060 790 1254 854 aegre
1288 772 1539 836 ferente
1574 781 1826 849 senatu,
1874 771 1959 836 ad
2008 772 2125 837 'dit
2158 772 2278 837 du-

335 863 552 921 centos
597 875 673 919 ac
717 856 971 939 viginti.
1040 856 1260 921 Tertio
1304 857 1499 923 etiam
1539 878 1673 922 non
1717 859 2056 941 pauciores
2099 858 2277 923 adie-

336 941 433 1006 cit.
520 938 742 1024 Super
794 941 918 1007 hoc
972 941 1044 1006 in
1096 943 1403 1008 concione
1457 965 1528 1008 se
1580 943 2034 1027 proscripsisse
2090 943 2275 1024 dixit,

337 1026 441 1109 qui
481 1031 642 1092 tunc
689 1029 1043 1093 memoriae
1096 1029 1603 1094 succurrissent:
1661 1029 1823 1094 alios
1875 1032 2276 1114 proscriptu-

335 1133 504 1192 rum,
562 1113 673 1195 qui
728 1111 1056 1179 oblivione
1110 1123 1330 1179 essent
1371 1115 1725 1197 praeteriti.
1816 1113 1891 1180 Si
1938 1118 2084 1200 quis
2126 1137 2276 1199 pro-
2313 1179 2318 1186 ,

337 1198 641 1282 scriptum
692 1200 1077 1283 recepisset,
1133 1199 1363 1282 opibus
1406 1199 1793 1280 adiuvisset,
1851 1210 2060 1267 morte
2113 1202 2276 1268 libe-

335 1294 552 1362 rasset,
596 1292 876 1350 mortem
920 1286 1202 1370 irrogari
1235 1287 1582 1369 praecepit,
1627 1297 1704 1350 ut
1739 1287 2001 1371 pietatis
2034 1309 2276 1371 poenas

334 1369 549 1435 lueret.
622 1371 684 1435 N
689 1392 777 1435 on
819 1371 1109 1451 fratrem,
1153 1393 1281 1437 non
1327 1372 1555 1450 filium,
1601 1394 1733 1437 non
1776 1383 2116 1456 parentem
2161 1396 2275 1439 ex-

336 1456 509 1538 cepit.
597 1456 833 1540 Neque
876 1458 1147 1523 deorum
1192 1457 1456 1540 templa,
1502 1479 1715 1542 neque
1760 1459 2115 1542 hospitales
2161 1481 2274 1543 pe-

333 1549 527 1622 nates,
585 1564 708 1608 nec
764 1550 1077 1626 paternas
1134 1542 1361 1609 domos
1418 1565 1458 1608 a
1510 1543 1816 1610 caedibus
1920 1567 2075 1611 uras
2132 1568 2274 1611 esse

334 1627 546 1693 voluit.
639 1627 780 1693 Nec
820 1630 1074 1694 Romae
1118 1629 1359 1707 solum,
1421 1627 1536 1695 sed
1578 1630 1649 1694 in
1694 1633 1871 1698 omni
1917 1652 1996 1696 us
2039 1632 2274 1697 Italiae

335 1713 573 1797 oppidis
617 1715 1125 1798 proscriptiones
1169 1714 1478 1781 exercuit.
1544 1716 1904 1782 Praeneste
1939 1717 2106 1783 illati
2138 1719 2273 1801 pri-

334 1819 501 1864 mum
527 1800 778 1867 viritim
813 1801 1165 1881 cruciatus,
1203 1801 1542 1867 iudiciario
1572 1822 1772 1867 more.
1817 1803 2081 1868 Deinde
2115 1802 2274 1869 duo-

335 1883 532 1952 decim
572 1886 789 1951 millia
829 1885 1179 1953 trucidata:
1236 1887 1356 1952 soli
1401 1885 1628 1973 Syllae
1682 1887 1927 1972 hospiti
1971 1910 2275 1955 concessa

333 1971 748 2056 impunitate:
793 1994 991 2056 quam
1031 1980 1253 2039 tamen
1288 1974 1439 2038 forti
1448 1983 1547 2038 ter
1581 1973 1829 2053 abnuit,
1870 1975 2273 2059 respondens

333 2057 573 2126 nullam
609 2078 682 2123 se
727 2059 969 2125 habere
1012 2058 1244 2125 salutis
1287 2060 1586 2144 gratiam,
1633 2061 1689 2125 si
1733 2062 2114 2126 exstinctori
2156 2082 2273 2144 pa-

334 2144 484 2208 triae
523 2145 1049 2227 permisceretur.
1113 2145 1303 2211 Mille
1342 2144 1471 2209 alia
1509 2145 1580 2210 id
1620 2166 1830 2230 genus
1871 2146 2052 2231 leges
2096 2145 2275 2231 apud

334 2231 702 2314 Appianum
748 2239 814 2296 et
855 2231 1308 2297 Plutarchum.

487 2316 896 2383 Descenderit
950 2317 1091 2382 licet
1132 2337 1164 2381 e
1207 2317 1516 2381 dictatura
1558 2315 1708 2402 sua]
1771 2315 1997 2398 Quum
2049 2318 2145 2382 ita
2199 2341 2270 2385 se

334 2402 398 2465 in
417 2402 750 2485 republica
783 2410 1057 2487 gereret,
1095 2401 1489 2468 dictaturam
1512 2405 1884 2486 assumpsit,
1920 2404 2270 2489 magistra-

335 2492 460 2551 tum
502 2488 754 2554 scilicet
791 2487 1029 2573 populo
1074 2509 1344 2554 romano
1389 2498 1583 2555 antea
1620 2490 1964 2569 usitatum,
2021 2491 2126 2554 cui
2171 2498 2271 2556 tae

333 2593 474 2638 men
511 2596 744 2641 rerum
787 2596 1045 2654 summa
1095 2577 1604 2658 permitteretur.
1695 2575 1936 2641 Libere
1980 2577 2158 2641 enim
2199 2577 2272 2641 in

334 2660 530 2742 capita
568 2660 818 2727 civium
853 2660 1203 2727 dictatores
1239 2659 1866 2741 animadvertebant,
1911 2683 2043 2727 non
2081 2683 2272 2745 pare-

337 2744 480 2811 bant
534 2746 962 2811 tribunorum
1013 2747 1620 2826 intercessionibus,
1680 2761 1746 2812 et
1801 2768 2012 2830 paene
2069 2770 2149 2814 su
2196 2769 2273 2814 ra

336 2828 498 2916 leges
550 2842 778 2911 erant,
837 2854 970 2898 non
1025 2855 1210 2900 secus
1255 2855 1330 2899 ac
1374 2834 1555 2918 regia
1605 2840 1928 2916 potestate
1970 2856 2129 2919 prae
2181 2834 2269 2899 ‘ti.

339 2914 773 2999 Quamobrem
827 2928 1094 2984 cautum
1151 2930 1320 2998 erat,
1379 2926 1455 2984 ut
1508 2941 1579 2984 se
1635 2919 2014 2985 abdicarent
2063 2922 2272 3006 magi-

340 3014 530 3071 stratu
578 3014 769 3071 sexto
811 3026 1056 3084 mense,
1103 3027 1183 3070 ex
1229 3027 1356 3089 quo
1402 3005 1622 3089 adepti
1660 3014 1911 3086 essent,
1957 3028 2043 3072 ne
2085 3028 2270 3093 mag-

339 3112 481 3155 num
510 3091 881 3175 imperium,
925 3091 1094 3175 quod
1127 3091 1570 3174 periculosum
1592 3091 1899 3171 creditur,
1936 3094 2108 3159 foret
2127 3093 2272 3159 diu-

339 3186 613 3243 turnum.
685 3176 875 3263 Sylla
895 3198 1052 3243 vero
1093 3178 1162 3242 in
1210 3199 1418 3243 annos
1463 3186 1730 3244 centum
1774 3185 1842 3243 et
1860 3179 2104 3264 viginti
2148 3178 2274 3244 sibi

339 3260 700 3347 desumpsit.
760 3262 968 3329 Ouius
985 3286 1068 3333 ,ex
1076 3263 1367 3347 emplum
1402 3273 1719 3347 sequutus
1751 3273 1853 3329 est
1872 3265 2084 3331 Iulius
2103 3264 2272 3331 an-

335 3369 448 3415 sar.
489 3349 750 3416 Verum
777 3349 886 3416 hic
916 3348 1117 3415 semel
1145 3358 1475 3433 acceptam
1511 3357 1899 3433 potestatem
1933 3372 2274 3433 nunquam

336 3432 584 3516 dimisit,
631 3435 744 3501 ille
787 3456 947 3502 vero
990 3435 1117 3502 sibi
1156 3436 1500 3520 abrogavit
1539 3437 1609 3500 in
1646 3449 1832 3502 coetu
1865 3436 2110 3520 populi,
2155 3458 2273 3502 au-

337 3541 434 3587 sus
475 3544 546 3588 se
587 3541 919 3606 exponere
952 3524 1276 3588 rationem
1319 3530 1543 3607 gestae
1585 3521 1947 3588 dictamrae
1980 3521 2272 3588 redditu-

337 3627 486 3686 rum,
522 3611 581 3674 si
617 3610 764 3692 quis
797 3607 1178 3691 inquireret.
1238 3607 1398 3673 Ideo
1433 3606 1777 3674 cavillatus
1809 3609 1880 3672 in
1916 3630 2068 3674 eum
2102 3608 2271 3675 an-

337 3713 448 3772 sar,
491 3693 662 3759 dixit
694 3695 977 3760 nescisse
1010 3694 1257 3772 literas,
1343 3694 1416 3759 ui
1448 3694 1843 3760 dictaturam
1877 3693 2268 3779 deposuerit.

334 3778 419 3843 Et
434 3780 728 3847 rhetores
759 3780 935 3846 inter
956 3716 1364 3847 declamandi
1397 3779 1918 3860 exercitationes,
1952 3780 2271 3847 delibera-

336 3866 563 3932 tionem
597 3864 826 3951 Syllae
871 3867 1213 3950 agitabant
1254 3863 1645 3932 dictaturam
1689 3865 1763 3930 in
1804 3867 2114 3933 concione
2157 3865 2269 3931 de-

333 3955 649 4032 ponentis:
696 3961 773 4018 ut
814 3952 910 4016 ait
946 3950 1400 4033 Quintilianus
1440 3951 1609 4016 libro
1642 3950 1837 4017 VIII.
1917 3950 2065 4034 Quo
2103 3952 2269 4018 allu-

335 4036 414 4101 sit
449 4037 784 4105 Iuvenalis
825 4036 1074 4122 Satyra
1112 4038 1357 4121 prima:

1430 4147 1508 4203 Et
1538 4164 1642 4203 nos

540 4218 834 4274 Consilium
870 4217 1112 4273 dedimus
1146 4216 1346 4288 Syllae,
1381 4218 1624 4287 privatus
1661 4225 1722 4272 ut
1754 4218 1925 4272 altum

539 4287 826 4343 Dormiret.

337 4376 556 4460 Quum'
599 4382 683 4449 ad
739 4380 918 4449 hunc
973 4381 1244 4447 modum
1295 4386 1443 4461 [pag.
1479 4385 1589 4460 85]
1645 4379 2069 4446 abuterentur
2122 4382 2267 4446 eius

333 4469 658 4548 potestatis
690 4468 972 4548 licentia,
1019 4469 1130 4552 qui
1171 4468 1522 4552 imperium
1566 4466 1978 4546 affectabant,
2022 4485 2267 4533 nomen

335 4554 881 4621 senatusconsulto
925 4555 1314 4638 abrogatum
1362 4559 1466 4619 cst
1503 4554 1574 4618 in
1615 4561 2009 4636 perpetuum
2049 4553 2264 4618 Anto-

333 4639 430 4703 nio
480 4640 762 4707 consule.
851 4638 1039 4721 Quae
1098 4659 1294 4706 causa
1339 4640 1464 4704 fuit
1517 4646 1596 4703 ut
1645 4644 1871 4721 postea
1921 4638 2264 4721 Augustus

331 4742 560 4810 magna
580 4728 648 4793 vi
670 4726 984 4792 offerente
1012 4726 1271 4811 populo,
1307 4746 1481 4811 genu
1503 4725 1720 4802 nixus,
1759 4723 2012 4789 deiecta
2033 4724 2115 4789 ab
2139 4723 2264 4789 hu-

331 4811 517 4878 meris
544 4820 716 4897 toga,
759 4811 937 4878 nudo
969 4822 1248 4897 pectore,
1293 4832 1438 4877 eam
1469 4810 1855 4894 deprecatus
1885 4809 1991 4875 sit.
2039 4808 2262 4876 Verba

332 4891 522 4976 igitur
571 4896 864 4966 Senecae
916 4897 1095 4964 hunc
1147 4898 1395 4964 habent
1445 4918 1743 4975 sensum,
1798 4896 1954 4961 licet
2003 4902 2265 4978 praeter

331 4996 564 5048 nomm
601 4992 1042 5070 tyrannorum
1085 4983 1436 5066 aliquando
1482 4981 1834 5069 tyrannide
1889 4979 2262 5061 excesserit,

329 5072 396 5130 et
423 5067 490 5133 in
519 5073 922 5154 privatorum
965 5066 1262 5135 ordinem
1295 5091 1369 5135 se
1407 5068 1862 5152 composuerit,
1905 5067 2130 5133 nullus
2164 5073 2263 5131 ta-

330 5154 1679 5326 :affltffiffm-am„
1720 5152 2260 5237 mm...

2557 514 2646 582 Et
2684 537 2751 582 se
2783 523 2954 600 toque
2994 514 3364 603 reddiderit]
3406 515 3660 582 Eadem
3701 516 4080 600 loquutione
4123 518 4336 583 utitui·

2380 603 2698 668 Lucanus
2742 600 2849 667 lib.
2896 601 3054 666 VII.
3098 604 3166 667 in
3210 623 3490 685 persona
3532 602 3864 668 Caesaris:

2604 703 3407 843 attestatas-¹³?
3434 685 3987 843 attestatae

2382 857 2476 924 Ut
2508 879 2628 942 per
2650 866 2874 943 togam
2904 860 3310 942 significetur
3330 860 3627 943 privatus
3646 858 3936 926 habitus:
3969 861 4121 944 quia
4142 882 4332 945 prae-

2382 951 2565 1008 texta
2605 945 2864 1027 insigne
2906 954 3047 1010 erat
3089 946 3612 1029 magistratuum.
3701 945 4076 1012 Paedianus
4117 947 4190 1011 in
4233 945 4331 1014 di-

2380 1030 2816 1096 vinationem:
2864 1031 3046 1114 Toga
3080 1031 3448 1097 communis
3481 1031 3748 1097 habitus
3782 1033 4065 1097 marium
4101 1039 4167 1096 et
4198 1033 4331 1098 foe-

2378 1116 2731 1196 minarum,
2777 1114 2892 1181 sed
2935 1124 3278 1199 praetexta
3316 1116 3760 1196 honestorum,
3805 1126 3961 1202 toga
4004 1118 4329 1186 viliorum.

2381 1199 2573 1282 Quod
2610 1208 2831 1266 tamen
2875 1224 3004 1266 non
3048 1203 3209 1268 satis
3252 1211 3368 1268 est.
3435 1202 3609 1267 Nam
3653 1200 3843 1288 Sylla
3885 1211 4033 1286 post
4074 1204 4156 1269 de
4242 1205 4330 1271 si-

2378 1293 2516 1352 tam
2540 1286 2935 1353 dictaturam
2959 1290 3353 1353 senatoriam
3375 1286 3757 1374 dignitatem
3779 1289 4122 1354 retinebat.
4221 1291 4332 1356 uid

2380 1373 2689 1451 sentiam,
2716 1373 2729 1386 “
2744 1374 3035 1439 breviter
3091 1374 3535 1457 perstringere
3578 1375 3797 1440 visum
3850 1385 3967 1439 est.
4050 1373 4141 1440 ‘In
4196 1378 4328 1460 pri-

2377 1460 2506 1524 mis
2538 1460 2934 1542 praetextati
2980 1467 3169 1525 erant
3213 1459 3662 1543 magistratus,
3705 1467 3780 1525 ut
3816 1460 4063 1527 dictum
4098 1469 4215 1541 est,
4262 1469 4330 1527 et

2378 1544 2667 1609 ostendit
2687 1545 2948 1611 Plinius
2972 1546 3044 1610 in
3064 1546 3497 1630 PanegyricO.
3561 1546 3862 1624 Gestum,
3900 1547 4135 1630 inquit,
4174 1569 4327 1613 con-

2378 1629 2672 1695 sulatum
2713 1632 2943 1708 mirer,
3001 1651 3086 1695 an
3140 1652 3273 1695 non
3327 1630 3703 1714 receptum?
3795 1632 4041 1697 Gestus
4084 1654 4215 1698 non
4258 1634 4330 1699 in

2376 1715 2503 1782 hoc
2545 1717 2728 1781 urbis
2773 1718 2904 1782 otio
2949 1726 3017 1781 et
3057 1717 3291 1781 intimo
3336 1716 3487 1782 sinu
3529 1718 3735 1800 pacis,
3791 1717 3907 1783 sed
3948 1719 4139 1784 iuxta
4180 1720 4329 1785 bar-

2378 1801 2570 1867 baras
2606 1810 2853 1887 gentes,
2896 1810 2973 1868 ut
3006 1802 3103 1867 illi
3142 1802 3459 1880 solebant,
3504 1803 3740 1886 quibus
3783 1805 3988 1876 moris
4029 1813 4172 1870 erat
4212 1827 4330 1889 pa-

2376 1884 2758 1953 ludamento
2781 1898 3039 1954 mutare
3063 1895 3490 1973 praetextam.
3559 1887 3761 1953 Item:
3800 1889 3999 1954 Modo
4025 1897 4328 1973 praetex-

2377 1982 2481 2038 tas
2503 1983 2843 2054 exuerant,
2869 1983 3241 2040 resumant:
3280 1974 3472 2039 modo
3493 1974 3755 2041 lictores
3778 1975 3957 2041 abire
3980 1975 4327 2055 iusserant,

2377 2069 2689 2125 revocent
2731 2068 2852 2126 etc.
2928 2061 3021 2125 Et
3053 2062 3287 2126 Livius
3324 2060 3436 2125 lib.
3469 2060 3559 2126 X.
3604 2062 3837 2126 tertiae
3873 2060 4131 2128 decadis
4167 2084 4330 2128 enu-

2375 2152 2593 2210 merat
2624 2147 2913 2231 insignia
2943 2145 3513 2229 triumphantium,
3550 2154 3617 2212 et
3643 2148 4167 2231 magistratuum,
4203 2148 4329 2214 sel-

2377 2231 2476 2296 las
2521 2231 2810 2311 curules,
2857 2240 3082 2316 togam
3123 2239 3565 2315 praetextam,
3612 2234 3902 2298 tunicam
3948 2233 4326 2317 palmatam,

2377 2323 2599 2401 togam
2620 2318 2882 2401 pictam,
2918 2337 3226 2383 coronam
3248 2316 3735 2400 triumphalem,
3767 2318 4079 2384 lauream.
4144 2319 4327 2384 Non-

2377 2401 2547 2467 nulfi
2591 2402 2701 2468 alii
2744 2404 2944 2468 etiam
2985 2410 3329 2487 praetexta
3362 2404 3735 2482 utebantur,
3783 2404 4160 2470 consulares
4203 2405 4328 2471 sci-

2375 2488 2533 2554 licet
2560 2490 2688 2555 viri
2724 2496 2791 2553 et
2821 2490 3149 2573 praetorii,
3187 2511 3264 2555 ac
3295 2487 3540 2554 similes
3573 2489 3781 2555 functi
3813 2489 4151 2555 honoratis
4185 2512 4328 2555 ma-

2376 2575 2782 2659 gistratibus,
2808 2575 2916 2641 vel
2952 2576 3087 2641 suis
3121 2576 3193 2639 in
3230 2574 3703 2658 rempublicam
3738 2575 3990 2641 meritis
4026 2597 4177 2640 eum
4208 2575 4328 2640 ho-

2375 2681 2605 2727 norem
2659 2660 3059 2744 consequuti.
3151 2659 3381 2726 Oicero
3438 2681 3641 2743 quum
3696 2659 3778 2725 de
3834 2660 4163 2726 aedilitate
4206 2683 4328 2727 sua

2372 2745 2695 2830 loquitur:
2757 2744 3144 2812 Sententiae
3199 2745 3514 2812 dicendae
3568 2746 3811 2826 locum,
3868 2753 4094 2831 togam
4136 2768 4327 2830 prae-

2374 2839 2648 2912 textam,
2673 2832 2905 2899 sellam
2918 2832 3233 2911 curulem,
3254 2832 3357 2897 ius
3376 2832 3684 2916 imaginis
3704 2832 3787 2897 ad
3809 2834 4191 2898 memoriam
4212 2854 4327 2915 po-

2378 2919 2871 3002 steritatemque
2903 2916 3327 3002 prodendam.
3386 2916 3571 2982 Idem
3605 2939 3725 3002 pro
3757 2916 4063 2983 Cornelio
4084 2918 4323 2983 Balbo:

2379 3003 2511 3086 Qui
2548 3006 2942 3089 praetoriam
2979 3006 3391 3083 sententiam,
3430 3024 3506 3070 ac
3539 3011 3759 3088 togam
3791 3011 4201 3088 praetextam
4232 3006 4327 3070 le-

2378 3112 2537 3176 gum
2593 3092 2904 3175 praemiis
2959 3096 3463 3175 consequuntur.
3555 3090 3658 3155 Ne
3712 3090 3809 3154 illi
3851 3089 4111 3173 quidem
4157 3112 4326 3157 sem-

2376 3199 2496 3261 per
2537 3185 2879 3262 praetexta
2915 3183 3072 3261 toga
3114 3175 3333 3241 induti
3376 3177 3449 3241 in
3490 3176 3827 3260 publicum
3870 3175 4324 3260 procedebant,

2377 3263 2488 3328 sed
2535 3263 2942 3330 celebrandis
2984 3262 3594 3346 supplicationibus,
3656 3269 3772 3328 aut
3814 3262 3958 3328 aliis
4000 3264 4180 3329 feriis
4223 3283 4326 3328 so-

2375 3347 2682 3415 lennibus
2696 3400 2711 3428 ,
2772 3355 2841 3413 et
2896 3348 3043 3414 aliis
3094 3346 3482 3432 quibusdam
3523 3348 3800 3431 publicis
3843 3349 4323 3414 festivitatibus.

2377 3434 2609 3500 Cicero
2663 3434 2950 3518 Philipp.
3006 3434 3125 3499 II.:
3194 3432 3334 3499 Cur
3384 3454 3520 3498 non
3587 3455 3814 3499 sumus
3880 3432 4320 3517 praetextati?

2377 3518 2516 3586 Our
2564 3520 2884 3585 honorem
2927 3519 3229 3586 ansaris
3284 3530 3398 3585 tua
3447 3519 3593 3604 lege
3637 3518 3861 3584 datum
3901 3519 4111 3584 deseri
4151 3519 4323 3600 pati-

2374 3605 2567 3671 mur?
2628 3606 2818 3671 Bene
2862 3626 3020 3692 ergo
3061 3627 3180 3689 per
3222 3612 3498 3689 togatos,
3543 3605 3838 3688 privatos
3880 3603 4178 3668 homines
4221 3604 4322 3667 in-

2375 3691 2753 3776 telligimus,
2795 3692 2933 3758 sive
2977 3698 3328 3769 senatores,
3371 3691 3510 3757 sive
3598 3690 3855 3755 lebeios.

2555 3778 2717 3843 Tam
2759 3778 2946 3843 avide
2985 3778 3352 3862 sanquinem
3443 3777 3454 3790 “
3505 3778 3516 3790 ’
3631 3775 3803 3842 Usus
3860 3782 3962 3839 est
4015 3773 4324 3857 loquendi

2372 3865 2711 3947 frequens,
2769 3884 2972 3946 quum
3010 3862 3248 3930 volunt
3299 3864 3646 3945 scriptores
3689 3860 4061 3944 quempiam
4103 3860 4322 3943 expri-

2374 3969 2557 4014 mere
2600 3948 2934 4033 suppliciis
2990 3948 3387 4101 ggudentem
3400 3999 3418 4028 ‚
3476 3954 3553 4012 ut
3595 3946 3817 4012 dicant
3859 3966 4009 4010 eum
4050 3945 4321 4030 sangui-

2373 4055 2531 4101 nem
2582 4035 2768 4100 sitire
2817 4041 2886 4101 et
2941 4035 3006 4101 bi
3089 4055 3179 4099 re.
3278 4033 3568 4099 Plinius:
3622 4031 3957 4096 Volumen
4007 4031 4319 4112 evomuit,

2372 4140 2505 4204 quo
2544 4120 2732 4188 facile
2772 4121 3188 4206 intelligatur
3230 4120 3450 4186 ebrius
3496 4122 3643 4197 [pag.
3683 4123 3792 4199 86]
3837 4118 3966 4183 ‘am
4000 4118 4321 4267 sanguine

2373 4208 2641 4288 civium,
2687 4214 2757 4272 et
2796 4214 2982 4272 tanto
3012 4206 3225 4290 magis
3259 4226 3407 4270 eum
3444 4204 3691 4270 sitiens.
3756 4203 3953 4270 Unde
3980 4202 4100 4269 illu
4177 4223 4319 4268 car-

2370 4314 2528 4359 men
2567 4294 2639 4357 in
2684 4292 3023 4358 Tiberim
3066 4295 3410 4357 iactatum:

2546 4394 2780 4451 Fastidit
2813 4397 3010 4463 vinum,
3046 4396 3172 4463 quia
3204 4395 3311 4448 iam
3347 4393 3461 4447 sitit
3492 4393 3595 4446 iste
3632 4406 3909 4451 cruorem:

2648 4464 2783 4517 Tam
2816 4464 2953 4518 bibit
2983 4464 3128 4517 hunc
3163 4461 3337 4529 avide,
3374 4474 3533 4529 quam
3566 4460 3699 4514 bibit
3730 4467 3858 4514 ante
3891 4475 4114 4515 merum.

2371 4549 2619 4616 Caesar
2660 4548 2832 4632 apud
2878 4551 3255 4614 Lucanum:

2620 4650 2708 4707 Sic
2744 4660 2800 4707 et
2834 4650 2871 4705 S
2908 4651 3109 4704 llanum
3145 4648 3308 4703 solito
3344 4647 3441 4701 tibi
3475 4647 3713 4703 lambere
3747 4648 3965 4717 ferrum,

2614 4721 2807 4789 Durat,
2903 4734 3058 4790 agne,
3095 4716 3229 4772 sitis.
3246 4716 3291 4780 ι)

2547 4807 2672 4889 Qui
2713 4811 2939 4889 septem
2981 4802 3188 4868 millia
3230 4799 3491 4888 civium]
3547 4799 3742 4869 Hanc
3795 4800 4069 4868 eandem
4113 4802 4316 4868 histo-

2506 5046 2568 5112 1)
2608 5045 2718 5100 Ea.
2742 5045 2916 5098 Amet.
2950 5043 3138 5098 hebet.-
3172 5059 3366 5111 magna
3402 5045 3535 5111 sitis,
3570 5044 3669 5112 qui
3698 5040 3967 5095 ridiculus
3998 5055 4155 5094 error
4188 5040 4318 5094 iude

2367 5130 2625 5170 manaem
2669 5114 2886 5168 videtur
2919 5111 3068 5181 qaod
3112 5114 3466 5194 antiquiores·
3494 5124 3679 5165 omnes
3719 5109 3962 5177 adeoque
4005 5109 4316 5189 ipsa-‘prosn-

2367 5199 2492 5254 σφε
2526 5181 3121 5317 ἭΜΙῗο
3154 5197 3203 5235 ³2
3239 5179 3554 5235 danbrum
3590 5186 3741 5247 esea,
3776 5192 3890 5231 non
3911 5176 4157 5245 Pompeu
4190 5192 4311 5246 coy-
