4984 5975
366 330 495 394 469

360 513 2318 600 asposseommcusohristiammvotisetviribuspro-

351 602 614 687 pulcari
657 607 715 667 et
755 603 1102 684 comprimi.

536 721 732 804 Quod
789 721 1133 789 christiani
1196 723 1478 788 nominis
1534 733 1893 805 perpetuus
1948 721 2160 786 hostis
2217 728 2319 786 est

362 809 610 886 'Purca‚
668 806 827 892 quid
883 808 1007 874 hoe
1059 808 1143 873 ad
1189 829 1532 874 romanum
1589 805 2011 891 pontificem?
2070 807 2201 872 nisi
2243 814 2320 873 ut

364 895 611 962 socium
655 894 780 960 sibi
823 892 1144 963 adsciscat
1183 892 1269 959 ad
1318 890 1834 978 oppugnandum
1876 892 2131 959 Christi
2169 914 2319 977 reg-

366 1002 530 1046 uum
544 1032 563 1059 ,
621 978 796 1063 quod
848 980 1020 1045 ferro
1079 987 1148 1043 et
1188 979 1327 1063 igni
1372 1000 1567 1062 quam
1611 985 1827 1062 potest
1869 977 2319 1045 crudelissime

362 1067 797 1151 persequitur.
915 1063 1052 1131 Sed
1119 1064 1274 1130 alibi
1330 1064 1519 1130 ulcus
1588 1085 1741 1129 eum
1796 1064 2083 1143 mordet,
2137 1063 2319 1131 videt

362 1152 542 1218 enim
585 1151 961 1236 tyrannidis
1015 1170 1173 1216 suae
1218 1150 1549 1216 aemulum
1592 1150 1937 1215 imminere
1951 1201 1968 1230 ,
2026 1150 2142 1234 qui
2184 1171 2319 1214 non

360 1257 679 1321 passurus
723 1237 811 1302 sit
853 1257 1154 1302 romanas
1208 1236 1515 1302 libidines
1549 1237 1644 1301 ita
1688 1235 2025 1301 licentiose
2067 1236 2316 1320 vagari,

362 1323 477 1389 sed
533 1324 608 1387 in
662 1344 737 1388 eo
784 1331 1006 1388 tamen
1060 1320 1505 1405 propulsando
1564 1323 1769 1387 veteri
1829 1343 1949 1406 pro
1994 1329 2315 1405 stratage-

358 1421 541 1475 mate
606 1410 975 1492 usitataque
1035 1429 1343 1473 romanae
1400 1408 1621 1473 curiae
1683 1407 1845 1473 disci
1890 1407 2032 1472 lina
2085 1407 2312 1485 utitur,

361 1501 438 1560 ιιι
478 1494 873 1560 christianos
916 1494 1249 1578 principes
1281 1494 1353 1558 in
1387 1494 1596 1559 aciem
1628 1501 1822 1559 extru
1908 1502 1956 1572 t,
2000 1493 2315 1577 oppositis

361 1581 662 1645 omnium
697 1582 1042 1646 nationum
1065 1587 1132 1644 et
1166 1578 1487 1662 capitibus
1506 1590 1573 1644 et
1607 1577 1859 1662 opibuS,
1895 1578 2316 1665 tyrannidem

364 1688 556 1732 suam
602 1666 937 1744 defendat,
989 1666 1248 1749 quietus
1291 1666 1432 1748 ipse
1485 1663 1659 1730 domi
1704 1665 1979 1730 aliorum
2024 1664 2319 1747 pericula

361 1774 448 1817 ex
488 1760 630 1817 tuto
673 1751 1005 1835 despiciat,
1049 1772 1175 1834 quo
1219 1758 1447 1834 postea
1487 1752 1715 1816 attrita
1747 1751 2037 1833 ipsorum
2071 1751 2319 1816 virtute

365 1837 600 1903 melius
656 1859 730 1905 ac
784 1837 1038 1902 facilius
1084 1857 1309 1902 omnes
1328 1836 1476 1902 -sibi
1523 1837 1801 1921 subigat.
1876 1835 2157 1902 Interim
2197 1857 2317 1901 no·

366 1922 514 1988 thos
561 1923 924 2005 nothasque
948 1943 1099 1988 suas
1134 1923 1216 1988 iis
1257 1921 1599 2005 praesidiis
1637 1929 1829 1986 ornet
1848 1942 1925 1987 ac
1964 1921 2318 2005 locupletet

366 2030 530 2092 quae
593 2010 668 2073 in
722 2009 1065 2075 christiani
1130 2008 1417 2073 nominis
1496 2007 1942 2074 defensionem
2000 2006 2315 2072 destinari

363 2103 752 2177 oportuerat.
843 2093 1023 2176 Quid
1081 2095 1255 2160 enim
1299 2091 1645 2159 aliud‘sibi
1688 2093 1867 2172 vult,
1921 2092 2096 2177 quod
2139 2113 2316 2159 sere-

366 2180 636 2246 nissimo
713 2202 783 2246 re
834 2181 847 2193 '
928 2179 1381 2256 Ferdinando,
1478 2199 1676 2262 quem
1746 2178 2028 2244 assiduis
2086 2187 2315 2243 contra

366 2268 648 2333 'Purcam
681 2266 872 2333 belis
907 2265 1177 2333 videbat
1200 2264 1591 2348 implicitum
1615 2286 1703 2329 ne
1739 2272 2016 2338 annatas
2049 2264 2314 2347 quidem

214 2369 229 2380 “·
364 2354 432 2418 111
489 2353 883 2438 germanicis
939 2351 1227 2418 ecclesiis
1281 2350 1633 2417 concedere
1675 2371 1886 2433 nuper
1927 2350 2168 2427 voluit,
2227 2349 2311 2414 ad

366 2437 818 2521 depellendam
853 2460 889 2502 0
924 2437 1290 2502 Pannoniis
1324 2447 1390 2501 et
1427 2436 1674 2501 Illirico
1702 2454 1741 2498 a
1778 2434 2311 2506 Christianorum

367 2524 724 2590 cervicibus
758 2525 894 2589 vim
932 2523 1277 2589 turcicam:
1324 2543 1490 2606 quas
1524 2521 1681 2587 olim
1714 2543 1850 2586 non
1885 2521 2088 2586 semel
2123 2520 2311 2586 datas

367 2631 503 2676 esse
546 2616 802 2675 constat
843 2609 926 2674 ad
964 2610 1247 2674 Romam
1289 2608 1681 2691 Italiamque
1722 2606 2096 2674 iuvandam.

550 2779 989 2846 Verumtamen
1040 2800 1198 2860 quae
1254 2780 1338 2845 ad
1376 2784 1764 2864 praesentem
1808 2778 2132 2844 materiam
2180 2797 2317 2843 con·

366 2872 578 2931 ventas
618 2867 1105 2948 protestantium
1155 2871 1213 2931 et
1250 2865 1687 2932 catholicorum
1728 2869 2032 2945 spectant,
2087 2866 2152 2928 in
2194 2883 2315 2946 quo

365 2953 438 3019 de
459 2952 753 3037 reliyione
785 2957 840 3017 et
850 2972 1007 3034 pace
1049 2951 1430 3018 Germaniae
1463 2950 1855 3017 tractandum
1890 2956 1995 3030 est,
2018 2949 2166 3016 haec
2187 2971 2315 3033 pu-

367 3044 455 3105 tat
495 3040 1070 3105 animadvertenda.

532 3146 1024 3217 Oatholicorum
1068 3158 1187 3216 etc.
1278 3147 1409 3230 Qui
1453 3150 1781 3216 communi
1825 3146 2151 3231 evangelii
2184 3146 2314 3212 fide

364 3245 432 3303 et
480 3258 614 3303 non
670 3237 929 3321 vulgari
984 3256 1138 3302 cum
1192 3255 1389 3301 carne
1451 3241 1519 3300 et
1573 3234 1821 3299 mundo
1888 3233 2313 3300 consensione

365 3323 665 3389 catholici
708 3330 890 3401 sunt,
945 3342 1056 3387 eos
1100 3328 1217 3387 aut
1257 3321 1476 3405 palam
1517 3320 1869 3404 protestari
1909 3339 2174 3384 necesse
2214 3326 2316 3384 est

364 3416 596 3476 contra
630 3415 732 3473 tot
766 3408 1112 3474 sceleratas
1136 3414 1402 3473 sanctae
1420 3414 1682 3472 nostrae
1716 3405 2050 3489 religionis
2088 3408 2206 3483 [fol.
2246 3409 2313 3485 6]

367 3494 848 3577 profanationes
865 3545 882 3572 ,
944 3501 1060 3559 aut
1094 3495 1151 3559 si
1197 3513 1331 3558 non
1369 3491 1528 3558 licet
1571 3491 1804 3557 saltem
1847 3512 2085 3557 arcano
2140 3487 2316 3571 apud

364 3582 581 3646 Deum
625 3581 875 3664 gemitu
917 3580 1229 3646 confiteri.
1325 3578 1500 3644 Nam
1539 3598 1700 3661 quos
1762 3577 1872 3643 hic
1916 3582 2103 3644 notat
2134 3576 2316 3658 prin-

362 3664 1439 3833 cranmere.
1460 3660 2318 3832 ‘arcerem

1260 3802 1278 3831 5

364 3839 579 3903 tenuit
622 3859 785 3903 vera
826 3836 1118 3916 ecclesia,
1163 3857 1309 3902 eam
1350 3837 1624 3919 professi
1669 3842 1826 3901 sunt
1868 3855 1941 3900 se
1984 3833 2154 3900 velle
2196 3854 2318 3899 suo

366 3923 658 4007 periculo
715 3943 1023 3990 asserere.
1125 3923 1309 4006 Ergo
1374 3921 1741 4004 quicunque
1796 3921 2110 3987 ecclesiae
2162 3940 2316 3986 con-

362 4009 613 4075 sultum
650 4009 890 4088 volent,
937 4008 1116 4076 hunc
1159 4008 1468 4073 affectum
1508 4006 1787 4072 induant
1827 4013 2099 4089 oportet,
2136 4011 2214 4071 ut
2245 4025 2316 4071 se

366 4095 881 4177 protestantibus
922 4095 1038 4177 qui
1080 4094 1189 4159 hic
1228 4092 1449 4158 odiose
1490 4093 1583 4159 sic
1626 4093 2049 4158 nominantur
2082 4090 2316 4157 adiun-

368 4189 548 4332 ssnt,
593 4189 715 4246 aut
745 4188 921 4247 certe
960 4200 1373 4246 communem
1414 4199 1566 4244 cum
1607 4178 1738 4244 illis
1781 4197 2045 4244 causam
2088 4198 2158 4243 se
2197 4176 2316 4242 han-

448 4287 521 4333 re
564 4264 854 4334 credant.

544 4435 858 4503 Caesarea
910 4439 966 4500 ct
1016 4437 1191 4520 rcyia
1242 4434 1595 4519 maiestates
1635 4455 1760 4516 pro
1810 4455 1932 4499 sua
1973 4433 2319 4515 prudentia

368 4522 584 4588 debent
635 4523 992 4588 menanisse
1050 4522 1129 4587 de
1179 4521 1475 4604 reliyione
1529 4521 1790 4603 saepius
1833 4520 2038 4602 fuisse
2089 4525 2316 4586 tracta-

373 4612 504 4673 tum
537 4627 677 4673 cum
709 4607 1223 4689 protestantibus,
1265 4607 1782 4689 scapo-merum
1823 4605 2168 4689 Amyn-stac,
2209 4605 2320 4671 ubi

368 4713 564 4776 quum
613 4695 731 4760 diu
796 4694 1184 4775 disputatum
1234 4694 1490 4776 fuisset,
1544 4691 1978 4776 praesentibus
2038 4691 2323 4756 armabas

372 4778 639 4846 statibus
670 4780 953 4862 imperii,
1005 4800 1079 4845 ac
1118 4778 1336 4845 multis
1376 4779 1540 4845 viris
1572 4779 1979 4858 dodissimiffi
2022 4777 2188 4843 nihil
2228 4782 2319 4843 ta-

370 4881 515 4933 men
557 4870 816 4948 propter
867 4869 1170 4931 tortuosos
1229 4884 1508 4931 recessus
1560 4864 2071 4931 adversariorum
2111 4864 2322 4946 potuit

372 4951 669 5017 concludi.
744 4951 1022 5016 Tandem
1044 4955 1529 5034 praesentarunt
1563 4951 1695 5032 ipsi
1736 4970 2059 5017 caesareae
2098 4949 2323 5015 maies-

372 5038 491 5103 tati
533 5038 975 5121 confessionem
1016 5055 1201 5101 suam
1241 5041 1675 5118 auquetanam.

548 5149 681 5215 Hic
732 5169 1011 5233 agnosce
1064 5147 1384 5212 vicarium
1428 5145 1568 5213 eius
1618 5149 1729 5231 qui
1785 5149 1868 5216 ab
1910 5147 2097 5215 initio
2137 5167 2323 5213 men·

378 5233 512 5300 dax
562 5236 686 5301 fuit
729 5242 796 5299 et
851 5231 1173 5299 mendacii
1216 5238 1423 5316 pater.
1511 5230 1708 5313 Quod
1764 5235 1941 5300 enim
1984 5233 2142 5301 dicit
2181 5252 2324 5300 sae-

1858 325 2383 395 OONSILIUM
2425 325 2720 393 PAULI
2760 326 2889 394 [Π.

4254 337 4389 401 470

2421 515 2572 597 pius
2625 535 2702 581 ac
2753 515 3144 598 praesertim
3199 515 3546 599 Augustae
3597 516 3800 583 fuisse
3858 516 3972 583 diu
4021 540 4172 584 cum
4226 542 4382 603 pro·

2423 601 2819 667 testantibus
2863 599 3289 685 disputatum,
3337 601 3497 686 quid
3533 623 3609 667 eo
3643 602 3881 669 vanius
3913 604 4080 688 fingi
4119 607 4379 688 potest?

2422 685 2650 767 Quum
2687 687 2898 754 veteri
2920 687 3229 754 ecclesiae
3250 687 3724 754 consuetudine
3744 689 3943 754 fucrit
3960 688 4088 754 hoc
4123 711 4383 777 semper

2422 773 2862 852 observatum,
2887 780 2966 837 ut
2985 774 3043 838 si
3067 794 3197 857 qua
3218 771 3300 838 de
3321 772 3637 859 religione
3671 776 4115 841 controversia
4152 785 4384 843 exorta

2423 865 2623 938 esset,
2679 866 2910 942 sponte
2959 860 3264 943 protinus
3318 860 3760 944 susciperetur
3815 880 3855 925 a
3907 862 4152 927 sanctis
4207 863 4382 946 epis-

2423 945 2605 1027 copis
2662 944 2976 1028 cognitiO,
3047 963 3388 1029 nunquam
3453 946 3810 1029 impetrare
3862 946 4054 1012 licuit
4129 955 4384 1030 protes-

2422 1030 2736 1109 tantibus,
2772 1038 2850 1095 ut
2884 1029 2991 1097 vel
3025 1030 3448 1097 inchoaretur
3482 1051 3702 1097 secum
3738 1052 3897 1097 vera
3932 1032 4152 1115 aliqua
4189 1036 4379 1101 actio.

2423 1116 2769 1199 Augustae
2821 1137 2980 1181 sane
3034 1115 3202 1181 nihil
3256 1116 3366 1202 agi
3421 1123 3724 1201 coeptum
3777 1125 3909 1197 est,
3956 1119 4139 1201 prius
4226 1141 4383 1188 uam

2422 1202 2551 1283 ipsi
2596 1222 2785 1267 suam
2827 1202 3301 1269 confessionem
3334 1201 3604 1269 ansari
3642 1202 4112 1270 exhibuissent.
4182 1141 4382 1287 Quod

2422 1286 2645 1369 ipsum
2702 1309 2835 1352 non
2887 1287 3156 1353 tandem
3214 1289 3460 1354 factum
3505 1296 3631 1369 est,
3688 1288 4234 1372 quemadmodum
4271 1291 4382 1360 hic

2419 1373 2760 1452 mentitur,
2804 1373 2918 1438 sed
2952 1374 3164 1458 primo
3199 1374 3425 1438 statim
3459 1375 3648 1439 initio
3688 1376 4117 1455 comitiorum,
4164 1376 4384 1444 triduo

2422 1459 2604 1524 euim
2657 1459 3085 1542 compositam
3140 1459 3346 1525 fuisse
3415 1469 3688 1528 constat.
3789 1463 3883 1526 At
3939 1483 4093 1528 vero
4146 1463 4379 1528 multis

2420 1551 2573 1628 post
2626 1565 2774 1609 eam
2831 1543 3121 1610 oblatam
3174 1544 3401 1612 diebus
3442 1546 3617 1612 lecta
3661 1554 3763 1611 est
3806 1546 4076 1613 demum
4118 1555 4374 1632 protes—

2419 1631 2714 1697 tantibus
2768 1630 2909 1695 eius
2962 1630 3314 1697 confutatio
3371 1653 3410 1696 a
3466 1632 3803 1697 nonnullis
3819 1684 3835 1711 ,
3891 1641 3967 1698 ιιι
4024 1633 4379 1712 ferebatur,

2421 1714 2746 1800 theologis
2769 1716 3237 1796 consarcinata,
3275 1716 3388 1782 sed
3422 1717 3594 1784 lecta
3615 1717 3823 1796 mode,
3860 1718 4199 1801 exemplar
4230 1719 4382 1785 nul-

2417 1800 2560 1866 lum
2593 1823 2988 1882 concessum,
3034 1823 3239 1884 quum
3278 1802 3348 1871 id
3390 1825 3635 1888 magna
3669 1804 4086 1870 contentione
4120 1806 4380 1889 flag-ita-

2421 1895 2586 1952 rent.
2662 1886 2776 1955 Sic
2815 1887 3034 1970 cupidi
3075 1888 3343 1953 fuerunt
3376 1890 3698 1973 pontificii
3732 1889 4182 1973 suscipiendae
4217 1892 4379 1968 eius,

2421 1994 2621 2056 quam
2664 1974 2941 2052 iactant,
2984 1973 3065 2039 de
3109 1974 3426 2125 religione
3470 1976 3891 2042 tractationis.
3981 1976 4224 2042 Postea
4266 1974 4382 2043 da-

2421 2069 2563 2123 tum
2598 2058 2866 2142 quidem
2900 2060 3188 2143 septenis
3212 2082 3252 2125 a
3327 2069 3603 2144 utraque
3637 2067 3826 2144 parte
3858 2062 4202 2146 negotium
4234 2062 4381 2141 fuit,

2420 2152 2494 2208 ut
2536 2142 2616 2209 de
2660 2146 3125 2211 controversiis
3169 2146 3346 2211 inter
3386 2168 3455 2212 se
3484 2146 4040 2230 colloquerentur;
4088 2146 4204 2213 sed
4231 2145 4382 2213 vide

2417 2250 2548 2313 qua
2593 2231 2950 2313 aequitate:
3008 2230 3249 2296 diserte
3302 2232 3480 2297 enim
3520 2233 3798 2316 praefati
3837 2238 3998 2298 sunt
4037 2232 4381 2315 pontificii,

2417 2337 2552 2379 non
2595 2337 2671 2381 eo
2716 2316 2932 2381 animo
2976 2338 3046 2382 se
3089 2315 3481 2383 descendere
3524 2318 3594 2382 in
3628 2318 3969 2397 actionem,
4015 2327 4093 2381 ιιι
4133 2317 4380 2400 aliquid

2415 2400 2488 2464 iu
2542 2402 2776 2467 melius
2825 2402 3000 2485 apud
3055 2423 3125 2468 se
3168 2403 3607 2481 restituerent,
3652 2402 3768 2468 sed
3811 2410 4070 2468 tantum
4113 2412 4190 2467 ιιι
4274 2426 4380 2470 ro·

2415 2493 2734 2553 testantes
2788 2485 2873 2552 ad
2918 2509 2988 2552 se
3031 2488 3434 2554 reducerent.
3524 2486 3637 2554 Sic
3682 2488 4064 2573 disceptatio
4099 2425 4377 2554 vime

2419 2572 2584 2638 bene
2628 2581 2897 2650 tentata,
2942 2581 3022 2639 ut
3065 2573 3478 2658 inauspicata
3510 2580 3669 2654 erat,
3713 2595 3872 2640 mox
3916 2572 4196 2657 abrupta
4231 2575 4377 2641 fuit.

2591 2731 2710 2806 [fol.
2759 2733 2820 2805 7]
2870 2726 3043 2809 Quae
3094 2727 3344 2808 quidem
3389 2727 3691 2810 confessio
3736 2728 3874 2793 licet
3914 2729 3986 2792 in
4029 2728 4250 2794 multis
4291 2729 4379 2793 sit

2417 2833 2568 2893 repr
2917 2865 2931 2893 ,
2977 2812 3391 2879 nihilominus
3431 2813 3601 2879 nullo
3636 2815 3814 2880 modo
3852 2814 3985 2896 fuit
4025 2813 4104 2878 ab
4147 2814 4240 2879 eis
4280 2813 4378 2878 ob-

2419 2903 2686 2979 servata,
2731 2898 3250 2980 quemadmodum
3293 2900 3362 2964 in
3400 2899 3615 2964 mtdtis
3658 2899 3948 2965 articults
3992 2900 4378 2965 contrarium

2412 2985 2688 3067 fecerunt
2728 2991 2785 3051 ct
2820 2984 3083 3067 faciunt.

2592 3105 2742 3171 Hoc
2777 3125 3030 3188 quoque
3064 3127 3149 3170 ex
3170 3103 3400 3170 eadem
3434 3105 3697 3171 officina
3717 3103 3976 3189 prodiit,
4016 3104 4191 3189 quod
4227 3124 4381 3188 pro-

2420 3199 2740 3257 testantes
2784 3212 2824 3256 a
2861 3190 3093 3255 multis
3135 3190 3431 3257 articulis
3470 3192 3896 3257 confessionis
3933 3211 4091 3256 suae
4135 3190 4379 3256 disces-

2420 3278 2585 3342 sisse
2606 3276 2970 3342 insimulat.
3045 3273 3392 3356 Quantum
3413 3276 3498 3342 ad
3521 3276 3885 3342 doctrinam
3916 3276 4175 3355 attinet,
4214 3296 4383 3357 quae

2422 3362 2769 3445 potissima
2822 3382 2975 3444 pars
3018 3370 3121 3427 est
3161 3371 3230 3427 et
3266 3361 3405 3427 fere
3445 3383 3730 3427 summa:
3785 3383 3920 3427 non
3963 3360 4143 3428 aliud
4184 3359 4384 3426 hodie

2419 3448 2814 3532 profitentur
2867 3453 2985 3511 aut
3037 3446 3402 3526 sustinent,
3464 3469 3662 3530 quam
3717 3456 3877 3512 tunc
3930 3444 4379 3529 prodiderunt.

2422 3532 2763 3616 Quidquid
2779 3532 2915 3599 illic
2933 3532 3410 3615 improbarunt,
3434 3532 3758 3617 hodieque
3780 3538 4159 3599 constanter
4192 3529 4379 3595 dam-

2419 3627 2586 3685 nant
2640 3627 2710 3684 et
2758 3618 2945 3703 impu
3127 3626 3174 3684 t.
3262 3619 3369 3683 De
3423 3618 3878 3697 caeremoniis,
3936 3636 4104 3700 quae
4158 3635 4295 3679 non
4336 3636 4378 3680 a

2421 3704 2688 3771 Christo
2722 3704 3123 3788 et‘apostolis
3164 3705 3519 3782 institutae,
3566 3703 3683 3769 sed
3724 3701 3805 3768 ab
3849 3701 3995 3767 aliis
4039 3699 4378 3767 autoribus

2419 3791 2752 3870 invectae,
2829 3797 2897 3854 et
2949 3789 3033 3856 ab
3085 3789 3372 3857 ecclesiis
3429 3811 3548 3873 pro
3592 3788 3961 3856 conditione
4005 3794 4378 3868 temporum

2419 3885 2721 3958 receptae
2763 3882 2938 3954 sunt,
2991 3884 3067 3940 ut
3105 3883 3298 3942 antea
3350 3876 3582 3943 testati
3637 3880 3796 3940 sunt
3841 3871 4116 3938 liberam
4150 3892 4380 3938 earum

2420 3983 2566 4028 esse
2621 3960 3142 4028 observationem
3155 4012 3172 4040 ‚
3242 3960 3414 4044 quod
3467 3961 3668 4026 etiam
3720 3959 4137 4044 Augustinus
4191 3957 4380 4024 docet

2419 4048 2514 4113 ita
2570 4047 2741 4115 hanc
2793 4046 3162 4113 libertatem
3201 4045 3490 4113 ecclesiis
3539 4044 4038 4129 relinquendam
4092 4048 4378 4110 censent.

2419 4134 2486 4199 N
2487 4154 2562 4198 ec
2615 4153 2774 4199 sane
2833 4130 3190 4216 quidquam
3250 4140 3353 4198 est
3402 4131 3704 4214 periculi,
3770 4131 3830 4197 si
3887 4130 4197 4196 ecclesiae
4252 4127 4380 4194 hac

2420 4233 2610 4303 parte
2649 4220 2827 4284 inter
2868 4239 2939 4284 00
2973 4219 3252 4298 varient,
3293 4239 3415 4284 nec
3457 4216 3586 4282 alia
3627 4214 3983 4302 praescribi
4018 4220 4139 4280 aut
4165 4214 4381 4280 varie-

2420 4307 2576 4371 tatis
2633 4311 2748 4370 aut
2799 4303 3246 4371 similitudinis
3299 4302 3528 4387 regula
3570 4310 3812 4386 potest,
3868 4322 4065 4385 quam
4107 4306 4184 4365 ut
4226 4319 4379 4365 eum

2420 4392 2494 4456 in
2513 4389 2749 4457 ritibus
2782 4390 3054 4456 modum
3089 4390 3215 4455 sibi
3249 4396 3495 4455 statuat
3525 4408 3818 4472 quaeque
3852 4386 4145 4467 ecclesia,
4181 4405 4379 4469 quem

2422 4476 2509 4541 ad
2535 4474 3048 4542 aedificationem
3079 4477 3291 4541 facere
3316 4473 3643 4540 iudicabit.
3686 4473 3992 4555 Denique
4019 4493 4223 4555 quum
4245 4491 4380 4536 non

2422 4560 2603 4628 aliud
2644 4563 2716 4626 in
2751 4562 3152 4645 confessione
3186 4559 3597 4641 tradiderint,
3641 4580 3838 4644 quam
3870 4559 4072 4623 finem
4129 4556 4380 4622 rituum

2422 4648 2718 4713 omnium
2751 4668 2892 4714 esse
2919 4645 3452 4725 aedificationem,
3476 4652 3553 4711 ιιι
3574 4666 3804 4713 revera
3827 4643 3998 4709 nihil
4021 4650 4177 4709 sunt
4200 4640 4379 4721 aliud

2424 4733 2553 4799 nisi
2606 4732 2762 4798 fidei
2820 4733 3160 4798 exercitia:
3216 4733 3289 4796 in
3344 4753 3419 4797 eo
3469 4732 3907 4815 perstiterunt
3948 4730 4269 4795 hactenus
4313 4737 4383 4792 et
4453 4734 4460 4743 ’

2423 4826 2744 4903 perstant,
2790 4826 2867 4884 ut
2907 4817 3119 4883 malae
3154 4816 3307 4883 fidei
3343 4838 3452 4884 eos
3493 4816 3602 4884 hic
3637 4837 3944 4884 accusare
3978 4815 4220 4880 nimiae
4255 4813 4379 4877 im-

2425 4904 2775 4989 pudentiae
2818 4903 2920 4970 sit.

2599 5050 4383 5134 Multcsctiamalicsarticulcsinfflaccnfcssionc

2415 5146 2793 5231 praeteritos
2844 5142 3093 5223 habent,
3145 5143 3572 5210 &sentientes
3625 5141 3835 5223 afidc
3888 5137 4213 5216 catholica,
4263 5134 4382 5218 qui

2426 5230 3973 5380 01109119·ιιιιηιι)1κι.1·ονίί0014101111ροιονιιπί.30,ι
