4984 5975
359 321 441 386 33
1836 318 2127 385 LIBER
2168 318 2225 386 I.
2311 316 2616 386 CAPUT
2660 319 2713 384 I.
2781 319 2873 384 11.

1115 554 1546 623 CAPUTII.

527 677 693 743 Esse
734 682 941 742 autem
982 676 1230 757 aliquos
1270 677 1414 756 scio,
1459 679 1571 758 qui
1603 678 1927 744 demeritia
1957 677 2307 758 pessimum

357 762 1234 848 quemquepntentsustineri:
1269 761 1563 842 qnoniam
1593 764 1891 845 nisipost
1921 763 2167 840 crimen,
2202 781 2308 826 su-

346 846 1254 934 per-vacuaestzetsolahaec
1290 848 2058 915 cirticsinterinnocentes
2091 853 2304 913 cessat.

359 935 782 1016 Sodprimm
814 933 1093 998 omnium
1124 932 1285 998 sicut
1312 934 1654 1000 medicinae
1685 935 1860 1015 apud
1892 954 2111 1017 (καφ-08
2129 952 2302 1012 umis,

352 1023 541 1088 etiam
562 1020 736 1102 apud
756 1039 948 1084 sanos
964 1018 1271 1097 honore-et,
1293 1019 1389 1083 ita
1408 1019 2093 1101 clementiamqnamvis
2097 1038 2304 1101 poena

354 1108 531 1190 diyni
552 1108 844 1182 invocent,
867 1105 1057 1169 etiam
1075 1104 1420 1170 innocentes
1443 1105 1660 1170 colavit.
1715 1105 1961 1171 Deinde
1991 1104 2167 1169 habet
2187 1104 2302 1169 cle-

351 1194 585 1257 mentia
613 1192 683 1255 in
702 1210 977 1272 persona
1006 1208 1241 1271 quoque
1281 1191 1698 1255 innocentium
1743 1191 1972 1256 locum.-
2016 1189 2174 1272 qnia
2204 1191 2298 1254 in-

352 1279 535 1345 terim
572 1278 833 1359 fortuna
875 1295 1000 1358 pro
1055 1274 1241 1358 culpa
1293 1280 1410 1340 est.-
1468 1297 1575 1340 nec
1627 1278 2011 1341 innocentiae
2060 1280 2300 1340 tantum

354 1363 669 1430 clementia
723 1361 1057 1439 succurrit,
1110 1362 1219 1425 sed
1270 1381 1455 1442 saepe
1507 1363 1756 1427 vir-todi.-
1812 1362 2109 1443 quoniam
2164 1361 2301 1442 qui-

353 1452 489 1517 dem
529 1448 870 1513 conditione
910 1451 1251 1527 temporum
1290 1447 1576 1512 incidunt
1615 1448 1924 1528 quaedam
1964 1467 2125 1529 qaae
2156 1465 2300 1527 pos-

355 1537 483 1601 sint
535 1533 800 1599 laudata
842 1532 1090 1616 puniri,
1181 1532 1439 1611 Adiioe,
1493 1534 1654 1614 quod
1701 1554 1931 1616 mayna
1974 1553 2141 1612 par-s·
2197 1532 2300 1596 ho-

358 1622 600 1686 minum
640 1624 729 1684 est
764 1639 923 1701 quae
962 1617 1186 1683 reverti
1228 1618 1316 1688 ad
1369 1622 1515 1697 [pag.
1555 1622 1662 1696 21]
1708 1618 2119 1684 innocentiam
2151 1637 2298 1698 pos-

358 1707 468 1772 sit.-
508 1704 620 1770 sed
658 1724 782 1771 non
824 1709 1031 1769 tamen
1082 1703 1260 1786 vulgo
1312 1704 1623 1787 iynoscere
1655 1705 1853 1771 decet.
1957 1703 2131 1768 Nam
2191 1702 2299 1767 ubi

357 1792 690 1858 discrimen
728 1792 892 1855 inter
931 1789 1132 1868 malos
1171 1790 1474 1871 bonosque
1512 1790 1823 1855 sublatum
1860 1794 1975 1866 est,
2021 1788 2299 1870 confusio

357 1879 634 1958 sequoitm
688 1882 743 1940 et
792 1876 1086 1940 vitiorum
1153 1876 1413 1955 eruptio.
1515 1874 1741 1957 Itaque
1799 1875 2149 1941 adhibenda
2214 1877 2301 1939 est

357 1962 710 2038 moden-atio,
754 1982 912 2042 quae
948 1961 1264 2026 sanabilia
1306 1961 1558 2043 inqenia
1590 1961 1971 2043 distinyuere
2010 1981 2053 2025 a
2096 1959 2299 2040 deplo-

357 2049 515 2113 ratis
556 2048 731 2113 sciat.
824 2045 956 2110 Nec
986 2047 1417 2129 promiscuam
1454 2046 1674 2110 habere
1721 2066 1794 2111 ae
1828 2045 2145 2129 culparem
2186 2045 2300 2110 cle-

357 2135 649 2199 mentiam
691 2137 934 2214 oportet,
977 2151 1086 2196 nec
1119 2131 1489 2222 abscissam..
1543 2130 1719 2196 Nam
1751 2137 1880 2196 tam
1938 2131 2223 2195 omnibus
2245 2133 2291 2210 ¹)

358 2221 669 2303 iynoscere
721 2217 1062 2284 crudelitas
1125 2222 1231 2295 est,
1283 2238 1472 2298 quam
1524 2216 1700 2281 nulli.
1789 2215 2056 2282 Modum
2096 2221 2296 2281 tenere

356 2305 670 2371 amus.-
710 2304 819 2368 sed
867 2304 1023 2385 quia
1073 2302 1328 2384 difficile
1384 2307 1471 2367 est
1512 2307 2076 2383 tenweramentum,
2120 2301 2297 2381 quid-

356 2391 508 2473 quid
555 2410 749 2471 aequo
788 2388 944 2471 plus
979 2388 1263 2470 futurum
1305 2393 1420 2466 est,
1470 2389 1543 2452 in
1572 2392 1823 2468 panem
1865 2387 2298 2451 humaniorem

348 2477 808 2559 praeponderet.
900 2473 1023 2540 Sed
1064 2473 1212 2539 haec
1255 2493 1368 2538 sno
1413 2475 1537 2539 loco
1579 2473 1803 2539 melius
1842 2474 2141 2539 dicentur.

522 2596 757 2662 Movet
797 2594 1222 2659 obiectionem
1268 2614 1307 2658 a
1348 2613 1628 2676 persona
1672 2591 2048 2658 adversarii.
2119 2590 2299 2656 Sunt

359 2684 528 2748 enim
585 2682 697 2764 qui
750 2680 912 2746 falso
966 2686 1206 2764 putant
1259 2677 1671 2742 clementiam
1722 2698 1863 2742 9889
1903 2696 2149 2760 poenae
2192 2697 2296 2740 re-

358 2769 751 2834 missionem.
818 2765 1103 2848 Culpam
1125 2784 1283 2829 vero
1305 2784 1515 2846 poena
1536 2764 1779 2846 premit
1801 2783 2032 2828 comes.
2101 2761 2295 2828 Unde

356 2855 428 2919 fit
468 2861 541 2918 ut
574 2852 922 2918 clementia
954 2850 1120 2915 nihil
1169 2848 1341 2914 aliud
1392 2870 1534 2913 9889
1568 2848 1872 2914 videatur
1910 2870 2105 2931 quam
2149 2868 2296 2931 spe-

361 2941 484 3006 cies
538 2937 965 3022 impunitatis.
1056 2936 1250 3001 Hanc
1291 2934 1522 3001 falsam
1567 2943 1634 2999 et
1688 2933 1991 3000 stolidam
2044 2934 2295 3018 opinio-

360 3047 507 3092 nem
566 3023 761 3089 diluit
813 3023 1095 3100 Seneca,
1163 3021 1359 3086 simul
1417 3030 1484 3086 et
1537 3017 1856 3086 invidiam
1914 3019 2296 3085 clementiae

359 3132 518 3195 quae
582 3132 664 3175 ex
731 3130 809 3174 ea
873 3108 1180 3173 nascitur.
1268 3106 1510 3172 Nullus
1576 3108 1751 3171 enim
1820 3105 2009 3172 solidi
2073 3105 2297 3170 iudicii

361 3197 740 3263 elementiae
773 3196 988 3260 locum
1032 3194 1398 3278 assignaret
1440 3193 1618 3256 inter
1659 3192 1967 3269 virtutes,
2029 3192 2139 3273 qui
2192 3192 2297 3255 ius

361 3281 676 3366 quoddam
723 3280 968 3367 asyliae
1014 3278 1343 3345 sceleratis
1385 3286 1451 3342 et
1484 3278 1699 3344 noxiis
1744 3277 2113 3342 hominibus
2156 3298 2297 3342 esse

361 3370 789 3446 existimaret,
845 3373 914 3430 et
955 3366 1284 3448 improbos
1327 3362 1745 3442 sustinendo,
1801 3362 2056 3428 nutrire
2098 3362 2300 3427 auda-

360 3474 540 3520 ciam.
724 3504 732 3513 .

535 3556 657 3622 Sed
685 3555 977 3637 primum
1003 3555 1277 3618 omnium
1308 3553 1471 3617 sicut
1503 3551 1843 3616 medicinae
1876 3550 2050 3633 apud
2084 3569 2300 3633 aeqros

362 3664 517 3709 118118
569 3640 684 3728 est]
755 3640 940 3706 Haec
1006 3640 1220 3723 prima
1274 3638 1440 3703 ratio
1495 3634 1842 3701 diluendae
1900 3635 2298 3713 obiectionis,

363 3727 531 3812 quod
565 3727 717 3792 licet
750 3725 1133 3791 clementiae
1167 3725 1450 3789 fructum
1485 3722 1605 3788 soli
1643 3728 1949 3787 nocentes
1993 3722 2301 3800 sentiant,

364 3834 498 3878 non
542 3814 686 3879 ideo
729 3819 949 3877 tamen
995 3809 1208 3895 perdit
1261 3829 1499 3874 nomen
1544 3807 1810 3873 virtutis
1853 3806 2025 3871 inter
2068 3806 2299 3871 bonos:

366 3898 557 3982 idque
609 3897 948 3982 aptissima
1016 3893 1442 3963 similitudine
1511 3893 1869 3957 confirmat.
1972 3890 2304 3958 Medicina

367 3986 558 4063 enim,
614 3984 874 4049 etiamsi
930 3981 1094 4046 nulli
1148 3982 1284 4047 siut
1325 3977 1563 4056 morbi,
1621 3998 1877 4060 semper
1920 3978 2305 4043 aestimatur

366 4090 472 4136 ars
529 4070 815 4136 humano
857 4068 1083 4152 generi
1137 4066 1529 4132 necessaria:
1591 4085 1711 4129 nec
1767 4074 1987 4129 tamen
2044 4070 2306 4129 exercet

364 4156 503 4220 vim
545 4176 733 4221 suam
776 4154 903 4220 nisi
946 4152 1258 4236 temporis
1303 4152 1469 4216 ratio
1513 4150 1753 4234 exigat.
1912 4234 1919 4247 Ι

537 4257 644 4323 Ita
677 4257 1060 4324 clementiam
1094 4246 1381 4338 quamvis
1405 4274 1611 4337 poena
1652 4254 1830 4337 diyni
1874 4250 2172 4338 invocent]
2218 4252 2305 4317 In

366 4342 616 4408 iudiciis
647 4342 863 4426 prima
903 4342 1193 4424 quaestio
1229 4340 1382 4406 facti
1426 4341 1735 4424 agitatur.
1825 4337 2049 4420 Quum
2093 4337 2304 4402 110811-

368 4427 519 4493 cidii
569 4436 905 4494 accusatus
956 4434 1156 4511 negat
1210 4448 1279 4492 89
1335 4427 1664 4491 1108118918
1717 4425 2055 4501 0991111889,
2112 4430 2307 4506 atque

366 4513 452 4592 id,
501 4525 575 4579 ut
616 4515 711 4579 ait
753 4511 1203 4594 Quintilianus
1246 4512 1684 4578 certissimum
1718 4520 1819 4576 est
1852 4530 2084 4575 causae
2118 4529 2307 4591 prae·

369 4598 622 4678 sidium,
668 4600 1039 4682 proximum
1082 4605 1185 4664 est
1237 4597 1583 4663 defendere
1636 4596 1777 4661 iure
1829 4595 2135 4660 occisum:
2196 4595 2308 4661 ubi

368 4684 501 4749 iam
541 4706 671 4750 non
715 4686 960 4750 factum
1002 4685 1074 4749 in
1116 4683 1389 4749 dubium
1430 4682 1716 4747 trahitur
1734 4733 1749 4761 ,
1795 4680 1909 4746 sed
1949 4680 2106 4745 facti
2149 4701 2308 4762 qua-

366 4768 549 4849 litas,
602 4771 765 4835 haec
820 4770 948 4834 erit
996 4770 1287 4853 quaestio
1337 4769 1660 4852 legitima:
1718 4766 1951 4832 ultima
2004 4765 2310 4848 depreca-

372 4854 493 4934 fio,
541 4876 704 4939 quae
738 4855 923 4921 nulla
977 4863 1078 4921 est
1132 4856 1261 4920 8181
1295 4867 1441 4938 post
1475 4853 1944 4918 confessionem
1996 4852 2310 4932 criminis,

373 4960 576 5021 quum
626 4962 748 5006 nec
801 4941 1072 5006 infitiari
1133 4941 1386 5005 facinus
1442 4945 1891 5022 perpetratum
1947 4958 2322 5020 possumus,

371 5046 492 5091 899
527 5035 698 5093 recte
731 5034 1179 5110 perpetratum
1214 5025 1576 5091 defendere.
1657 5025 1829 5089 Tum
1863 5021 2314 5089 descendimus

513 5229 571 5295 1)
610 5231 758 5286 Edd.
796 5235 1011 5286 recenti.
1046 5230 1177 5284 inde
1210 5245 1248 5284 a
1284 5227 1448 5283 1597:
1484 5229 1804 5284 hominibus.

579 5315 796 5372 Caluini
821 5333 1004 5386 opera.
1088 5316 1199 5371 Vol.
1248 5317 1308 5371 V.

4272 325 4357 389 34

2413 506 2498 571 ad
2550 503 3030 594 implorandam
3086 508 3350 574 veniam
3363 559 3379 585 ,
3434 507 3667 575 iudicis
3703 511 4216 577 misericordiam
4258 514 4362 579 la-

2412 591 2655 677 crymis
2700 592 2995 659 elicimus
3040 594 3182 660 8189
3227 594 3363 659 ulla
3416 595 3630 677 specie
3685 595 4094 662 defensionis.
4195 598 4355 665 Ideo

2410 677 2780 760 deprecatio
2815 700 2968 743 rara
3001 678 3367 758 admodum,
3403 690 3480 745 ut
3515 681 3608 746 ait
3642 678 4093 761 Quintilianus
4135 682 4244 750 lib.
4266 686 4350 751 V.

2411 770 2477 827 et
2547 763 2721 848 apud
2792 785 2902 830 908
2963 765 3136 831 80108
3192 765 3457 845 18111998,
3518 766 3630 849 qui
3686 766 3867 831 nulla
3915 778 4092 832 certa
4145 770 4354 835 forma

2406 849 2884 931 pronunciandi
2920 859 3251 916 tenentur.
3318 852 3412 916 Et
3442 852 3618 918 idem
3662 861 3851 917 autor
3887 851 3994 917 lib.
4033 854 4222 920 VIL:
4269 857 4350 920 In

2407 943 2640 999 senatu
2686 944 2755 1000 et
2796 934 2971 1020 apud
3012 936 3331 1020 populum
3365 945 3432 1002 et
3464 937 4055 1021 apud·principem,
4102 954 4169 1003 et
4207 940 4352 1005 ubi-

2407 1029 2666 1103 cunque
2706 1022 2869 1086 iuris
2912 1022 3258 1088 clementia
3300 1032 3416 1099 est,
3462 1022 3664 1088 habet
3705 1024 3918 1087 locum
3963 1024 4348 1107 deprecatio.

2405 1104 2580 1170 Vide
2600 1104 2984 1172 Ciceronem
3004 1106 3112 1172 lib.
3131 1107 3220 1172 H.
3242 1108 3742 1173 Rhetoricorum
3763 1121 3830 1172 et
3846 1109 3926 1172 de
3943 1109 4350 1176 Inventione.

2405 1196 2551 1270 [pag.
2577 1196 2685 1270 22]
2748 1191 2899 1257 Non
2934 1203 3159 1258 tamen
3192 1194 3741 1277 praetermiserim
3777 1195 3990 1262 10911111
4025 1196 4352 1280 insignem

2405 1276 2742 1349 Ciceronis
2775 1279 2849 1342 in
2882 1280 3173 1344 oratione
3216 1299 3334 1361 pro
3375 1280 3666 1363 Ligario,
3706 1301 3831 1362 quo
3875 1280 4010 1345 solo
4053 1282 4351 1365 exemplo

2401 1361 2560 1443 quid
2603 1364 2690 1428 sit
2732 1363 3116 1447 deprecatio,
3160 1364 3348 1429 facile
3382 1364 3729 1449 intelligas.
3808 1365 4074 1445 Causas,
4118 1366 4351 1450 inquit,

2403 1446 2666 1526 Caesar,
2727 1450 2832 1532 egi
2897 1449 3158 1528 multas,
3219 1458 3288 1514 91
3338 1450 3599 1532 quidem
3655 1459 3888 1527 tecum,
3947 1451 4104 1515 dum
4159 1463 4225 1516 te
4278 1452 4351 1516 in

2402 1533 2542 1597 foro
2577 1536 2790 1598 tenuit
2826 1536 2997 1600 ratio
3042 1535 3366 1600 honorum
3409 1545 3688 1601 tuorum.
3778 1536 3973 1602 Certe
4017 1558 4352 1619 nunquam

2400 1618 2525 1684 hoc
2569 1619 2778 1698 modo,
2815 1620 3130 1704 ignoscite
3165 1620 3428 1700 iudices,
3465 1621 3743 1700 erravit,
3789 1622 4013 1704 lapsus
4056 1630 4172 1698 est,
4217 1643 4352 1688 non

2401 1706 2681 1788 putavit,
2737 1706 2793 1769 81
2836 1727 3129 1789 unquam
3172 1705 3460 1790 posthac.
3550 1706 3658 1771 Ad
3701 1715 4040 1790 parentem
4096 1710 4188 1774 sic
4243 1710 4351 1792 agi

2403 1788 2600 1868 solet;
2645 1790 2728 1855 ad
2769 1790 3044 1857 iudices:
3093 1811 3228 1856 non
3273 1792 3442 1870 fecit,
3489 1813 3621 1856 non
3657 1794 3984 1875 cogitavit,
4028 1791 4176 1858 falsi
4220 1803 4350 1858 tes-

2401 1883 2520 1952 tes,
2567 1877 2790 1940 fictum
2849 1878 3115 1941 crimen.
3169 1876 3381 1941 'Hinc
3438 1879 3597 1943 satis
3651 1888 3907 1944 constat
3950 1900 4067 1944 cur
4111 1879 4349 1943 dixerit

2405 1959 2658 2027 Seneca
2690 1982 2903 2043 poena
2939 1962 3168 2046 dignos
3214 1964 3519 2028 invocare
3567 1963 3998 2029 clementiam.
4088 1966 4181 2029 Et
4212 1964 4350 2030 Pu·-

2402 2046 2574 2111 blius
2611 2045 3142 2131 Mimographus:

2643 2132 2794 2186 Mala
2829 2150 2994 2188 causa
3029 2140 3115 2188 est
3148 2148 3285 2202 quae
3321 2134 3545 2202 requirit
3579 2134 4015 2189 misericordiam.

2572 2217 2818 2283 Deinde
2881 2218 3059 2283 habet
3115 2218 3432 2283 clementia
3493 2220 3564 2282 in
3608 2239 3888 2300 persona
3937 2221 4352 2286 innocentium

2400 2302 2599 2368 locum
2676 2300 2789 2369 Sic
2829 2305 3010 2386 prius
3052 2304 3461 2370 clementiam
3519 2301 3905 2369 defendebat
3963 2303 4231 2385 Seneca,
4277 2318 4353 2372 ut

2401 2409 2522 2453 908
2642 2395 2783 2453 eret
2815 2389 3126 2454 virtutem
3161 2390 3333 2454 inter
3365 2389 3741 2454 1880998198
3777 2391 4067 2455 otiosam.
4156 2391 4350 2458 Nunc

2401 2482 2660 2556 tempus
2724 2473 3009 2539 incidere
3076 2473 3500 2552 demonstrat,
3568 2494 3695 2557 quo
3751 2474 3833 2540 iis
3891 2475 4051 2557 ipsis
4105 2478 4349 2543 serviat

2400 2558 2763 2623 clementia.
2857 2557 3031 2625 Sunt
3088 2559 3265 2624 enim
3316 2559 3636 2641 quaedam
3671 2561 3906 2644 ·magis
3961 2560 4350 2643 imputanda

2398 2644 2717 2720 fortunae,
2755 2665 2952 2727 quam
2997 2644 3361 2710 destinatae
3400 2645 3717 2710 malitiae:
3766 2667 3885 2710 nec
3927 2655 4152 2710 tamen
4196 2669 4348 2730 poe·

2401 2751 2526 2793 nae
2561 2731 2960 2808 eximuntur,
2998 2731 3056 2794 81
3090 2728 3173 2794 811
3209 2751 3538 2796 summum
3572 2730 3738 2796 iuris
3772 2731 4060 2814 rigorem
4104 2734 4348 2817 exigas.

2402 2812 2578 2880 Sunt
2613 2815 2745 2880 alia
2778 2837 2946 2898 quae
2982 2837 3063 2880 ex
3108 2816 3616 2882 circumstantiis
3658 2826 4025 2900 temporum
4073 2818 4351 2899 qualita-

2398 2909 2536 2965 tem
2570 2901 2923 2984 accipiunt:
2969 2911 3035 2966 et
3077 2921 3240 2985 quae
3283 2922 3494 2984 nuper
3527 2903 3794 2967 virtutis
3837 2902 4098 2968 laudem
4140 2925 4352 2969 mere-

2401 2988 2660 3065 bantur,
2706 3010 2885 3054 nuno
2929 2988 3089 3053 vitio
3126 2996 3493 3055 vertuntur.
3571 2988 3757 3052 Haec
3800 2989 3857 3054 81
3916 2988 3997 3052 811
4052 3000 4351 3056 exactam

2400 3073 2818 3138 severitatem
2854 3074 3242 3152 referantur,
3285 3073 3579 3156 legitime
3612 3075 3860 3158 puniri:
3909 3074 3964 3139 81
3985 3075 4086 3139 'ad
4249 3077 4352 3141 ui·

2401 3168 2606 3223 tatem
2624 3210 2638 3235 ,
2686 3158 2975 3242 legitime
3020 3159 3373 3226 condonari
3410 3168 3703 3241 possunt.
3774 3160 3959 3224 Bene
3994 3182 4152 3244 ergo
4255 3162 4351 3226 vi-

2400 3243 2549 3309 dius
2591 3244 2908 3310 Tristium
2950 3244 3035 3309 1.:

2607 3345 2802 3401 Iudicis
2839 3345 3073 3401 officium
3110 3353 3210 3415 est,
3246 3353 3308 3400 ut
3342 3362 3449 3413 res,
3486 3347 3564 3401 ita
3599 3354 3849 3417 tempora
3882 3364 4060 3402 rerum

2607 3413 2898 3482 Quaerere.

2401 3501 2636 3583 Itaque
2689 3509 2758 3565 et
2810 3500 2979 3583 apud
3040 3498 3528 3581 Quintilianum
3581 3507 3792 3566 status
3848 3508 3949 3566 est
3989 3499 4074 3565 ad
4130 3509 4349 3568 actum

2403 3587 2761 3669 pertinens,
2816 3607 2935 3652 seu
2991 3584 3075 3651 ad
3118 3587 3375 3669 praxin,
3432 3594 3658 3650 utrum
3715 3587 3927 3652 sciens
3987 3586 4132 3668 quis
4187 3585 4348 3651 deli-

2404 3672 2636 3754 querit,
2673 3693 2762 3736 au
2783 3673 3091 3751 insciens;
3135 3672 3538 3749 necessitate,
3584 3692 3670 3736 an
3708 3692 3882 3737 casu.
3935 3671 4152 3737 Multa
4170 3673 4349 3737 enim

2404 3759 2576 3822 fiunt
2620 3755 2865 3835 eadem,
2912 3757 3026 3823 sed
3070 3756 3279 3822 aliter.

2577 3843 2763 3908 Adde
2818 3845 2979 3925 quod
3035 3843 3194 3907 bona
3233 3841 3428 3929 pars]
3486 3842 3631 3906 Iam
3665 3841 3933 3906 tertium
3982 3842 4106 3908 1109
4152 3862 4349 3928 argu·

2403 3938 2699 3993 mentum
2756 3927 2839 3993 ad
2892 3927 3251 3993 tollendam
3294 3928 3705 4005 calumniam,
3751 3946 3919 4010 quae
3962 3928 4351 3994 causabatur

2406 4014 2822 4082 clementiam
2878 4036 3010 4080 non
3066 4014 3195 4079 nisi
3249 4012 3333 4079 ad
3375 4012 3723 4079 fovendam
3776 4012 4099 4078 malorum
4152 4014 4353 4079 auda-

2407 4100 2578 4165 ciam
2626 4100 2864 4167 valere.
2964 4100 3057 4165 At
3109 4119 3283 4179 vero,
3340 4099 3558 4182 inquit
3613 4097 3883 4177 Seneca,
3949 4099 4141 4164 multi
4196 4107 4354 4165 sunt

2408 4187 2522 4269 qui
2575 4184 2869 4250 nondum
2924 4185 3318 4268 pravitatem
3386 4184 3647 4268 penitus
3715 4184 4149 4264 imbiberunt,
4218 4187 4350 4269 qui,

2409 4274 2464 4338 si
2499 4270 2899 4336 moderatam
2923 4272 3391 4338 correctionem
3425 4268 3753 4349 adhibeas,
3790 4271 4169 4354 resipiscere
4203 4292 4352 4354 pos-

2409 4363 2584 4424 sunt.
2671 4357 2908 4422 Nonne
2959 4356 3248 4423 ineunda
3298 4357 3496 4420 fuerit
3547 4356 3714 4420 ratio
3729 4407 3742 4432 ,
3796 4378 3926 4438 qua
3979 4357 4188 4439 possis
4231 4357 4355 4422 hu-

2408 4440 2691 4508 iusmodi
2744 4443 3044 4508 homines
3095 4444 3171 4507 in
3211 4442 3390 4507 viam
3431 4440 3781 4506 reducere?
3869 4443 3959 4506 Et
4001 4441 4126 4507 hoc
4166 4462 4357 4525 prae-

2410 4535 2545 4594 stat
2594 4527 2951 4593 clementia.
3041 4527 3330 4593 Multum
3374 4526 3549 4591 valet
3600 4525 3684 4590 ad
3727 4527 4204 4610 impetrandam
4246 4549 4357 4594 ve-

2412 4615 2620 4692 niam,
2678 4614 2896 4696 inquit
2941 4612 3190 4680 Fabius
3236 4611 3346 4676 lib.
3386 4612 3539 4677 VII.
3560 4663 3573 4688 ,
3633 4613 3691 4677 81
3743 4634 3890 4695 81198
3946 4613 4358 4692 infuturum

2412 4701 2798 4765 innocenter
2841 4699 3102 4778 victuri,
3147 4708 3215 4762 et
3253 4698 3326 4761 in
3361 4696 3575 4780 aliquo
3617 4719 3744 4762 usu
3777 4699 4003 4764 futuri.
4092 4699 4237 4777 Vel,
4282 4710 4360 4764 ut

2415 4785 2665 4863 Cicero,
2711 4788 2996 4868 optimus
3039 4792 3185 4867 post
3227 4783 3643 4866 naufragium
3697 4793 3944 4868 portus,
3990 4793 4091 4848 est
4130 4786 4360 4868 poeni-

2415 4872 2638 4937 tentia.
2725 4871 2911 4935 Haec
2965 4878 3189 4935 tamen
3243 4889 3377 4933 non
3423 4869 3554 4934 nisi
3608 4869 3994 4935 clementiae
4046 4870 4360 4937 beneficio

2415 4957 2792 5039 contingere
2833 4963 3125 5038 possunt.
3212 4953 3466 5021 Seneca
3507 4953 3616 5020 lib.
3650 4955 3703 5020 Ι.
3748 4954 3829 5020 de
3867 4954 4013 5020 Ira:
4067 4955 4364 5021 Dimittit

2415 5063 2609 5125 saepe
2644 5062 2796 5106 eum
2828 5042 3014 5107 cuius
3055 5048 3392 5124 peccatum
3436 5037 3884 5123 deprehendit,
3929 5041 3986 5106 si
4020 5043 4363 5124 poeniten-

2416 5128 2512 5193 tia
2550 5126 2708 5193 facti
2744 5146 2927 5211 spem
2962 5125 3201 5199 bonam
3240 5125 3600 5209 pollicetur,
3647 5129 3705 5192 si
3745 5126 4060 5212 intelligit
4101 5148 4235 5192 non
4278 5150 4364 5193 ex

2420 5214 2552 5279 alto
2630 5215 2856 5280 venire
2933 5212 3324 5297 nequitiam,
3401 5211 3516 5279 sed
3595 5233 3854 5278 summo
3872 5263 3886 5289 ,
3914 5212 4112 5352 3quod
4169 5213 4362 5279 aiunt
