4984 5975
1837 1542 2853 1626 LECTORIBUS.
4039 1549 4062 1588 s

644 1757 868 1840 Quum
914 1758 1423 1843 disputationem
1465 1763 1638 1829 hanc
1680 1765 2060 1848 relegerem,
2107 1766 2560 1842 animadverti,
2603 1768 2921 1850 quaedam
2966 1770 3142 1834 inter
3187 1769 3546 1837 disserendi
3594 1774 4095 1854 contentionem,
4140 1777 4339 1858 paulo

355 1863 771 1945 acriusjatque
794 1862 994 1928 etiam
1025 1864 1319 1946 asperius
1351 1885 1493 1930 osse
1527 1864 1729 1932 dicta:
1762 1888 1927 1950 quae
1961 1889 2152 1933 aures
2184 1868 2593 1952 quorundam
2623 1869 3007 1937 delicatulas
3039 1872 3271 1938 radere
3305 1874 3582 1941 fortasse
3615 1884 3900 1960 possent.
3949 1876 4041 1940 Et
4080 1876 4338 1960 quando

356 1966 467 2030 scio
519 1964 868 2031 nonnullos
914 1986 1057 2031 esse
1122 1965 1318 2032 bonos
1361 1968 1541 2034 viros
1557 2019 1573 2046 ,
1630 1969 1865 2051 quibus
1910 1971 1989 2036 de
2048 1972 2170 2037 hoc
2225 1992 2453 2037 somno
2514 1972 2760 2057 aliquid
2802 1975 2872 2038 in
2917 1975 3214 2041 animum·
3268 1977 3660 2042 instillatum
3702 1979 3927 2058 fuerit,
3975 1981 4077 2046 vel
4133 1982 4340 2047 nimia

355 2067 637 2134 cmdendi
681 2068 1018 2145 facilitate,
1064 2069 1169 2133 vel
1220 2070 1593 2153 ignorantia
1636 2074 1996 2155 scripturae
2011 2126 2024 2151 ,
2071 2096 2199 2158 qna
2241 2072 2323 2138 ad
2364 2075 2806 2141 resistendum
2820 2128 2835 2155 ,
2882 2098 2999 2159 pro
3044 2086 3356 2161 tempore,
3404 2101 3536 2144 non
3579 2080 3827 2145 fuerint
3868 2084 4027 2148 satis
4069 2085 4334 2149 armati:
4456 2143 4465 2154 .

353 2170 413 2233 in
450 2192 674 2237 eorum
718 2172 1143 2237 offensionem
1207 2173 1544 2256 (quoniam
1591 2196 1718 2239 non
1763 2177 2191 2258 pervicaciter
2245 2189 2519 2259 peccant
2534 2229 2549 2256 ,
2596 2200 2717 2244 nec
2761 2180 3112 2265 malitiose)
3157 2181 3369 2264 quoad
3411 2181 3530 2265 p‘er
3573 2203 3683 2247 eos
3727 2182 3937 2264 liceat,
3990 2185 4194 2251 nolim
4235 2189 4340 2252 in-

352 2291 608 2340 currere.
678 2274 876 2341 Volui
918 2276 1124 2359 igitur
1168 2276 1275 2342 hic
1318 2277 1731 2341 commodum
1772 2299 1880 2343 eos
1924 2299 2350 2361 praemonere
2365 2331 2381 2362 ‚
2421 2281 2534 2363 qui
2578 2281 2740 2346 tales
2784 2292 2955 2361 sunt,
3002 2304 3086 2347 ne
3130 2282 3483 2366 quidquam
3525 2284 3597 2348 in
3641 2287 4104 2353 contumeliam
4149 2310 4338 2355 suam

352 2376 628 2452 trahant3
672 2375 788 2443 sed
832 2380 1082 2461 quoties
1124 2380 1340 2462 aliqua
1385 2378 1642 2445 dicendi
1683 2381 1980 2446 libertate
2024 2383 2296 2463 evehor,
2342 2385 2556 2450 sciant
2595 2405 2704 2449 me
2745 2405 2939 2470 agere
2981 2407 3134 2452 cum
3170 2386 3564 2468 nequissimo
3608 2387 3720 2451 illo
3758 2388 4337 2473 Anabaptistarum

242 2535 247 2540 .
352 2498 527 2563 grege
584 2480 650 2562 (e
694 2503 972 2563 quorum
1016 2483 1326 2548 scatebris
1384 2482 1545 2547 haec
1598 2483 1885 2566 primum
1903 2535 1916 2562 ‚
1972 2497 2048 2549 ut
2091 2485 2263 2563 dixi,
2322 2507 2492 2570 aqua
2533 2489 2874 2570 profluxit)
2933 2489 3045 2571 qui
3099 2509 3221 2554 nec
3263 2489 3356 2554 sic
3408 2488 3674 2571 quidem
3727 2511 3846 2573 pro
3900 2493 4154 2559 meritis
4198 2495 4335 2559 suis

353 2587 716 2649 tractantur.
807 2583 977 2649 Cum
1030 2586 1266 2667 quibus
1324 2587 1416 2652 sie
1468 2606 1763 2670 pugnam
1806 2588 2094 2666 institui,
2141 2598 2219 2653 ut
2261 2590 2317 2654 si
2360 2589 2432 2654 in
2476 2597 2811 2673 posterum
2853 2590 3274 2657 obluctentur
3290 2643 3304 2668 ,
3352 2592 3608 2657 sensuri
3654 2594 3819 2671 sint,
3866 2595 3924 2658 si
3964 2614 4102 2659 non
4144 2595 4335 2661 valde

349 2686 611 2765 peritum
625 2737 643 2765 ,
696 2695 871 2752 certe
924 2697 1333 2754 constantem
1387 2690 1686 2754 veritatis
1742 2689 2177 2771 defensorem,
2223 2699 2316 2770 et,
2378 2701 2452 2756 ut
2494 2693 2658 2757 mihi
2702 2693 2910 2758 audeo
2955 2693 3037 2759 de
3079 2696 3294 2778 gratia
3335 2695 3467 2760 Dei
3523 2697 3931 2778 promittere,
3991 2698 4331 2764 invictum.

350 2783 725 2872 Quanquam
769 2812 889 2855 nec
944 2799 1173 2855 contra
1223 2812 1362 2870 eos,
1418 2792 1547 2855 nisi
1592 2793 1860 2871 modice,
1906 2793 2103 2859 bilem
2147 2744 2382 2860 effudi:
2442 2807 2516 2860 ut
2558 2797 2668 2879 qui
2711 2798 2793 2862 ab
2838 2798 3016 2861 omni
3071 2799 3464 2880 procacitate
3508 2805 3576 2862 et
3620 2798 3925 2881 loquendi
3968 2800 4337 2883 petulantia

348 2903 640 2974 perpetuo
684 2892 1139 2958 abstinuerim:
1200 2896 1418 2976 sicque
1469 2897 1606 2960 fere
1648 2896 1888 2977 ubique
1934 2897 2180 2980 stylum
2224 2899 2755 3015 temperaver-im,
2815 2906 2889 2963 ut
2932 2898 3221 2966 docendo
3256 2907 3429 2966 esset
3470 2901 3715 2984 aptior,
3776 2924 3974 2984 quam
4013 2903 4332 2987 cogendo:

346 2996 590 3061 trahere
634 3008 857 3062 tamen
901 3008 1123 3081 posset
1165 3020 1273 3063 eos
1317 3001 1431 3082 qui
1473 2998 1622 3065 duci
1670 3000 1893 3063 nolint.
1985 3000 2235 3066 Omnes
2277 3010 2452 3067 certe
2492 3003 2563 3066 in
2608 3004 2782 3067 viam
2827 3002 3135 3068 reducere
3180 3006 3389 3087 magis
3433 3025 3631 3087 quam
3673 2994 4030 3085 incessere,
4077 3009 4335 3071 animus

346 3097 468 3163 fuit.
560 3102 869 3166 Lectores
913 3112 1150 3177 autem,
1199 3102 1251 3165 si
1299 3103 1409 3183 qui
1454 3103 1658 3165 futuri
1700 3112 1875 3178 sunt,
1923 3104 2147 3167 hortor
2187 3116 2254 3167 et
2298 3105 2587 3169 obtestor
2628 3125 2747 3188 per
2786 3126 3026 3170 nomen
3051 3106 3178 3171 Dei
3223 3116 3291 3170 et
3314 3106 3585 3172 Domini
3629 3109 3837 3172 nostri
3881 3110 4036 3174 Iesu
4059 3108 4327 3187 Christi,

346 3212 409 3264 ut
445 3203 780 3287 integrum
818 3201 1135 3268 iudicium
1180 3204 1263 3269 ad
1318 3205 1671 3289 legendum
1716 3205 2047 3285 adferant,
2106 3218 2172 3271 et
2215 3208 2508 3272 animum
2527 3260 2540 3285 ‚
2597 3211 2780 3290 quasi
2827 3220 3123 3291 paratam
3165 3210 3429 3274 veritati
3476 3210 3715 3275 sedem.
3816 3210 3968 3277 Scio
4011 3221 4327 3294 quantum

346 3307 577 3384 gratiae
643 3306 879 3371 habeat
935 3308 1193 3372 novitas
1250 3307 1332 3371 ad
1391 3307 1857 3374 demulcendas
1921 3309 2330 3391 quorundam
2390 3330 2598 3375 aures.
2705 3309 2838 3376 Sed
2895 3309 3205 3375 debemus
3271 3313 3587 3395 cogitare,
3658 3335 3859 3376 unam
3911 3335 4052 3379 esse
4104 3335 4332 3380 vocem

344 3407 528 3476 vitae:
579 3432 746 3493 quae
790 3421 890 3475 est
933 3432 1014 3475 ex
1058 3430 1169 3475 ore
1214 3412 1502 3475 Domini.
1591 3412 1769 3477 Huic
1810 3413 1924 3477 uni
1969 3420 2190 3495 patere
2235 3413 2469 3477 debere
2515 3434 2706 3478 aures
2753 3424 3045 3492 nostras,
3092 3436 3296 3496 quum
3341 3415 3422 3479 de
3466 3415 3760 3480 doctrina
3802 3415 4033 3482 salutis
4077 3417 4326 3499 agitur:

343 3516 600 3580 caeteris
642 3514 947 3579 omnibus
991 3515 1247 3579 clausas
1292 3534 1450 3579 esse.
1537 3514 1747 3593 Illius,
1792 3516 2078 3598 inquam,
2125 3517 2398 3582 verbum
2440 3538 2575 3580 non
2616 3537 2861 3581 novum
2902 3524 3037 3581 est:
3084 3516 3199 3581 sed
3242 3515 3415 3600 quod
3459 3517 3586 3582 fuit
3629 3540 3669 3582 a
3710 3517 4050 3599 principie,
4099 3526 4215 3595 est,
4263 3526 4330 3582 et

347 3637 591 3702 semper
631 3619 772 3682 erit.
860 3618 955 3681 Et
991 3638 1187 3699 quam
1232 3627 1472 3685 errant.
1519 3618 1632 3699 qui
1675 3617 1952 3684 verbum
1994 3619 2141 3698 Dei,
2187 3639 2499 3701 perverso
2558 3640 2680 3683 usu
2724 3629 2791 3684 et
2843 3620 3108 3704 ignavia
3152 3618 3464 3699 desitum,
3523 3641 3724 3702 quum
3768 3621 3836 3683 in
3876 3620 4093 3684 lucem
4137 3619 4324 3700 redit,

344 3723 639 3788 novitatis
685 3721 949 3785 nomine
990 3720 1340 3784 infamant:
1388 3728 1525 3783 tam
1568 3728 1839 3804 peccant
1879 3722 1950 3785 in
1996 3721 2271 3786 alteram
2316 3732 2570 3805 partem
2616 3721 2746 3804 qui,
2792 3720 2974 3786 velut
3017 3720 3375 3787 arundines
3393 3773 3406 3799 ,
3463 3724 3694 3806 quovis
3740 3730 3935 3786 vento
3978 3721 4327 3803 impellun-

344 3834 471 3888 tur:
515 3826 647 3889 imo
692 3822 778 3889 ad
820 3823 1179 3906 quamlibet
1220 3822 1430 3888 levem
1475 3844 1701 3888 auram
1745 3832 1990 3890 nutant
2032 3832 2098 3889 et
2140 3826 2577 3890 inflectuntur.
2635 3826 2746 3888 An
2787 3823 2909 3890 hoc
2953 3832 3053 3889 est
3096 3823 3436 3890 Christum
3480 3823 3743 3902 discere,
3792 3822 4132 3906 quibusvis
4174 3823 4327 3890 doc-

344 3926 537 4006 trinis,
586 3928 783 3992 etiam
818 3928 1010 4005 veriS,
1057 3927 1197 3991 sine
1243 3927 1440 3992 verbo
1484 3925 1615 3991 Dei
1659 3949 1882 3991 aurem
1928 3927 2454 3993 accommodare?
2557 3924 2632 3991 Si
2690 3928 2928 4011 accipis
2981 3935 3057 3991 ut
3099 3929 3179 3993 ab
3238 3928 3530 3992 homine:
3587 3947 3805 3992 nonne
3868 3937 3934 3991 et
3988 3924 4328 3992 mendacia

343 4028 560 4095 eadem
602 4029 914 4097 facilitate
958 4029 1262 4095 hauries?
1329 4028 1507 4111 Quid
1549 4030 1726 4095 enim
1761 4030 1957 4095 homo
2002 4051 2196 4095 suum
2241 4029 2456 4106 habet,
2503 4031 2630 4095 nisi
2671 4028 3079 4095 vanitatem?
3142 4032 3233 4095 At
3275 4051 3407 4095 non
3450 4031 3542 4095 sic
3585 4030 3698 4107 illi,
3745 4030 3856 4113 qui
3902 4050 4106 4111 quum
4149 4050 4325 4094 rece—

338 4132 583 4213 pissent
625 4132 926 4210 verbum,
972 4132 1435 4197 scrutabantur
1478 4132 1858 4215 scripturas,
1907 4136 1990 4198 aii
2037 4134 2196 4198 haec
2241 4135 2333 4197 ita
2376 4155 2445 4197 se
2489 4133 2810 4198 haberent
2862 4134 3033 4213 (Act.
3077 4136 3172 4211 17,
3220 4133 3367 4215 ll)?
3457 4132 3879 4197 Pmoclarum
3923 4131 4319 4214 exemplum,

340 4235 391 4298 si
432 4237 693 4319 quidem
737 4237 1171 4301 imitaremur:
1243 4256 1473 4300 verum
1530 4257 1647 4301 nos
1690 4237 1909 4301 nescio
1953 4256 2081 4319 qua
2127 4234 2403 4313 desidia,
2451 4258 2564 4300 seu
2610 4236 2827 4318 potius
2869 4244 3273 4318 contemptu,
3334 4236 3608 4301 verbum
3652 4234 3782 4298 Dei
3825 4235 4204 4316 recipimus:
4247 4242 4324 4298 ut

337 4357 531 4418 quum
575 4348 711 4405 tres
755 4339 1042 4423 syllabas
1087 4337 1526 4415 didicerimus,
1569 4340 1791 4403 statim
1834 4339 2135 4422 opimone
2182 4340 2539 4454 sapientiae
2595 4351 3008 4421 turgeamuS,
3055 4346 3122 4402 et
3163 4346 3387 4403 tamen
3413 4337 3462 4421 ¹)
3518 4356 3654 4401 non
3710 4356 4079 4419 crepemus,
4136 4337 4320 4401 nobis

336 4439 567 4509 divites
610 4465 686 4509 ac
728 4463 933 4527 reges.
1021 4442 1199 4507 Hinc
1244 4454 1381 4506 tam
1424 4440 1666 4504 multos
1710 4440 1963 4520 videas,
2024 4441 2136 4525 qui
2179 4442 2246 4505 in
2290 4443 2583 4505 omnium
2641 4440 3046 4505 saeculorum
3088 4439 3528 4524 ignorantiam
3570 4440 3815 4523 tragice
3859 4440 4318 4517 vociferantur,

333 4565 458 4610 non
502 4548 721 4612 minus
765 4545 890 4628 ipsi
933 4544 1194 4609 indocti.
1285 4542 1421 4610 Sed
1465 4542 1621 4626 quid
1665 4542 1941 4613 facias?
1999 4542 2363 4609 Christiani
2408 4544 2611 4608 videri
2661 4543 2919 4621 volunt,
2965 4552 3033 4609 et
3075 4544 3412 4611 dicuntur:
3470 4542 3622 4625 quia
3676 4543 3924 4625 aliquot
3965 4542 4184 4624 capita
4225 4541 4321 4605 lo-

335 4667 553 4713 corum
608 4648 1052 4714 communium
1107 4648 1496 4713 delibarunt.
1596 4646 1691 4710 Et
1742 4667 1944 4728 quum
1998 4648 2250 4712 nescire
2305 4645 2547 4729 aliquid
2591 4645 2860 4728 pudeat,
2907 4646 2988 4711 de
3029 4646 3334 4711 omnibus
3376 4645 3959 4724 confidentissime,
4007 4644 4193 4728 quasi
4236 4663 4320 4708 ex

333 4749 602 4833 tripode,
648 4750 1061 4834 respondent.
1152 4750 1331 4815 Hinc
1373 4770 1636 4815 rursum
1682 4756 1782 4812 tot
1821 4748 2206 4827 schismata,
2267 4756 2366 4812 tot
2403 4768 2656 4814 errores
2672 4800 2689 4828 ,
2735 4756 2835 4812 tot
2876 4748 3026 4814 fidoi
3070 4755 3333 4812 nostrae
3376 4746 3697 4813 scandala.
3730 4786 3744 4804 ·
3788 4746 3940 4829 Qua
3984 4746 4320 4812 occasione

331 4872 571 4919 nomen
613 4876 689 4920 ac
732 4853 1005 4919 verbum
1049 4853 1177 4918 Dei
1217 4852 1714 4935 blasphematur
1769 4852 1944 4916 inter
1999 4853 2249 4935 impios.
2341 4850 2637 4916 Tandem
2694 4850 2895 4933 (quod
2939 4858 3038 4916 est
3092 4858 3287 4931 caput
3329 4850 3516 4934 mali)
3572 4849 3727 4915 dum
3783 4851 4105 4916 obstinate
4149 4848 4319 4913 tueri

637 5148 697 5213 1)
738 5144 831 5200 Sic
866 5143 1020 5213 1542,
1056 5149 1107 5198 et
1140 5146 1315 5197 versio
1347 5145 1579 5213 yallica:
1615 5155 1671 5200 et
1706 5131 1994 5200 toutesfois
2031 5160 2157 5200 sans
2195 5158 2398 5199 crever.
2474 5140 2729 5195 Caeterae
2763 5153 2946 5195 omnes
2978 5137 3205 5193 habent.-
3239 5126 3461 5193 tantum.
3537 5138 3693 5207 Quae
3728 5139 3780 5191 ει·
3810 5135 4112 5190 emendatio
4145 5136 4315 5202 merit

326 5244 390 5282 ιε
426 5232 738 5288 coniectum
774 5238 925 5298 nata,
960 5231 1218 5299 opimam
1253 5243 1385 5283 sane
1419 5230 1642 5285 diserte.
1717 5230 2002 5285 Anuditm·
2036 5229 2114 5283 ad
2148 5229 2178 5281 1
2222 5228 2342 5284 Gor.
2377 5227 2428 5298 4,
2464 5226 2515 5282 8.
3503 5272 3510 5283 ,
