4984 5975
355 353 471 416 221
1876 352 2828 422 ΡΒῩΟΗΟΡΑΝΝῩΟΗΙΔ.
4233 361 4358 425 222

355 539 542 605 dunt.
634 540 720 605 In
779 561 908 623 quo
964 562 1097 606 non
1154 540 1562 625 intelligunt,
1620 563 1691 607 se
1747 563 1879 607 non
1940 542 2309 607 animarum

354 623 546 691 modo
591 626 1157 691 immortalitatem
1203 627 1478 707 abolore,
1526 627 1641 693 sed
1685 649 1867 711 spem
1913 648 2165 711 quoque
2206 650 2308 693 re-

355 711 783 778 surrectionis
817 712 1207 795 praecidere.
1271 711 1347 778 Si
1383 715 1557 779 enim
1595 724 1697 779 est
1728 715 2139 789 resurrectiO,
2178 716 2308 797 spi·-

355 799 523 862 ritus
566 804 743 863 certe
787 796 974 862 redit.
1066 796 1143 864 Si
1187 819 1322 863 non
1365 799 1555 875 redit,
1603 801 1991 865 resurrectio
2037 799 2305 865 tollitur.

358 881 803 964 Quamobrem
848 905 958 949 eos
992 884 1472 967 imprudentiae
1509 885 1771 968 culpam
1805 885 1913 951 hic
1948 886 2159 969 magis
2184 886 2308 950 ‚de-

356 971 612 1052 precari
654 969 982 1047 convenit,
1031 991 1230 1053 quam
1272 972 1504 1036 fortius
1548 974 1815 1054 instare,
1858 978 1936 1035 ut
1971 970 2311 1036 obtineant

357 1065 493 1119 tam
536 1075 924 1137 perversum
967 1056 1389 1138 postulatum.
1480 1059 1698 1140 Atque
1736 1057 1896 1122 haec
1932 1057 2196 1139 quidem
2236 1059 2308 1120 in

355 1141 480 1206 hoc
526 1146 787 1217 tantum
832 1141 1006 1206 dicta
1050 1143 1210 1220 sint,
1255 1152 1331 1207 ut
1373 1142 1641 1207 videant
1683 1164 1940 1218 omnes,
1987 1153 2309 1225 quantum

351 1234 578 1309 pateat
624 1227 957 1311 effugium,
1004 1229 1061 1291 si
1104 1227 1185 1291 de
1228 1228 1593 1293 refutandis
1639 1249 1865 1293 eorum
1901 1229 2309 1312 argumentis

352 1319 616 1376 tantum
660 1315 1113 1395 cogitaremus.
1193 1314 1514 1378 Fatemur
1555 1315 1734 1378 enim
1768 1314 2072 1391 libenter,
2114 1312 2309 1396 idque
2358 1348 2361 1359 ·

350 1417 437 1461 ex
482 1409 708 1462 nostra
763 1399 1054 1482 ipsorum
1111 1400 1468 1478 sententia,
1528 1400 1633 1463 hic
1692 1400 2017 1482 quadrare
2072 1420 2307 1463 nomen

352 1483 555 1548 venti.
623 1482 1059 1549 Concedimus
1105 1484 1401 1550 homines
1436 1494 1711 1550 ventum
1757 1507 1901 1551 esse
1942 1486 2307 1569 fugientem
2357 1554 2361 1563 ι

350 1590 476 1633 nec
514 1569 918 1635 redeuntem.
1009 1569 1202 1651 Quod
1247 1571 1304 1635 si
1347 1569 1430 1634 ad
1474 1592 1596 1635 sua
1639 1593 1831 1637 sensa
1864 1571 2158 1649 trahunt,
2205 1591 2309 1635 er-

351 1661 524 1733 rant,
570 1655 940 1721 nescientes
985 1658 1372 1739 scripturas:
1430 1657 1663 1739 quibus
1706 1677 1849 1721 mos
1893 1666 2022 1736 est,
2078 1677 2196 1738 per
2240 1655 2308 1720 id

353 1762 565 1825 genus
611 1741 1009 1824 periphrasis
1056 1741 1402 1825 designare
1419 1793 1434 1820 ,
1491 1762 1670 1807 nunc
1715 1742 2041 1807 humanae
2086 1741 2308 1807 condi-

352 1826 554 1891 tionis
596 1826 1127 1904 imbecillitatem,
1172 1849 1348 1893 nunc
1391 1827 1781 1893 brevitatem
1817 1829 2012 1893 vitae.
2083 1826 2307 1909 Quum

351 1911 434 1977 de
483 1912 750 1977 homine
794 1913 953 1979 dicit
994 1912 1140 1990 Iob,
1198 1914 1427 1977 florem
1470 1936 1642 1987 esse,
1700 1914 1811 1996 qui
1866 1913 2202 1997 egreditur
2242 1920 2310 1977 et

351 1998 733 2076 conteritur,
770 2007 839 2063 et
870 1998 1053 2064 velut
1088 2000 1387 2087 umbram
1421 1999 1647 2083 fugere
1681 1999 1848 2084 (Iob.
1882 2006 1978 2078 14,
2005 2000 2104 2082 2):
2151 1997 2307 2082 quid

350 2082 557 2162 aliud,
597 2104 795 2165 quam
831 2083 1196 2151 describere
1233 2085 1459 2163 voluit,
1508 2085 1841 2150 hominem
1877 2106 2018 2151 esse
2050 2086 2307 2149 fluxum

350 2179 416 2233 et
462 2169 787 2254 fragilem,
834 2177 904 2234 et
937 2171 1217 2236 similem
1254 2171 1439 2236 floris
1483 2170 1779 2236 decidui?
1869 2171 2115 2236 Iesaias
2150 2190 2308 2235 vero

349 2254 642 2320 clamare
675 2256 938 2321 iubetur
973 2277 1234 2321 omnem
1269 2272 1534 2321 carnem
1570 2257 1834 2320 foenum
1870 2278 2029 2333 esse,
2069 2266 2136 2321 et
2169 2275 2307 2320 om-

350 2359 511 2405 nem
567 2342 707 2406 eius
762 2341 1068 2425 gloriam,
1124 2342 1309 2424 quasi
1364 2343 1594 2406 florem
1646 2342 1849 2407 foeni:
1907 2343 2307 2407 exsiccatum

348 2447 494 2492 esse
529 2427 812 2505 foenum,
850 2436 920 2496 et
954 2427 1262 2493 cecidisse
1297 2429 1557 2492 florem:
1596 2428 1869 2493 verbum
1908 2434 2132 2493 autem
2165 2427 2306 2491 Do-

347 2513 515 2577 mini
574 2522 916 2577 aeternum
976 2533 1362 2597 permanere
1420 2514 1574 2596 (Ies.
1632 2518 1734 2592 40,
1793 2515 1878 2597 6).
1979 2512 2303 2596 Agedum,

351 2597 667 2681 colligant
686 2621 816 2663 uno
840 2598 1056 2676 verb0,
1096 2599 1382 2663 animam
1406 2599 1690 2663 hominis
1713 2620 1983 2665 exarere
2007 2608 2071 2663 et
2094 2618 2304 2663 emar-

349 2705 527 2749 cere:
588 2694 656 2748 et
708 2684 898 2766 paulo
953 2686 1208 2750 acutius
1263 2696 1566 2763 cernant,
1625 2704 1822 2766 quam
1880 2705 2137 2750 crassus
2194 2682 2305 2746 ille

349 2770 638 2851 piscator
691 2772 755 2851 (l
796 2770 976 2835 Petr.
1022 2776 1075 2848 1,
1123 2771 1254 2853 24),
1322 2772 1434 2853 qui
1501 2792 1585 2834 ex
1641 2791 1717 2834 eo
1774 2771 2007 2853 probat
2073 2768 2299 2834 fideles

349 2875 578 2921 omnes
622 2856 1026 2921 immortales
1069 2877 1240 2935 esse,
1298 2858 1452 2938 quia
1495 2857 1708 2921 renati
1753 2859 1887 2922 sint
1929 2879 2012 2922 ex
2056 2856 2303 2920 semine

349 2941 856 3026 incorruptibili,
920 2942 1043 3007 hoc
1098 2950 1223 3021 est,
1272 2943 1470 3008 verbo
1512 2940 1673 3020 Dei,
1732 2942 1907 3026 quod
1963 2950 2301 3008 aeternum

346 3038 711 3109 permanet.
779 3028 913 3093 Eos
958 3050 1113 3094 vero
1157 3030 1481 3111 scriptura
1522 3030 1752 3093 florem
1795 3030 1929 3093 flux
1937 3049 2050 3093 um
2096 3036 2299 3104 vocat,

347 3123 412 3177 et
456 3107 733 3179 ventum
775 3122 1324 3196 praetereuntem,
1371 3116 1608 3198 quibus
1640 3114 1879 3183 fiducia
1921 3122 2023 3179 est
2065 3114 2136 3178 in
2179 3112 2301 3178 hac

347 3200 498 3264 vita.
594 3198 726 3280 Qui
783 3199 969 3282 quasi
1025 3199 1132 3266 hic
1188 3201 1411 3265 sedem
1462 3210 1957 3283 permanentem
2012 3199 2299 3274 fixerint,

346 3295 738 3368 regnaturos
783 3306 857 3350 se
899 3294 1135 3369 putant
1177 3287 1320 3351 sine
1365 3288 1522 3351 fine:
1577 3308 1698 3352 nec
1741 3308 1892 3351 eum
1934 3288 2136 3351 finem
2182 3289 2299 3362 [fol.

351 3376 458 3449 42]
504 3372 883 3454 respiciunt,
930 3392 1056 3455 quo
1100 3373 1187 3437 sit
1225 3371 1544 3437 mutanda
1576 3371 1877 3449 conditio,
1924 3379 1990 3436 et
2025 3370 2151 3435 alio
2187 3369 2300 3434 de-

344 3455 790 3539 migrandum.
879 3458 984 3522 De
1028 3457 1261 3539 quibus
1317 3459 1516 3522 etiam
1561 3459 1654 3523 ait
1696 3458 2044 3544 propheta:
2101 3453 2299 3538 Popi-

346 3542 581 3624 gimus.
614 3542 843 3608 foedus
884 3564 1035 3608 cum
1088 3553 1300 3608 morte
1316 3595 1331 3622 ,
1389 3551 1457 3609 et
1509 3564 1659 3610 cum
1713 3543 1974 3608 inferno
2027 3542 2299 3607 fecimus

342 3638 617 3709 pactum
661 3628 818 3712 (Ies.
858 3633 959 3708 28,
1004 3629 1132 3708 16).
1197 3630 1451 3695 Eorum
1485 3651 1726 3695 vanam
1769 3650 1952 3712 spem
1993 3626 2297 3706 irridens,
2349 3677 2353 3694 .

343 3734 481 3778 non
522 3713 797 3798 deputat
838 3715 922 3779 ad
956 3715 1184 3794 vitam,
1229 3714 1402 3798 quod
1445 3715 1577 3781 illis
1622 3727 1723 3780 est
1765 3699 2023 3779 initi'um
2043 3705 2300 3778 'mortis

342 3799 687 3880 pessimae.
759 3801 857 3867 Ac
903 3801 1198 3866 desinere
1242 3810 1310 3865 et
1351 3801 1519 3865 mori
1563 3821 1675 3866 eos
1719 3802 2020 3879 affirmat,
2108 3798 2299 3863 uibus

343 3884 582 3952 melius
626 3895 799 3951 esset
842 3908 975 3951 non
1021 3907 1192 3964 esse,
1253 3908 1451 3970 quam
1508 3887 1602 3952 sic
1658 3907 1817 3952 esse.
1908 3884 2078 3951 simi
2105 3906 2142 3949 e
2199 3892 2301 3950 est

342 3969 522 4052 quod
563 3971 691 4037 alio
736 3971 989 4054 psalmo
1033 3971 1302 4055 legitur:
1355 3972 1694 4054 Quomodo
1728 3974 2078 4038 miseretur
2110 3979 2299 4054 pater

337 4054 668 4136 filiorum,
723 4059 1031 4124 misertus
1076 4067 1176 4123 est
1217 4059 1544 4124 Dominus
1586 4060 1879 4123 omnium
1922 4058 2299 4122 timentium

343 4162 436 4206 se.
510 4141 839 4224 Quoniam
882 4145 1022 4228 ipse
1056 4146 1361 4228 cognovit
1392 4147 1781 4228 figmentum
1817 4152 2149 4209 nostrum:
2195 4162 2298 4207 re-

340 4227 658 4295 cordatus
714 4237 818 4294 est
869 4231 1023 4313 quia
1075 4231 1299 4313 pulvis
1355 4252 1603 4295 sumus.
1703 4231 1799 4295 Et
1853 4230 2047 4294 homo
2062 4282 2075 4306 ,
2131 4230 2300 4294 sicut

341 4312 613 4380 foenum
628 4367 642 4393 ,
700 4315 839 4381 dies
882 4316 1022 4381 eius
1063 4324 1381 4399 tanquam
1424 4317 1545 4381 flos
1591 4318 1733 4400 agri
1747 4368 1762 4392 ,
1820 4316 1914 4381 sic
1958 4314 2292 4380 efflorebit.

2356 579 2363 611 ι
2411 544 2505 609 Et
2546 544 2674 628 ipsi
2716 544 2952 608 vitiose
2996 542 3344 626 colligunt,
3389 543 3627 626 quibus
3673 550 3772 610 est
3814 565 3964 609 cum
4009 544 4141 610 illis
4183 566 4359 611 com-

2410 651 2613 695 mune
2658 636 3139 711 argumentum.
3200 626 3432 693 Simile
3456 629 3610 703 ,fere
3645 636 3745 694 est
3787 629 3953 695 illud
3996 629 4359 697 Ecclesias-

2412 715 2555 780 tici:
2614 715 2946 780 Numerus
2989 736 3314 779 annorum
3368 714 3684 794 hominis,
3728 722 3805 779 ut
3846 714 4160 794 multum,
4207 738 4359 783 cen-

2412 809 2556 865 tum
2612 802 2795 875 anni,
2855 801 3038 883 quasi
3087 808 3313 885 guttae
3355 821 3561 882 aquae
3605 801 3807 866 maris
3851 799 4145 884 deputati
4187 810 4358 881 sunt,

2412 894 2481 951 et
2524 888 2695 952 sicut
2735 885 3023 952 calculus
3067 905 3324 963 arenae,
3371 887 3463 952 sic
3507 886 3727 971 exigui
3763 888 3917 951 anni
3953 887 4025 951 in
4057 886 4162 952 die
4194 891 4356 954 aevi.

2411 973 2696 1055 Propter
2726 971 2849 1037 1100
2891 973 3150 1055 patiens
3192 980 3296 1036 est
3328 971 3512 1036 Deus
3555 972 3626 1035 in
3671 972 3821 1051 illis,
3867 982 3934 1036 et
3976 971 4259 1037 effundit
4285 973 4360 1045 in

2414 1079 2522 1122 eos
2578 1057 3087 1122 misericordiam
3137 1077 3323 1122 suam
3368 1056 3645 1138 (Eccles.
3693 1061 3787 1135 18,
3825 1063 3863 1120 8
3900 1057 4036 1141 ss.).
4114 1059 4360 1125 Faten-

2413 1140 2572 1208 dum
2627 1143 2830 1226 igitur
2883 1143 3043 1222 illis,
3108 1143 3303 1226 longe
3361 1142 3688 1207 diversam
3749 1143 3950 1208 fuisse
4004 1144 4360 1226 prophetae

2358 1220 2363 1293 ἱ
2412 1229 2838 1307 sententiam,
2886 1227 2966 1293 ab
3011 1250 3088 1294 ea
3131 1250 3328 1311 quam
3374 1230 3718 1293 somniant.
3808 1229 4171 1293 Dominum
4216 1251 4358 1295 esse

2414 1335 2638 1379 eorum
2683 1316 3026 1380 misertum
3068 1336 3228 1397 quos
3274 1324 3681 1397 agnosceret,
3742 1314 3879 1379 sola
3932 1336 4052 1379 sua
4103 1316 4358 1381 miseri-

2413 1399 2634 1466 cordia
2672 1410 2872 1477 stare‚
2921 1422 2960 1464 a
3001 1400 3236 1482 quibus
3281 1400 3338 1464 si
3382 1400 3709 1484 paulisper
3749 1420 4022 1464 manum
4063 1402 4357 1465 retrahe-

2412 1494 2537 1560 ret,
2582 1507 2691 1550 eos
2735 1487 2805 1548 in
2849 1486 3191 1567 pulverem
3226 1485 3565 1563 redituros,
3613 1485 3785 1551 unde
3830 1486 4074 1568 sumpti
4119 1496 4355 1551 essent.

2357 1572 2362 1707 fi
2411 1571 2673 1636 Deinde
2728 1571 2992 1636 subiicit
3046 1572 3312 1636 brevem
3369 1571 3695 1637 humanae
3720 1572 3919 1637 ·vitae
3977 1571 4356 1654 descriptio-

2358 1720 2362 1739 ,
2412 1678 2592 1722 nem:
2641 1678 2787 1731 eam
2814 1658 2958 1721 flori
2991 1676 3395 1738 comparans,
3443 1657 3553 1739 qui
3597 1657 3753 1721 dum
3795 1657 3988 1721 hodie
4023 1658 4211 1735 viret,
4256 1658 4357 1723 ni-

2357 1762 2362 1823 ;
2412 1743 2509 1807 hil
2544 1742 2722 1807 aliud
2756 1754 2873 1819 est,
2919 1763 3113 1824 quam
3150 1744 3511 1807 crastinum
3541 1744 3821 1807 foenum.
3891 1742 4087 1823 Quod
4119 1745 4175 1808 si
4208 1764 4357 1826 pro-

2358 1840 2362 1873 *
2412 1829 2795 1894 nunciasset
2851 1827 3159 1911 spiritum
3217 1828 3499 1893 hominis
3556 1829 3771 1910 perire
3816 1840 3883 1892 et
3938 1828 4235 1894 decidere
4289 1830 4359 1894 in

2410 1913 2696 1979 nihilum
2714 1966 2729 1993 ,
2785 1936 2870 1978 ne
2913 1914 3007 1979 sic
3048 1913 3311 1995 quidem
3356 1923 3674 1979 armasset
3715 1915 4006 1996 ipsorum
4049 1935 4355 1980 errorem.

2357 2010 2361 2061 1
2412 2000 2586 2064 Nam
2631 2021 2834 2082 quum
2888 1999 3160 2064 dicimus
3213 1999 3518 2081 spiritum
3577 2000 3861 2064 hominis
3907 2020 4047 2065 esse
4090 2001 4358 2066 immor·

2356 2080 2362 2205 j
2409 2085 2633 2163 talem,
2661 2106 2793 2150 non
2816 2086 3218 2150 affirmamus
3247 2092 3478 2149 contra
3507 2106 3772 2150 manum
3795 2085 3921 2150 Dei
3951 2092 4127 2150 stare
4146 2106 4356 2169 posse,

2411 2178 2530 2234 aut
2573 2170 2716 2235 sine
2757 2172 2898 2236 eius
2941 2172 3187 2237 virtute
3231 2170 3608 2236 subsistere.
3672 2171 3916 2237 Absint
3948 2193 3988 2236 a
4013 2171 4201 2237 nobis
4233 2172 4359 2236 hae
4431 2222 4446 2229 -

2355 2216 2361 2315 1
2411 2255 2871 2338 blasphemiae.
2963 2254 3099 2321 Sed
3144 2254 3448 2334 dicimus,
3508 2257 3646 2322 eius
3689 2277 3893 2321 manu
3936 2276 4011 2322 ac
4053 2255 4356 2322 benedic-

2411 2342 2589 2406 tione
2632 2341 2959 2407 sustineri.
3050 2339 3164 2406 Sic
3204 2341 3548 2421 Irenaeus,
3575 2343 3624 2425 ¹)
3678 2343 3786 2425 qui
3843 2341 4182 2407 nobiscum
4224 2343 4357 2424 spi-

2409 2428 2577 2493 ritus
2621 2427 3180 2493 immortalitatem
3224 2427 3486 2505 asserit,
3533 2427 3681 2493 vult
3722 2436 3963 2503 tamen,
4010 2427 4354 2505 discamus,

2409 2521 2648 2577 natura
2690 2533 2812 2579 nos
2853 2512 3163 2578 mortales
3204 2532 3373 2591 esse,
3429 2513 3640 2578 solum
3695 2525 3916 2578 autem
3957 2514 4176 2578 Deum
4229 2513 4354 2577 im·-

2407 2599 2774 2663 mortalem.
2862 2600 2955 2664 Et
2999 2597 3224 2663 eodem
3268 2598 3437 2663 loco:
3492 2598 3588 2664 Ut
3630 2621 3763 2663 non
3805 2600 3990 2680 quasi
4037 2619 4120 2662 ex
4163 2598 4352 2664 nobis

2409 2684 2727 2749 habentes
2769 2685 3004 2762 vitam,
3059 2685 3366 2749 inflemur
3407 2683 3782 2767 aliquando,
3839 2696 3904 2748 et
3960 2685 4355 2749 extollamur

2409 2766 2725 2835 adversus
2754 2770 3006 2835 Deum:
3053 2771 3625 2852 experimentoque
3656 2770 4002 2849 discamus,
4048 2771 4354 2853 quoniam

2351 2874 2357 2943 j
2409 2877 2491 2920 ex
2535 2856 2715 2920 illius
2757 2855 3234 2939 magnitudine,
3274 2863 3342 2921 et
3383 2878 3517 2921 non
3560 2876 3644 2919 ex
3686 2853 3910 2921 nostra
3951 2864 4192 2921 natura
4233 2856 4353 2920 ha-

2351 3005 2356 3022 ,
2407 2939 2636 3007 bemus
2671 2943 2740 3006 in
2776 2950 3118 3007 aeternum
3150 2942 3730 3026 perseverantiam.
3797 2942 3982 3008 Haec
4004 2942 4209 3026 igitur
4235 2962 4354 3007 no-

2407 3027 2508 3093 bis
2531 3049 2777 3111 ·pugna
2806 3037 2906 3092 est
2948 3049 3097 3093 cum
3125 3027 3401 3106 Davide,
3449 3049 3642 3111 quem
3685 3029 3935 3094 faciunt
3976 3028 4164 3094 nobis
4209 3037 4354 3093 tan-

2405 3121 2627 3195 topere
2671 3113 3136 3180 adversarium.
3204 3113 3328 3178 1110
3373 3115 3467 3179 ait
3506 3114 3856 3192 hominem,
3904 3115 3959 3179 si
3992 3115 4074 3180 ab
4115 3134 4191 3178 eo
4236 3136 4356 3179 au-

2405 3200 2574 3263 ferat
2627 3221 2814 3264 suam
2866 3198 3378 3264 misericordiam
3431 3199 3761 3266 Dominus
3775 3252 3789 3278 ,
3848 3220 4039 3265 ruere
4111 3223 4186 3266 ac
4239 3222 4356 3284 pe-

2403 3285 2537 3349 rire
2581 3286 2787 3370 (Psal.
2843 3291 2980 3364 104,
3027 3287 3157 3368 29).
3227 3285 3363 3351 Nos
3408 3286 3727 3365 docemus,
3774 3288 3902 3352 Dei
3945 3286 4356 3369 benignitate
4399 3329 4414 3349 .

2404 3390 2479 3437 ac
2503 3370 2771 3436 ,virtute
2822 3372 3162 3437 sustineri:
3221 3372 3530 3453 quoniam
3583 3372 3723 3457 ipse
3766 3371 3945 3438 solus
3988 3371 4189 3437 habet
4228 3373 4354 3436 im-

2402 3457 2871 3607 ?gorgtsatlitatom
2904 3458 2965 3541 (1
2994 3457 3159 3521 Tim.
3194 3461 3251 3534 6,
3289 3459 3424 3538 16):
3467 3465 3533 3521 et
3565 3456 3874 3540 quidquid
3908 3464 4009 3522 est
4029 3458 4221 3533 vitae,
4270 3456 4353 3522 ab

2578 3720 2695 3791 [fol.
2723 3719 2832 3792 43]
2871 3712 3215 3794 Quartum.
3285 3714 3541 3780 Satiata
3572 3709 3674 3780 est
3704 3713 3895 3778 malis
3929 3714 4152 3777 anima
4184 3734 4348 3792 mea,

2403 3806 2471 3864 et
2511 3799 2650 3865 vita
2692 3820 2837 3863 mea
2870 3799 3129 3864 inferno
3166 3800 3738 3883 appropinquavit:
3787 3799 4169 3864 aestimatus
4201 3821 4348 3864 sum

2403 3906 2551 3951 cum
2589 3883 3129 3951 descendentibus
3176 3886 3242 3950 in
3287 3885 3522 3965 lacum,
3566 3885 3736 3951 sicut
3764 3884 3958 3949 homo
3991 3884 4134 3949 sine
4164 3883 4348 3950 adiu-

2404 3971 2570 4035 torio
2583 4022 2598 4048 ,
2647 3971 2816 4036 sicut
2856 3972 3177 4037 interfecti
3238 3972 3633 4038 dormientes
3675 3971 3749 4035 in
3790 3969 4103 4053 sepulcris
4116 4022 4132 4049 ,
4186 3992 4348 4054 quo-

2402 4078 2551 4122 rum
2597 4078 2730 4122 non
2781 4078 2850 4122 es
2893 4078 3145 4123 memor
3188 4058 3496 4141 ampliuS,
3554 4065 3620 4122 et
3672 4057 3781 4139 qui
3840 4056 3920 4121 dc
3972 4076 4176 4121 manu
4233 4065 4350 4122 tua

2403 4142 2672 4209 abscissi
2728 4152 2887 4208 sunt
2941 4143 3144 4227 (Psal.
3198 4147 3301 4222 88,
3352 4153 3386 4206 4
3428 4147 3561 4226 ss.).
3652 4141 3859 4223 Quid,
3903 4143 4241 4225 inquiunt,
4292 4144 4347 4208 si

2402 4229 2670 4295 abscissi
2727 4237 2885 4294 sunt
2926 4252 2966 4294 a
3007 4230 3254 4296 virtute
3294 4231 3451 4307 Dei,
3508 4230 3564 4294 si
3619 4229 4031 4312 providentia
4084 4229 4226 4294 eius
4283 4236 4352 4294 et

2400 4316 2718 4381 memoria
2760 4314 3169 4392 exciderunt,
3229 4336 3446 4381 nonne
3490 4336 3631 4380 esse
3673 4301 4052 4380 desierunt?
4141 4314 4349 4395 Quasi

342 4397 685 4480 Quoniam
736 4403 1006 4484 spiritus
1051 4403 1476 4484 pertransibit
1518 4403 1589 4466 in
1632 4402 1775 4481 illo,
1836 4410 1902 4466 et
1952 4423 2086 4466 non
2144 4401 2296 4466 sub·
2346 4371 2351 4442 Ι
2400 4423 2558 4467 vero
2603 4422 2734 4466 non
2777 4400 2969 4467 liceat
3011 4402 3174 4465 mihi
3218 4410 3623 4484 retorquere:
3687 4399 3908 4481 Quid?
3970 4400 4025 4464 si
4080 4401 4347 4468 abscissi

342 4486 554 4565 sistet,
608 4493 676 4551 et
713 4508 845 4552 non
889 4499 1233 4571 cognoscet
1273 4488 1552 4572 amplius
1595 4488 1813 4553 locum
1853 4509 2044 4552 suum
2089 4486 2293 4568 (Psal.

346 4575 498 4649 103,
545 4577 616 4636 13
653 4574 789 4656 ss.).
892 4574 999 4638 Ex
1060 4574 1297 4656 quibus
1351 4573 1568 4639 verbis
1645 4574 1701 4637 si
1772 4574 2105 4638 affirment
2163 4574 2296 4656 spi-

338 4656 551 4722 ritum
584 4659 801 4741 perire
835 4667 903 4724 et
931 4680 1351 4725 evanescere:
1398 4662 1639 4725 iterum
1670 4659 1800 4724 illis
1842 4657 2159 4742 praedico,
2196 4660 2296 4722 vi-

339 4740 549 4807 deant
589 4767 674 4810 ne
717 4745 1071 4811 fenestram
1116 4748 1415 4828 aperiant
1454 4745 1826 4828 Epicureis,
1884 4745 1943 4811 si
1998 4746 2109 4827 qui
2166 4747 2298 4809 sint

338 4828 465 4909 qui
518 4830 897 4914 insurgant,
957 4852 1033 4898 ac
1086 4841 1379 4897 nostram
1426 4852 1781 4914 eorumque
1824 4830 2023 4896 fidem
2068 4829 2148 4895 de
2193 4852 2296 4896 re-

336 4917 752 4982 surrectione
796 4917 1153 4984 labefacere
1189 4925 1523 4997 conentur,
1569 4925 1645 4982 ut
1677 4924 1854 4983 certe
1888 4917 2080 4981 multi
2117 4924 2293 4982 sunt.

332 4997 601 5066 Eadem
655 5004 831 5068 enim
885 5005 1136 5068 ratione
1180 5003 1518 5087 colligent,
1575 5003 1877 5086 spiritum
1938 5004 2007 5066 in
2062 5022 2296 5083 corpus

333 5101 487 5150 non
527 5088 769 5168 redire,
873 5111 1032 5153 uum
1077 5087 1336 5154 dicatur
1377 5111 1511 5154 non
1554 5089 1974 5174 cogniturum
2017 5088 2295 5172 amplius

330 5170 583 5238 locum.
653 5172 788 5240 Sed
830 5111 1069 5253 dicent,
1116 5174 1350 5240 vitiose
1386 5176 1709 5259 colligent.
1775 5174 2106 5257 Quoniam
2143 5173 2296 5239 huic

333 5259 839 5325 ratiocinationi
882 5269 1104 5343 aperte
1138 5259 1497 5326 reclamant
1525 5261 1650 5327 loci
1684 5260 1766 5326 de
1800 5262 2291 5328 resurrectione.

2402 4495 2560 4552 sunt
2595 4509 2635 4552 a
2671 4488 2919 4552 virtute
2956 4486 3102 4566 Dei,
3149 4489 3202 4553 si
3239 4489 3553 4553 memoria
3588 4487 3990 4563 exciderunt,
4029 4486 4350 4569 quomodo

2400 4593 2669 4637 rursum
2710 4572 2948 4639 erunt?
3036 4574 3130 4638 Et
3184 4574 3296 4638 ubi
3339 4574 3466 4638 erit
3507 4571 3941 4639 resurrectio?
4031 4572 4347 4651 Rursum,

2400 4659 2514 4741 qui
2556 4660 2947 4725 convenient
2989 4660 3238 4726 isthaec
3252 4658 3283 4721 ⁸?
3349 4659 3682 4724 Iustorum
3730 4659 3989 4724 animae
4031 4660 4104 4724 in
4145 4680 4348 4724 manu

2399 4743 2530 4809 Dei
2574 4755 2732 4809 sunt
2773 4743 3096 4830 (Sapient.
3138 4749 3195 4823 3,
3240 4743 3324 4829 1).
3394 4747 3550 4824 Aut,
3595 4754 3670 4810 ut
3713 4746 3909 4810 certis
3949 4744 4079 4809 Dei
4123 4766 4348 4811 oracu—

2398 4830 2482 4895 lis
2527 4851 2826 4914 agamus:
2884 4831 2969 4895 In
3025 4831 3341 4896 memoria
3389 4838 3668 4897 aeterna
3681 4823 3842 4896 -'erit
3881 4831 4094 4896 iustus
4138 4831 4347 4917 (Psal.

2408 4920 2547 4995 112,
2587 4918 2676 5000 6).
2753 4917 2906 4982 Non
2936 4917 3142 5001 igitur
3174 4917 3560 4982 exciderunt
3591 4937 3631 4982 a
3661 4916 3868 4983 ma‘nu
3894 4916 4189 4996 Domini,
4227 4936 4348 4982 neo

2399 5003 2785 5068 memoriam
2830 5005 2969 5068 eius
3012 5003 3343 5087 fugerunt.
3411 5003 3591 5086 Quin
3635 5004 3851 5087 potius
3886 5002 4011 5068 hoc
4040 5001 4346 5086 loquendi

2540 5278 2599 5344 1)
2637 5279 2774 5332 Iren.
2809 5277 2926 5332 libr.
2950 5277 3014 5333 V.
3050 5277 3311 5335 adversus
3345 5280 3558 5333 haeres.
