4984 5975
563 302 781 373 m
1121 338 1126 343 -
1753 296 2298 367 onmA'ms
2337 295 2927 366 mmmmm
2967 268 3413 365 ΜΙΝΟΒῈΒ.

444 567 452 578 ,
566 493 971 562 adversarios
1013 494 1319 571 sterneret,
1360 487 1657 554 inanium
1696 487 2098 572 arqutiarum
2136 486 2449 571 fuqitans,
2504 486 2708 553 onmis
2743 485 3103 569 sophistices
3154 486 3349 552 hostis
3402 488 3773 569 acerrimus,
3826 488 3958 555 zelo
3998 489 4375 581 asserendae
4411 488 4577 556 veri-

568 607 722 673 tatis
769 604 996 688 ubique
1047 602 1141 669 sic
1190 602 1463 684 fervens,
1517 604 1588 664 ut
1625 598 1964 684 fuyientem
2004 600 2194 664 etiam
2235 597 2469 664 hostem
2503 603 2995 681 persequeretur.
3084 597 3257 665 fflnc
3289 599 3527 682 factum
3578 605 3651 664 ut
3691 598 4104 667 vehementius
4146 602 4463 668 interdum
4503 603 4579 668 in

567 719 750 801 ipsas
802 717 991 782 etiam
1038 732 1344 797 personas
1389 711 1553 794 ferri
1595 710 1914 790 videatur,
1967 730 2086 792 quo
2139 711 2383 777 nomine
2421 710 2535 792 qui
2588 730 2784 792 usque
2825 710 2979 775 adeo
3020 710 3236 791 ipsum
3277 715 3573 777 accusant
3612 716 3684 775 ut
3724 712 4193 780 conviciatorem
4235 716 4425 781 etiam
4465 734 4585 796 ap-

558 829 804 915 pellent,
844 827 1029 893 velim
1071 826 1260 891 etiam
1301 829 1484 907 atque
1517 824 1708 889 etiam
1738 842 1958 888 secum·
1976 822 2232 905 coyitent
2262 821 2539 887 heroicos
2582 821 2724 888 illos
2765 822 3033 905 spiritus
3065 822 3375 887 divinitus
3415 828 3469 887 et
3498 822 3936 904 peculiaribus
3977 825 4355 907 quibusdam
4395 826 4585 909 afsla-

565 942 736 1008 tibus
795 938 1065 1020 impelli,
1117 936 1282 1021 quod
1332 937 1464 1002 nisi
1517 933 2001 1013 consideremus,
2053 933 3004 1017 multasaepeinillosetiam
3061 934 3621 1016 omnietceptione
3673 936 3969 1016 maiores,
4018 936 4589 1004 sanctosvidelicet

557 1051 899 1137 prophetas
913 1102 928 1130 ,
983 1047 1508 1130 reprehendendos
1548 1048 1618 1111 in
1663 1045 1752 1110 iis
1788 1044 2376 1126 existimaverimus,
2419 1047 2498 1112 de
2539 1045 2768 1129 quibus
2808 1050 3015 1110 tamen
3053 1066 3369 1111 summam
3408 1044 3661 1110 laudem
3691 1053 4140 1129 promerentur.
4229 1047 4579 1114 Mitissimo

567 1163 816 1248 imyenio
852 1161 1112 1245 fuerunt
1154 1159 1356 1239 Iacob,
1405 1157 1704 1237 Solomon,
1746 1155 2088 1224 Ezechias.-
2126 1157 2427 1223 acerrimo
2469 1156 2688 1235 Iosue,
2739 1154 3004 1236 Gedeon,
3048 1155 3361 1240 Simpson,
3404 1156 3565 1237 Asa,
3611 1157 3853 1224 Iosias:
3894 1160 4202 1225 moderato
4244 1159 4570 1242 Iosephus,

569 1273 814 1355 Moses,
866 1250 1103 1339 David:
1194 1269 1527 1352 Prophetis
1583 1270 1898 1337 interdum
1951 1266 2114 1332 nihil
2169 1267 2481 1349 acerbius,
2552 1269 2864 1334 interdum
2928 1267 3095 1334 nihil
3147 1268 3398 1334 dulcius
3453 1268 3612 1352 finyi
3655 1273 3873 1352 potest.
3960 1270 4202 1355 Ayebat
4252 1272 4419 1337 enim
4471 1291 4575 1338 eos

568 1386 897 1454 Dominus
939 1388 1136 1466 prout
1190 1387 1466 1464 tempora
1521 1387 1578 1445 et
1612 1400 1827 1446 eorum
1868 1400 2069 1447 mores
2102 1379 2409 1462 ferebant,
2464 1381 2552 1446 ad
2593 1400 2749 1463 quos
2803 1378 3215 1445 mittebantur.
3301 1380 3567 1463 Alioqui
3620 1381 3920 1463 quomodo
3952 1381 4260 1462 probabis
4302 1381 4578 1449 Esaiam

570 1498 938 1565 clamantem
952 1521 972 1559 .·
1031 1493 1271 1576 Popule
1316 1491 1624 1559 Sodomae
1665 1497 1723 1557 et
1768 1492 2114 1558 Gomorrae
2128 1541 2143 1570 ,
2201 1496 2258 1555 et
2299 1496 2382 1556 tot
2422 1492 2765 1558 sarcasmis
2811 1490 3320 1558 Nebucadnesari
3358 1493 3430 1556 in
3470 1498 3859 1558 mortuorum
3904 1513 4184 1576 persona
4224 1494 4565 1560 illudenti?

570 1607 927 1675 EtEliam
967 1624 1090 1689 quo
1131 1605 1366 1688 spiritu
1408 1604 1767 1670 dixerimus
1807 1602 2149 1686 impulsum
2193 1604 2264 1668 in
2307 1624 2378 1669 re
2419 1608 2551 1668 tam
2584 1603 2757 1669 seria
2798 1601 3102 1669 Baalitas
3142 1603 3460 1670 irridere?
3550 1603 3639 1669 Et
3689 1604 3808 1670 illa
3849 1604 4202 1672 Ezechielis
4252 1605 4328 1670 de
4378 1605 4577 1672 Ohola

569 1725 630 1787 et
677 1718 969 1799 Oholiba,
1017 1723 1076 1783 et
1115 1717 1401 1799 infinitae
1428 1735 1633 1797 paene
1673 1714 2126 1781 similitudines
2169 1716 2344 1797 apud
2375 1714 2719 1797 prophetas
2759 1735 2804 1779 a
2841 1713 3228 1796 foedissimis
3283 1716 3474 1780 etiam
3512 1715 3695 1782 rebus
3734 1716 4123 1798 desmnptae,
4180 1716 4345 1784 illud
4385 1716 4581 1785 Ioan-

570 1833 679 1899 nis
721 1830 1074 1913 Baptistae,
1122 1827 1465 1912 Pr09enies
1503 1828 1883 1910 viperarum,
1925 1828 1999 1892 in
2039 1846 2140 1892 eos
2184 1827 2376 1892 etiam
2418 1831 2757 1893 contortum
2797 1827 2911 1909 qui
2951 1827 3038 1892 ad
3078 1827 3286 1909 ipsius
3319 1826 3698 1908 baptismum
3738 1827 4113 1928 accedebant,
4152 1827 4271 1894 illa
4311 1829 4583 1912 denique

577 1942 817 2011 Christi
856 1943 930 2006 in
971 1961 1094 2023 quo
1121 1944 1442 2022 peccatum
1479 1940 1728 2004 nullum
1768 1939 1923 2021 fuit.-
1963 1938 2346 2023 hypocritae,
2389 1939 2670 2021 parietes
2711 1936 3008 2019 dealbati,
3062 1937 3305 2005 diabolo
3336 1943 3527 2020 patre
3567 1939 3732 2019 nati,
3773 1939 4073 2020 latrones,
4117 1941 4290 2006 natio
4331 1941 4580 2023 spuria,

572 2054 948 2133 homicidae,
993 2051 1313 2137 flayellum
1364 2071 1442 2116 ex
1480 2051 1790 2134 funiculis
1831 2055 2075 2132 repente
2125 2050 2487 2134 confectum,
2542 2070 2906 2116 mensarum
2958 2055 3016 2116 et
3064 2050 3468 2116 numulorum
3519 2050 3781 2129 eversio,
3834 2057 3891 2115 et
3932 2050 4050 2117 illa
4089 2050 4313 2118 Pauli:
4355 2053 4579 2118 insani

579 2166 878 2245 Galatae,
932 2170 990 2230 et
1045 2168 1241 2229 cavete
1276 2183 1489 2242 canes,
1532 2162 1886 2229 cuiusmodi
1937 2163 2186 2228 tandem
2237 2162 2529 2244 fuerint?
2618 2162 2921 2244 Quamvis
2970 2167 3178 2227 autem
3231 2181 3372 2227 cum
3412 2163 3557 2228 istis
3608 2163 3778 2227 omni
3830 2164 4178 2245 exceptione
4220 2162 4575 2230 maioribus

571 2278 831 2344 minime
867 2274 1225 2358 'sorderendi
1264 2278 1414 2341 sunt
1452 2275 1810 2356 consequuti
1837 2274 2138 2339 ecclesiae
2179 2273 2468 2353 doctores,
2512 2274 2701 2357 quasi
2729 2273 2889 2354 pari
2920 2274 3191 2356 spiritus
3220 2293 3518 2339 mensura
3536 2272 3860 2355 praediti.-
3902 2274 3973 2339 in
4015 2294 4085 2340 eo
4116 2274 4583 2342 tamen-similes

521 2386 1407 2470 ‘nondubitopronunciare
1446 2384 2287 2468 quodeodemspin‘tupro
2331 2405 2448 2450 suo
2491 2384 2737 2451 modulo
2779 2384 2991 2451 donati
3034 2384 3290 2451 eandem
3330 2385 3869 2469 causameqerint.
3965 2385 4144 2451 Talis
4181 2386 4314 2469 fuit
4354 2385 4580 2453 adver-

569 2522 689 2570 sus
719 2500 1127 2578 Marcionem,
1165 2497 1504 2576 Praxeam,
1542 2496 1992 2581 Heu-moyenem
2029 2495 2489 2563 Tertullianus.-
2530 2497 2602 2562 in
2636 2496 3004 2564 Eudoxiam
3041 2494 3539 2580 Chrysostomus:
3580 2498 3882 2563 adversus
3918 2478 4252 2562 Iulianum
4292 2496 4582 2565 Naeian-

570 2633 793 2693 mus,
845 2611 1214 2694 quibuscum
1263 2614 1420 2675 certe
1469 2607 1665 2674 nolim
1708 2607 2165 2691 Hieronymum
2218 2626 2600 2688 comparare.
2691 2606 3100 2689 Epiphanius
3153 2612 3362 2673 autem
3403 2609 3652 2691 qualem
3704 2628 3836 2674 sese
3892 2608 4197 2675 adversus
4240 2608 4579 2677 haereticos

561 2724 862 2813 praebet?
905 2723 1061 2789 tales
1092 2740 1334 2806 quoque
1365 2725 1586 2787 nostra
1617 2719 1920 2784 memoria
1959 2718 2252 2785 nonnulli
2282 2738 2422 2784 vere
2464 2718 2705 2784 heroico
2739 2718 2991 2800 spiritu,
3031 2718 3331 2801 quoniam
3363 2719 3531 2785 malo
3561 2719 3724 2786 nodo
3756 2719 3947 2786 malis
3978 2721 4193 2785 cuneis
4226 2740 4388 2802 opus
4428 2726 4583 2787 erat.

585 2836 850 2905 Omnino
888 2852 1038 2900 vero
1082 2837 1212 2898 tam
1251 2833 1417 2898 inter
1454 2851 1522 2898 se
1560 2831 1815 2898 diversa
1855 2836 2018 2911 sunt,
2060 2829 2194 2896 Dei
2231 2849 2490 2897 causam
2532 2850 2713 2916 aqere
2752 2830 3164 2896 immoderata
3196 2832 3404 2913 etiam,
3444 2831 3505 2896 si
3538 2831 3696 2913 libet,
3737 2830 4129 2913 vehementia,
4167 2837 4224 2897 et
4255 2837 4475 2915 temere
4506 2855 4581 2901 ac

573 2949 794 3015 vitiose
844 2945 1073 3026 irasci,
1130 2963 1323 3028 quam
1376 2942 1491 3012 lux
1528 2947 1586 3009 et
1625 2941 2116 3010 tenebraeinter
2161 2961 2230 3009 se
2270 2940 2587 3025 differunt.
2677 2941 2903 3026 Itaque
2942 2942 3006 3008 si
3061 2944 3209 3026 quis
3255 2940 3586 3009 Galiaeinum
3635 2944 3929 3026 cuiquam
3980 2945 4322 3014 convicium
4362 2945 4433 3012 in
4476 2946 4581 3013 his

574 3060 833 3142 scriptis
870 3058 1109 3140 fecisse,
1150 3061 1266 3123 aut
1296 3057 1368 3123 in
1395 3055 1658 3141 privata
1691 3073 1891 3121 causa
1921 3056 2062 3121 irae
2091 3053 2451 3134 indulsisse,
2486 3074 2564 3124 ac
2596 3055 2790 3120 midto
2832 3056 3039 3140 moyis
3070 3056 3132 3122 si
3172 3057 3319 3139 quis
3351 3076 3494 3122 eum
3528 3055 3843 3122 mandacio
3865 3058 4338 3140 patrocinatum
4375 3059 4582 3142 fuisse

572 3170 917 3251 convicerit,
959 3175 1093 3235 tum
1133 3165 2255 3254 eqoplanedesententiadecessero.
2325 3163 3190 3251 Sinceroquamanatura
3234 3168 3494 3234 insitam
3539 3167 4284 3251 vehementiamhabebat,
4328 3170 4585 3255 eaipse

575 3284 884 3374 adversus
917 3281 1197 3365 perditos
1229 3279 1547 3364 sophistas
1586 3298 1747 3344 usus
1786 3283 1905 3359 est,
1957 3283 2031 3343 ut
2067 3278 2382 3345 interdum
2425 3279 2617 3345 etiam
2666 3279 2922 3345 modum
2973 3300 3096 3345 non
3135 3280 3405 3346 tenuisse
3445 3280 3913 3361 videripossit,
3956 3301 4108 3365 roqo
4148 3281 4582 3350 moderatissi-

573 3389 4580 3477 mosistoshominesquibusnimiumincalescerem‘dentur,quicunqueipsorummorenonfriyent,utproquoetin

574 3527 760 3591 quem
797 3502 1594 3588 dicaturpauloattentius
1633 3501 1996 3585 expendant,
2037 3521 2235 3584 neque
2275 3502 2546 3570 heroicos
2588 3504 3441 3589 istosspiritusexinyenio
3480 3504 3986 3574 suometiantur.
4055 3504 4254 3570 Etde
4295 3503 4398 3569 his
4438 3505 4582 3589 qui-

576 3618 717 3684 dem
770 3616 1080 3685 badenim.
1173 3613 2520 3682 Suntenimiisistaminimenecessama
2573 3614 2954 3698 quibusper
2994 3635 3064 3682 se
3115 3617 3579 3700 veritassapit.
3669 3615 3775 3682 Iis
3815 3614 4578 3698 autemquosDominus

575 3727 2312 3796 sicmaecavitiaenonmodoconscientiaesedetiam
2349 3727 2664 3809 scientiae,
2703 3728 2864 3807 sive,
2906 3732 2979 3793 ut
3016 3727 3298 3810 loquitur
3332 3728 3670 3811 apostolus,
3709 3725 4581 3812 fideiquoquenaufrayium

575 3839 860 3923 fecerint,
913 3840 1289 3906 insanierim
1328 3839 1584 3921 quidem
1634 3858 1768 3922 eqo,
1822 3837 1883 3904 si
1923 3837 2225 3919 satisfieri
2265 3838 2404 3905 ulla
2444 3841 2904 3922 rationeposse
2952 3840 3350 3921 macerino.
3454 3840 3668 3907 Vincet
3718 3844 3925 3905 manen
3977 3837 4233 3918 veritas,
4290 3842 4408 3905 aut
4446 3837 4581 3905 iam

567 3951 786 4035 potius
826 3952 991 4017 vicit.
1087 3951 1264 4019 Tuae
1303 3971 1444 4017 vero
1474 3950 1884 4032 potissimum
1924 3947 2374 4032 Excellentiae,
2417 3951 2870 4017 Illustrissime
2914 3949 3250 4035 PrincepS,
3300 3950 3409 4018 hoc
3449 3949 3743 4018 eoecellens
3784 3950 4068 4016 volumen
4108 3949 4356 4016 duabus
4386 3970 4577 4032 prae-

576 4063 760 4144 cipue
799 4062 877 4128 de
920 4061 1863 4129 causisconsecrandumduoei.
1941 4060 2147 4143 Quum
2187 4062 2358 4129 enim
2397 4062 2827 4129 iniuria-stibi
2868 4063 3443 4130 maxirnasillatas
3482 4064 3577 4128 ita
3616 4062 3712 4128 sis
3752 4060 4572 4143 adhucfortissimomaoei·

578 4192 799 4257 moque
842 4174 1518 4257 animopersequutus,
1561 4174 2281 4255 utquacimqueteius
2323 4175 3168 4256 etaequumcircumdutcit,
3234 4171 4574 4257 Chrisnmquoounquepmenisnsiml

578 4284 1021 4367 introduxeris,
1065 4285 1321 4367 eiusque
1360 4304 1624 4368 reynum
1662 4282 1780 4351 hae
1820 4284 2061 4350 ratione
2101 4290 2403 4367 quantum
2443 4286 2660 4353 nullus
2702 4286 2905 4353 adhuc
2945 4291 3160 4353 nostra
3200 4286 3507 4352 memor&
3534 4286 3836 4369 princeps
3875 4282 4320 4367 amplificari-s,
4364 4285 4580 4352 wisn-

578 4396 1430 4478 mavinonpossemetibi
1484 4395 2144 4477 tampraeclarerem
2193 4395 4574 4483 qestamauspicatiusyratulariquamsieiushominisscriptaquam

579 4508 1016 4574 enuditissima
1066 4509 1139 4573 in
1191 4527 1395 4573 unum
1445 4506 1555 4574 hoc
1606 4506 1798 4572 veluti
1847 4527 2075 4590 corpus
2128 4513 2410 4593 conyesta
2450 4510 2567 4576 tibi
2609 4529 3060 4589 consecrarem,
3117 4530 3237 4592 quo
3279 4508 3497 4575 nullus
3549 4508 3659 4575 hoc
3699 4512 3905 4574 nostro
3943 4506 4191 4574 saeculo
4234 4506 4580 4594 (sinyidari

580 4618 849 4701 quodam
897 4617 1031 4702 Opt.
1075 4617 1260 4685 Max.
1299 4618 1430 4684 Dei
1462 4618 1772 4704 beneficio)
1815 4619 2194 4703 reipublicae
2233 4620 2616 4687 christianae
2644 4622 2969 4711 pomoeria
3021 4621 3267 4706 lonqius
3309 4620 3704 4705 propayavit.
3787 4616 4038 4685 Deinde
4079 4639 4275 4702 quum
4314 4638 4423 4685 eae
4463 4617 4579 4684 tibi

572 4729 938 4813 provinciae
988 4731 1122 4796 sint
1161 4753 1203 4797 a
1244 4730 1382 4797 Deo
1423 4728 1755 4796 attributae
1807 4750 1971 4813 quas
2021 4735 2258 4797 constat
2297 4732 2577 4797 omnium
2617 4734 3307 4815 portentosissimam
3346 4732 3703 4810 haereseon,
3759 4731 4183 4816 cuiiascunque
4222 4730 4469 4796 tandem
4511 4730 4582 4796 id

583 4841 774 4923 culpa
811 4840 945 4923 fiat,
986 4842 1191 4908 adhuc
1227 4843 1663 4926 feracissimas
1700 4842 1921 4925 fuisse,
1964 4843 2203 4921 merito,
2246 4843 2319 4907 ni
2356 4843 2568 4926 fallor,
2612 4844 2807 4909 statui
2846 4842 3017 4910 nihil
3054 4845 3264 4928 mayis
3304 4848 3602 4925 oportune
3632 4861 3823 4925 posse
3860 4841 4007 4924 fieri
4048 4861 4233 4926 quam
4278 4839 4406 4904 tuis
4446 4839 4584 4906 illis

580 4951 951 5034 fortissimis
1006 4953 1269 5021 ducibus
1310 4955 1535 5037 quibus
1576 4955 1663 5021 ad
1710 4951 2015 5020 Satanam
2055 4952 2285 5020 hostem
2336 4953 2520 5020 illum
2561 4954 2841 5019 omnium
2893 4955 3168 5022 maxime
3206 4954 3670 5038 formidabilem
3708 4951 4142 5021 debellandum
4176 4950 4404 5030 uteris,
4459 4970 4585 5017 non

583 5068 716 5129 tam
757 5084 939 5130 arnna
980 5085 1170 5147 quam
1212 5066 1796 5143 armamentarium,
1840 5066 2165 5146 mitterem,
2206 5066 2370 5131 unde
2411 5065 2615 5130 omnis
2651 5066 2898 5149 ,φωνὴ
2938 5065 3058 5131 tela
3109 5066 3284 5132 nullo
3334 5066 3573 5150 neyotio
3624 5066 4019 5148 depromant,
4072 5081 4340 5145 quorum
4394 5062 4585 5129 θῆαι»

581 5173 2971 5261 nonmllacmwerientipsodebellatommhostiumsanquinecruentata.
3047 5174 3446 5245 Iiscertesi
3497 5172 4593 5258 dextreutantnoretinhocprae-
