4984 5975
277 1079 282 1092 ’
399 1145 1003 1245 OMNIBUS
1106 1093 1645 1246 CHRISTI
1756 1144 2663 1246 EVANGELIUM
2755 1149 3482 1251 RELIGIOSE
3582 1151 4413 1256 coLENTIBUS

563 1311 997 1381 MJNIS'PRI
1040 1312 1637 1383 GENEVENSIS
1680 1311 2204 1382 EOOLESIAE
2244 1314 2680 1382 GRATIAM
2722 1316 2842 1383 ΕΤ
2886 1317 3225 1394 ΡΑΟΕΜ,
3272 1318 3787 1401 VERAEQUE
3831 1321 4263 1407 PIETATIS

1484 1432 2176 1501 INGREMBN'I‘UM
2218 1435 2283 1500 A
2324 1431 2699 1501 DOMINO
2744 1437 3327 1508 PREOAN'I'UR.

569 1604 674 1671 Ne
717 1606 866 1690 quis
906 1605 1149 1672 eximia
1193 1605 1600 1673 Oatechismi
1643 1605 1844 1671 huius
1884 1607 2094 1671 nostri
2137 1605 2352 1690 eleg-ia

392 1699 748 1776 exspectet,
794 1691 993 1759 talem
1036 1713 1178 1758 esse
1220 1692 1503 1759 libenter
1526 1693 1935 1770 confitemur,
1979 1704 2054 1758 ut
2091 1691 2354 1758 consul-

391 1779 528 1845 tius
571 1778 873 1844 futurum
913 1779 1115 1844 fuisse
1158 1778 1368 1844 videri
1410 1779 1577 1843 forte
1614 1776 1953 1863 nonnullis
1990 1787 2207 1861 queat,
2253 1779 2352 1861 ip-

391 1884 544 1964 sum
596 1865 776 1931 intra
827 1863 1139 1932 ecclesiae
1196 1873 1457 1930 nostrae
1522 1864 1690 1930 fines
1732 1863 2084 1944 contineri,
2141 1883 2352 1946 neque

391 1949 592 2015 latius
653 1949 1004 2035 invulgati.
1071 1949 1247 2015 Nam
1301 1959 1377 2016 ut
1432 1957 1536 2014 est
1587 1949 1699 2034 pia
1752 1950 1962 2033 magis
2018 1948 2350 2028 facilitate,

391 2055 593 2119 quam
654 2044 850 2102 acuta
892 2036 1286 2119 sublimique
1345 2034 1717 2101 eruditione
1758 2035 2166 2118 conscriptus
2180 2087 2198 2114 ,
2258 2036 2352 2099 ita

390 2142 620 2186 rarum
655 2121 982 2205 quendam
1017 2120 1352 2187 doctrinae
1385 2121 1678 2187 fructum
1713 2120 1865 2186 inde
1894 2120 2114 2207 colligi
2138 2139 2349 2203 posse,

391 2208 783 2291 praesertim
818 2209 996 2273 inter
1050 2208 1292 2273 latinos
1349 2207 1684 2286 homines,
1728 2228 1862 2272 non
1904 2205 2066 2272 adeo
2108 2227 2353 2290 magna

394 2313 548 2376 spes
583 2302 703 2359 est.
772 2293 1004 2377 Neque
1047 2314 1206 2360 sane
1241 2314 1504 2360 eramus
1545 2292 1788 2358 edituri
1802 2345 1818 2372 ‚
1863 2293 1994 2358 nisi
2036 2313 2156 2358 nos
2202 2291 2349 2372 alia,

433 2399 592 2444 uam
635 2378 1025 2446 industriam
1069 2387 1365 2445 nostram
1408 2376 1585 2462 apud
1619 2387 1882 2444 exteras
1923 2387 2158 2477 gentes
2192 2399 2351 2444 ven-

392 2399 667 2545 ditandi,
711 2467 881 2531 ratio
924 2465 1322 2550 impulisset:
1368 2484 1568 2549 quam
1610 2464 1758 2530 ideo
1791 2465 1980 2531 vobis
2024 2484 2351 2548 exponere

393 2549 573 2631 libet,
619 2572 705 2618 ne
749 2553 896 2636 quis
939 2551 1243 2618 editionis
1298 2551 1491 2617 istius
1534 2550 1880 2617 consilium
1919 2571 2105 2616 secus
2147 2552 2351 2616 inter·

395 2645 716 2720 pretatur,
761 2657 957 2721 quam
999 2638 1261 2702 animus
1304 2645 1529 2702 noster
1572 2636 1813 2702 tulerit.
1862 2635 2056 2718 Quod
2100 2638 2170 2704 in
2216 2638 2352 2719 pri-

392 2723 520 2788 mis
577 2731 805 2790 nostra
857 2724 1102 2790 referre
1156 2723 1399 2789 scimus
1417 2776 1432 2802 ,
1492 2732 1567 2788 ut
1620 2744 1691 2788 se
1732 2731 1967 2787 mutua
2007 2722 2353 2787 dilectione

394 2807 704 2875 ecclesiae
759 2830 986 2875 omnes
1031 2809 1579 2892 complectantur,
1620 2829 1756 2874 non
1799 2807 1930 2874 alia
1971 2809 2082 2873 via
2115 2807 2350 2873 melius

394 2894 680 2960 obtineri
733 2904 950 2979 potest
964 2947 980 2975 ,
1039 2917 1238 2979 quam
1291 2896 1349 2961 si
1393 2895 1566 2960 ultm
1613 2896 1906 2978 citroque
1948 2905 2354 2976 compertam

396 3002 472 3048 ac
513 2987 823 3048 testatam
858 2982 1146 3048 habeant
1188 3003 1377 3049 suam
1410 2982 1484 3047 in
1505 2981 1792 3049 Domino
1826 2981 2351 3048 consensionem:

396 3087 528 3150 qua
570 3066 759 3133 nobis
799 3067 1063 3133 nullum
1105 3074 1325 3134 exstat
1367 3069 1612 3133 arctius
1655 3067 1994 3135 vinculum
2007 3118 2022 3143 ,
2069 3066 2150 3132 ad
2195 3066 2354 3131 reti—

394 3150 679 3218 nendam
717 3155 1086 3219 animorum
1128 3154 1559 3220 concordiam.
1625 3151 1709 3218 Id
1742 3162 1967 3219 autem
2000 3153 2056 3217 si
2094 3151 2355 3235 quando

395 3238 559 3303 alias
615 3237 1020 3306 conducibile
1075 3240 1216 3318 fuit,
1275 3250 1498 3306 nostro
1544 3250 1719 3305 certe
1762 3238 2024 3306 saeculo
2069 3238 2354 3304 maxime

397 3332 500 3389 est
557 3326 1031 3391 necessarium:
1098 3323 1275 3409 quod
1325 3334 1512 3391 tanta
1563 3325 1888 3390 suffusum
1942 3324 2354 3408 malignitate

395 3410 851 3493 conspicimus,
896 3420 976 3475 ut
1019 3432 1059 3476 a
1099 3411 1284 3476 falsis
1327 3404 1894 3477 criminationibus
1936 3409 2123 3475 'nulla
2164 3411 2352 3475 inno-

397 3497 641 3573 centia,
699 3496 891 3561 nulla
943 3496 1333 3580 simplicitas
1390 3519 1430 3562 a
1483 3496 1960 3580 suspicionibus
2004 3496 2164 3561 satis
2203 3506 2353 3561 tuta

397 3582 503 3648 sit.
560 3579 668 3647 De
701 3581 848 3648 aliis
882 3590 1189 3649 tacemus.
1250 3580 1388 3648 Sed
1423 3604 1541 3647 nos
1576 3582 1702 3665 ipsi
1738 3582 2182 3665 compluribus
2217 3581 2352 3646 iam

396 3668 868 3751 experimentis
912 3668 1064 3751 plus
1105 3668 1266 3734 satis
1309 3667 1521 3734 edocti
1564 3688 1794 3734 sumus
1811 3722 1826 3748 ,
1872 3676 2194 3751 quantum
2238 3666 2352 3732 ‹le-1

396 3752 635 3819 latoria
674 3753 1007 3837 iniquitas,
1053 3774 1185 3819 non
1228 3753 1312 3820 ad
1357 3752 1754 3820 diducendus
1797 3753 1987 3819 modo
2030 3752 2352 3819 bonorum

398 3837 639 3922 alioqui
681 3840 981 3905 virorum
1026 3840 1308 3919 animos,
1364 3839 1480 3906 sed
1524 3840 1829 3906 ecclesias
1870 3860 2126 3923 quoque
2175 3840 2352 3922 ipsas

396 3944 608 4007 paene
651 3924 1060 3992 divellendae
1103 3927 1417 4010 proficiat,
1463 3928 1713 4009 quoties
1757 3925 1838 3992 de
1865 3947 1939 3992 re
1984 3947 2116 3992 non
2158 3926 2352 4009 plane

399 4010 740 4094 explorata
783 4011 1084 4077 sinistros
1130 4031 1426 4077 rumores
1468 4032 1779 4096 spargere
1822 4021 2054 4096 potest.
2142 4010 2353 4077 Porro

398 4103 477 4161 ut
518 4117 657 4162 non
709 4104 959 4169 temere
1010 4098 1445 4182 restinguitur
1483 4096 1858 4164 incondium
1873 4150 1887 4176 ,
1944 4094 2116 4181 quod
2157 4098 2353 4183 longe

400 4180 666 4266 lateque
710 4184 846 4249 iam
886 4184 1239 4251 exarserit:
1299 4184 1393 4250 sic
1427 4182 1668 4249 talibus
1713 4183 1906 4250 malis
1920 4236 1937 4263 ,
1981 4183 2096 4249 ubi
2146 4184 2350 4250 semel

398 4278 632 4333 exorta
671 4268 936 4350 fuerint,
981 4270 1241 4337 obviam
1284 4268 1382 4335 ire
1425 4268 1613 4336 nobis
1657 4291 1878 4336 serum
1921 4277 2037 4337 est.
2103 4270 2353 4336 Mirum

398 4354 576 4419 enim
634 4364 956 4439 quantum
1009 4356 1247 4440 exiguo
1303 4356 1618 4439 temporis
1674 4358 1887 4440 spatio
1955 4368 2179 4438 serpat
2243 4376 2352 4422 ca-

397 4438 813 4507 lumniarum·
847 4443 1058 4509 virus:
1118 4450 1192 4507 ut
1225 4460 1569 4526 nunquam
1608 4440 1859 4508 mederi
1901 4443 2085 4525 prius
2129 4462 2349 4524 queas,

441 4546 598 4591 uam
641 4526 1004 4594 multorum
1056 4536 1311 4611 mentes
1362 4528 1675 4593 infecerit.
1743 4528 1888 4592 Iam
1929 4549 2087 4593 vero
2142 4548 2353 4593 reme-

445 4612 586 4677 'um
628 4611 848 4696 ipsum
889 4634 1202 4698 perquam
1249 4613 1514 4680 difficile
1557 4621 1682 4680 est:
1729 4634 1858 4697 quo
1892 4613 2141 4680 scilicet
2183 4614 2353 4680 diffi-
2402 4628 2408 4655 ⁸

400 4697 590 4763 cilius
607 4749 623 4777 ,
673 4708 968 4766 mentem
1023 4701 1310 4767 hominis
1364 4701 1620 4767 vitiosis
1675 4697 2093 4784 opinionibus
2136 4701 2354 4766 imbu-

401 4790 535 4847 tam
572 4805 949 4871 repurgare,
985 4807 1181 4869 quam
1215 4786 1582 4869 inquinare.
1647 4783 1989 4869 Siquidem
2023 4784 2107 4849 ad
2144 4787 2356 4869 prima

400 4867 644 4936 indicia
694 4871 1148 4955 concipienda,
1218 4872 1388 4937 nihil
1442 4872 1632 4938 nobis
1696 4871 2081 4955 proclivius:
2150 4871 2353 4937 semel

399 4962 700 5038 suscepta
726 4977 862 5022 non
897 4958 1029 5023 nisi
1062 4958 1425 5041 aegerrime
1460 4959 1864 5042 deponimus.
1932 4956 2158 5038 Quum
2198 4977 2354 5043 ergo

403 5042 594 5107 vanis
649 5041 1085 5109 delationibus
1129 5043 1471 5126 aliquoties
1529 5045 1846 5129 exagitati
1860 5097 1876 5125 ,
1933 5044 2355 5111 didicerimus

403 5126 592 5193 valde
638 5148 781 5194 esse
813 5127 1241 5195 metuendas:
1285 5129 1386 5195 iis
1408 5130 1477 5194 in
1518 5136 1881 5214 posterum,
1926 5129 2141 5214 quoad
2181 5130 2354 5210 licet,

403 5232 633 5278 anam
675 5216 1050 5297 praecidere
1107 5213 1455 5294 malumus,
1499 5237 1697 5299 quam
1739 5224 2150 5301 exspectare:
2197 5215 2355 5283 dum

2406 4512 2414 4559 Ἴ·-

2459 1608 2775 1674 consertis
2818 1606 3121 1674 manibus
3162 1630 3315 1680 cum
3350 1609 3481 1675 illis
3525 1611 3910 1677 luctandum
3950 1613 4057 1678 sit.
4136 1612 4217 1679 Id
4250 1635 4412 1699 quo-

2457 1693 2638 1758 niam
2680 1693 2866 1759 nullo
2909 1692 3291 1779 compendio
3344 1698 3707 1779 promptius
3760 1699 4020 1782 assequi
4061 1720 4252 1784 posse
4295 1719 4413 1766 no·-

2458 1778 2557 1844 bis
2578 1778 2987 1858 videbamur,
3034 1801 3234 1864 quam
3269 1782 3325 1846 si
3367 1781 3626 1865 publice
3669 1790 3957 1850 exstaret
4000 1792 4253 1851 certum
4294 1785 4414 1850 ali-

2457 1864 2630 1948 quod
2691 1864 3026 1932 doctrinae
3068 1875 3333 1932 nostrae
3378 1867 3709 1951 specimen
3722 1921 3738 1946 ,
3784 1869 3894 1935 vel
3932 1871 4255 1938 catholica
4294 1888 4412 1956 po-

2457 1951 2588 2016 tius
2610 1949 2995 2031 testificatio,
3028 1950 3522 2019 Oatechismum
3535 1953 3731 2035 hunc,
3797 1956 3869 2020 ui
3897 1956 4009 2022 vul
4140 1957 4153 1971 ‘
4184 1966 4411 2024 nostro

2454 2035 2762 2102 idiomate
2818 2035 3071 2103 dudum
3126 2037 3341 2104 editus
3393 2039 3637 2118 fuerat,
3696 2061 3788 2124 pu
3831 2041 4006 2108 lican
4053 2062 4168 2107 um
4211 2043 4411 2108 etiam

2456 2121 2631 2205 apud
2687 2122 2849 2189 alias
2903 2123 3209 2191 ecclesias
3278 2127 3653 2192 censuimus
3669 2178 3685 2205 ,
3752 2148 3879 2211 quo
3934 2128 4137 2194 veluti
4192 2126 4413 2195 obside

2456 2217 2749 2291 accepto,
2795 2216 3059 2275 nostrae
3102 2230 3326 2276 secum
3364 2211 3627 2277 unionis
3670 2213 3980 2278 certiores
4022 2215 4206 2281 fiant.
4254 2259 4259 2265 ·
4294 2213 4417 2280 Et-

2456 2295 2515 2360 si
2556 2315 2691 2360 non
2726 2293 3067 2379 ambiguas
3102 2316 3258 2361 suae
3301 2317 3460 2382 erga
3502 2317 3625 2362 nos
3668 2298 4163 2366 benevolentiae
4207 2302 4415 2368 since-

2455 2400 2695 2464 raeque
2738 2379 3104 2448 dilectionis
3138 2381 3667 2466 significationes,
3705 2391 3773 2449 et
3812 2384 4261 2468 praebuerunt
4293 2406 4414 2451 an-

2455 2474 2566 2532 tea
2580 2517 2596 2543 ,
2640 2475 2708 2532 et
2749 2465 3011 2533 assidue
3054 2468 3374 2552 praebent
3418 2467 3839 2535 ecclesiastici
3883 2478 4206 2554 pastores,
4247 2492 4411 2555 quos

2453 2552 2737 2635 pietatis,
2781 2553 3250 2619 sanctimoniae
3265 2606 3280 2632 ,
3326 2553 3709 2620 eruditionis
3752 2576 3908 2639 ergo
3951 2555 4219 2638 plurimi
4262 2577 4411 2623 aes·

2455 2639 2779 2704 timamus.
2846 2639 2942 2705 Ut
2977 2647 3290 2724 appareat
3314 2638 3394 2704 de
3429 2639 3765 2725 religionis
3805 2649 4067 2707 nostrae
4101 2643 4411 2726 puritate,

2456 2723 2669 2788 nihilo
2724 2724 2945 2790 minus
2989 2746 3215 2791 secure
3255 2746 3397 2791 esse
3440 2745 3811 2808 persuasos,
3911 2747 4064 2791 uam
4107 2729 4163 2793 si
4204 2728 4414 2793 moni-

2457 2810 2701 2875 mentis
2757 2812 3003 2876 centies
3068 2811 3450 2896 consignata
3502 2811 3688 2877 foret.
3777 2809 3869 2878 Se
3967 2834 4089 2879 nec
4144 2813 4241 2878 illi
4294 2813 4416 2880 soli

2458 2902 2633 2973 sunt,
2680 2915 2961 2978 quorum
3004 2897 3236 2962 haberi
3279 2898 3601 2963 rationem
3643 2897 3981 2965 convenit:
4029 2906 4100 2964 et
4141 2899 4415 2965 minime

2457 2981 2829 3048 timendum
2874 2992 2993 3061 est,
3038 3004 3125 3048 ne
3168 2983 3438 3049 modum
3478 2982 3604 3050 hac
3648 2984 3719 3048 in
3763 3006 3834 3049 re
3860 2983 4300 3065 excedamus,
4342 2985 4417 3050 in

2458 3089 2590 3151 qua
2624 3067 2793 3133 nihil
2828 3069 3110 3133 nimium
3145 3089 3289 3135 esse
3325 3078 3558 3152 potest.
3615 3069 3824 3136 Porro
3861 3069 4242 3151 doctrinam,
4286 3092 4416 3156 qua

2459 3153 2717 3236 plebem
2757 3154 2945 3220 nobis
2988 3174 3029 3218 a
3072 3155 3356 3220 Domino
3409 3154 3933 3222 commendatam
3987 3140 4411 3237 instituimus,

2459 3241 2553 3305 sic
2608 3250 2870 3306 sanctae
2926 3240 3190 3306 veritati
3245 3251 3760 3308 consentaneam
3806 3264 3946 3309 esse
4003 3242 4409 3322 confidimus,

2459 3336 2536 3390 ut
2576 3346 2771 3390 nemo
2816 3327 3074 3391 futurus
3107 3327 3191 3391 sit
3235 3326 3514 3409 piorum,
3559 3328 3670 3411 qui
3714 3348 3849 3392 non
3884 3329 4031 3394 istic
4065 3348 4258 3412 quem
4292 3328 4412 3394 ha·

2458 3411 2572 3477 bet
2612 3409 2693 3476 de
2736 3412 3052 3496 religione
3093 3432 3393 3491 sensum,
3439 3424 3879 3499 recognoscat.
3946 3411 4230 3494 Quando
4272 3435 4409 3479 non

2430 3504 2685 3563 nostra
2737 3497 3041 3581 ingerere
3105 3496 3506 3564 studuimus:
3563 3497 3680 3563 sed
3732 3519 3769 3563 e
3827 3519 3993 3582 puro
4035 3500 4168 3564 Dei
4209 3500 4410 3566 verbo

2455 3593 2722 3667 sumpta
2765 3582 2979 3649 sobrie
3020 3582 3432 3667 fideliterque
3467 3583 3944 3649 administrare.
4008 3584 4413 3649 Praesertim

2454 3691 2611 3735 vero
2655 3669 2765 3753 qui
2809 3690 2943 3734 non
2986 3668 3391 3752 iniquissime
3429 3668 3720 3735 iudicare
3762 3670 4003 3748 volent,
4046 3669 4235 3736 facile
4278 3678 4413 3735 sta-

2455 3764 2643 3821 tuere
2686 3763 3017 3838 poterunt,
3064 3775 3260 3838 quam
3303 3756 3586 3822 iniurius
3628 3754 3739 3820 ille
3794 3754 3980 3819 nobis
4026 3755 4250 3835 fuerit,
4296 3756 4412 3838 qui

2456 3861 2581 3905 nos
2634 3861 2771 3905 non
2822 3842 3043 3907 minus
3107 3840 3381 3907 obscura
3450 3860 3647 3924 quam
3710 3840 3974 3923 obliqua
4040 3841 4413 3925 suspicione

2457 3926 2631 4010 apud
2686 3927 2890 3992 bonos
2946 3946 3223 4012 gravare
3277 3935 3552 3992 conatus
3608 3934 3736 3992 est:
3796 3947 3871 3993 ac
3910 3927 3968 3991 si
4011 3934 4241 3992 nostra
4255 3979 4270 4005 ‚
4327 3926 4408 3993 de

2451 4013 2782 4163 ffirsonali
2814 4014 2888 4077 in
2923 4013 3068 4080 Deo
3110 4033 3246 4078 uno
3289 4011 3722 4091 distinctione,
3768 4013 4097 4079 sententia
4135 4033 4272 4077 non
4307 4014 4408 4079 ni·

2506 4100 2519 4113 ‘
2593 4099 2674 4164 ab
2702 4097 3076 4164 orthodoxo
3131 4098 3438 4165 ecclesiae
3482 4119 3808 4165 consensu
3856 4098 4250 4165 dissentiret.
4315 4099 4409 4164 Et

2453 4185 2566 4250 ille
2610 4183 2895 4268 quidem,
2941 4191 3137 4268 prout
3178 4185 3321 4250 eius
3364 4206 3497 4250 non
3537 4185 3838 4268 impietas
3874 4183 4084 4263 modo,
4130 4184 4246 4249 sed
4287 4184 4410 4249 fla-

2456 4270 2879 4356 gitiosissima
2912 4272 3113 4336 etiam
3148 4272 3287 4337 vita
3320 4279 3627 4350 meretur,
3671 4271 4015 4336 hominum
4048 4268 4288 4337 iudicio
4323 4270 4409 4335 ad

2455 4370 2720 4440 tempus
2774 4356 3035 4440 elapsus
3090 4363 3220 4436 est,
3279 4372 3354 4421 ut
3410 4355 3672 4423 divinae
3723 4357 3955 4422 ultioni
4012 4364 4406 4438 servaretur,

2457 4443 2646 4509 cuius
2700 4443 3082 4509 manifestas
3125 4444 3260 4508 iam
3311 4451 3501 4508 notas
3545 4442 3617 4508 in
3657 4462 3734 4508 eo
3779 4462 4122 4527 apparere,
4179 4463 4405 4508 omnes

2458 4528 2704 4595 vident.
2793 4527 3122 4594 Dominus
3166 4536 3386 4594 autem
3429 4528 3845 4595 innocentiae
3889 4536 4154 4595 nostrae
4188 4527 4408 4595 vindi-

2457 4634 2603 4681 cem
2643 4615 2716 4679 in
2760 4624 3053 4698 tempore
3088 4636 3158 4680 se
3194 4613 3523 4681 exhibuit:
3568 4616 3680 4697 qui
3714 4615 3893 4681 viam
3926 4626 4184 4680 mature
4217 4636 4408 4699 prae-

2458 4700 2658 4767 clusit
2699 4700 3039 4768 mendacio
3074 4709 3213 4766 tam
3246 4699 3633 4783 impudenti,
3673 4722 3759 4766 ne
3796 4700 3902 4766 vel
3935 4709 4230 4784 serperet
4262 4700 4405 4766 lon·

2459 4786 2608 4870 gius
2643 4787 2752 4853 vel
2796 4786 3042 4853 diutius
3076 4786 3202 4869 piis
3236 4787 3604 4869 pectoribus
3638 4785 3969 4852 insideret.
4034 4787 4099 4851 N
4101 4809 4173 4852 os
4210 4799 4405 4867 certe,

2457 4872 2675 4957 gratia
2716 4873 3017 4953 Domini,
3073 4894 3193 4938 nec
3237 4872 3408 4938 male
3450 4871 3614 4939 adeo
3657 4873 3729 4938 in
3770 4874 4111 4957 scripturis
4154 4872 4403 4939 exerci-

2457 4959 2610 5038 tati,
2666 4980 2788 5025 nec
2834 4959 2994 5026 adeo
3037 4958 3383 5023 infeliciter
3420 4958 3667 5026 versati
3711 4981 3965 5039 sumus,
4023 4966 4102 5023 ut
4143 4959 4217 5023 in
4256 4958 4405 5024 luce

2458 5052 2595 5109 tam
2628 5045 2974 5129 perspicua
3004 5046 3463 5112 caecutiamus.
3522 5046 3875 5129 Utcunque
3908 5045 4086 5110 euim
4122 5044 4267 5111 aliis
4302 5046 4406 5108 in-

2459 5131 2689 5196 voluta
2731 5139 2800 5197 et
2840 5138 3103 5196 tantum
3145 5153 3277 5197 non
3321 5131 3678 5217 caliginosa
3716 5130 4015 5199 videatur
4049 5131 4252 5196 istaec
4294 5129 4407 5194 de-

2459 5218 2867 5299 monstratio,
2913 5239 3034 5284 nos
3078 5224 3299 5285 tamen
3332 5218 3468 5286 illic
3502 5220 3574 5284 in
3607 5240 3742 5285 una
3775 5216 3905 5282 Dei
3930 5216 4224 5282 *essentia
4254 5238 4404 5299 per-
