4984 5975
606 299 735 361 243

600 485 956 567 quominus
991 502 1131 547 sese
1164 480 1349 546 velut
1382 478 1682 545 devotam
1723 499 1876 544 arae
1909 478 2244 544 victimam
2288 477 2361 542 in
2405 498 2556 543 cru-

608 572 854 637 ciatum
898 568 1200 633 alacriter
1243 566 1460 644 daret,
1520 567 1663 630 iure
1716 564 1785 629 id
1840 564 2104 648 quidem
2158 563 2329 629 facit.
2420 561 2558 628 Sed

610 656 806 722 simul
850 655 1119 737 cogitet,
1174 652 1393 735 ipsum
1436 671 1571 715 una
1614 650 1737 715 hac
1780 651 2168 734 cogitatione
2211 649 2558 715 infractam

607 741 788 806 illam
827 740 1030 804 animi
1067 736 1591 822 magnitudinem
1612 736 1695 800 ad
1717 744 2087 802 extremum
2123 741 2554 800 sustentasse:

605 826 777 910 quod
820 846 1025 908 quum
1063 829 1356 888 mentem
1395 823 1467 886 in
1500 823 1632 888 Dei
1672 821 2078 899 mandatum,
2123 842 2250 903 quo
2294 819 2378 885 ad
2420 821 2560 903 pie-

606 912 767 977 tatis
824 911 1298 977 confessionem
1356 907 1741 986 vocabatur,
1802 907 2390 991 cogitationemque
2446 905 2559 970 de-

605 999 808 1082 fixam
851 998 1115 1080 penitus
1156 995 1458 1060 haberet:
1516 994 1715 1059 simul
1767 1014 1809 1057 a
1862 993 2106 1058 talibus
2150 992 2557 1076 spectaculis,

606 1104 883 1167 quorum
918 1092 1171 1145 terrore
1193 1080 1500 1151 vacillare
1535 1088 1809 1164 poterat,
1851 1084 2000 1158 [pag.
2027 1084 2091 1157 7]
2128 1086 2335 1143 totam
2371 1098 2560 1143 aver-

607 1167 801 1233 tebat.
862 1168 1110 1233 Vocem
1147 1188 1302 1250 ergo
1337 1165 1542 1231 edidit
1575 1165 1659 1231 ad
1694 1187 1955 1231 omnem
1991 1163 2255 1247 quidem
2289 1165 2559 1227 immor-

607 1255 932 1319 talitatem
975 1251 1500 1331 consecrandam,
1546 1250 1661 1317 sed
1700 1271 1837 1316 non
1878 1250 2072 1315 laude
2115 1250 2328 1334 magis
2361 1269 2560 1332 quam

606 1341 971 1404 imitatione
1013 1336 1299 1422 dignam.
1388 1336 1494 1401 Ita
1525 1345 1625 1403 est
1664 1356 1841 1402 sane.
1931 1334 2380 1418 Quaecunque
2417 1354 2560 1400 sese

606 1425 794 1491 nobis
838 1426 1100 1509 ingerat
1142 1423 1248 1489 vel
1292 1423 1474 1501 boni,
1521 1423 1629 1488 vel
1671 1421 1998 1494 commodi
2053 1422 2332 1504 species,
2387 1440 2558 1504 quae

606 1533 728 1576 nos
768 1512 876 1576 vel
929 1511 1138 1575 latum
1172 1530 1463 1593 unguem
1507 1529 1546 1573 a
1580 1508 1787 1592 patris
1830 1508 2041 1573 nostri
2078 1507 2372 1573 coelestis
2406 1507 2558 1571 obe-

609 1597 857 1662 dientia
900 1596 1219 1662 subducat
1233 1647 1249 1673 ,
1305 1594 1649 1678 confiestim
1706 1614 2048 1659 occurrere
2103 1594 2351 1676 primae
2396 1592 2558 1657 deli-

608 1682 929 1748 berationi
961 1704 1082 1748 nos
1117 1681 1326 1747 decet:
1373 1679 1547 1763 quod
1580 1701 1688 1745 res
1725 1680 1885 1745 adeo
1919 1686 2163 1758 sancta,
2209 1694 2406 1762 quam
2439 1698 2558 1743 no-

609 1767 707 1834 bis
751 1776 1055 1834 sanctum
1098 1788 1239 1833 esse
1285 1767 1476 1831 debet
1510 1765 1958 1849 qualecunque
1992 1765 2118 1830 Dei
2152 1763 2556 1844 mandatum,

607 1874 740 1919 non
763 1865 952 1918 extra
975 1874 1237 1921 omnem
1275 1851 1466 1917 modo
1496 1851 2031 1929 controversiam,
2077 1848 2193 1915 sed
2236 1849 2559 1915 delibera-

607 1941 853 2005 tionem
898 1959 1154 2023 quoque
1196 1937 1413 2021 posita
1448 1938 1550 2002 sit.
1632 1936 1855 2018 Quum
1891 1938 2069 2001 enim
2110 1936 2398 2019 primum
2446 1935 2559 2000 de-

608 2025 888 2091 liberare
931 2025 1120 2090 nobis
1164 2024 1628 2107 permittimus,
1666 2025 1798 2088 iam
1839 2025 2005 2088 fines
2050 2042 2124 2087 eo
2160 2023 2299 2105 ipso
2342 2029 2560 2087 trans-

610 2111 895 2176 silimus:
956 2111 1193 2193 quibus
1239 2110 1560 2189 refractis,
1619 2109 1938 2174 nimirum
1986 2108 2215 2191 procul
2270 2108 2557 2191 evagari,

606 2196 1001 2281 longiusque
1057 2197 1388 2273 aberrare,
1445 2214 1759 2278 perquam
1816 2193 2105 2277 proclive
2163 2201 2279 2258 est.
2368 2193 2557 2258 Haec

608 2290 839 2348 contra
880 2302 1293 2348 communem
1336 2281 1634 2347 omnium
1660 2314 1663 2317 1
1686 2289 2060 2346 nostrorum
2112 2277 2555 2357 timiditatem,

607 2388 744 2432 non
785 2368 1028 2451 absque
1067 2388 1293 2445 causa,
1348 2374 1698 2451 antequam
1741 2365 1825 2431 ad
1867 2366 1986 2432 tibi
2025 2365 2558 2449 respondendum

608 2452 1031 2538 aggrederer,
1091 2453 1375 2537 praefari
1430 2452 1645 2518 libuit:
1707 2452 1885 2536 quod
1940 2451 2200 2517 videam
2259 2451 2399 2517 eius
2453 2452 2558 2536 (ut

605 2540 703 2605 ita
745 2538 989 2622 dicam)
1044 2537 1433 2623 lippitudine
1488 2540 1701 2623 magis
1753 2538 2008 2602 animos
2051 2544 2308 2603 nostros
2350 2537 2558 2620 impe-

609 2624 753 2704 diri,
798 2646 885 2690 ne
921 2644 1155 2690 verum
1188 2625 1311 2690 hac
1347 2626 1418 2689 in
1454 2631 1641 2708 parte
1675 2630 1965 2701 cernant,
2002 2643 2199 2706 quam
2232 2622 2363 2688 alia
2397 2641 2557 2706 qua-

605 2712 713 2777 vis
753 2711 1177 2794 ignoratione.
1246 2712 1347 2777 Ac
1394 2711 1652 2794 longius
1691 2711 1968 2775 fortasse
2001 2708 2069 2773 id
2104 2708 2370 2792 quidem
2412 2709 2554 2786 feci,

608 2816 805 2879 quam
848 2817 954 2861 res
996 2796 1247 2861 ferebat
1276 2796 1444 2878 ipsa:
1494 2804 1563 2860 at
1596 2806 1770 2861 certe
1803 2794 2066 2860 brevius
2101 2796 2316 2873 etiam,
2360 2815 2558 2877 quam

609 2882 806 2948 huius
848 2882 1186 2965 postulent
1227 2881 1467 2946 saeculi
1510 2901 1752 2946 mores:
1797 2880 2059 2963 quando
2088 2880 2406 2963 plurimos
2439 2878 2557 2944 ho-

606 2967 715 3034 die
757 2967 981 3046 video,
1040 2968 1156 3051 qui
1209 2967 1339 3032 nisi
1393 2966 1830 3052 obiurgatoris
1873 2988 1944 3031 as
1992 2985 2229 3048 ereque
2273 2964 2358 3031 ad
2402 2987 2556 3032 san-

609 3055 875 3140 guinem
921 3075 1127 3137 paene
1170 3075 1377 3136 usque
1420 3052 1830 3132 vellicentur,
1885 3073 1925 3117 a
2011 3072 2274 3117 omnem
2316 3049 2556 3117 doctri-

609 3161 763 3205 nam
802 3140 1296 3205 obsurdescunt.
1385 3138 1531 3203 Iam
1574 3138 1751 3204 istud
1795 3157 2055 3221 quoque
2099 3138 2311 3202 nostri
2352 3157 2556 3221 aeque

604 3245 684 3293 ac
728 3226 1137 3292 saeculorum
1182 3224 1478 3289 omnium
1512 3224 1754 3291 vitium
1797 3231 1917 3303 est,
1964 3230 2102 3288 tam
2135 3223 2356 3289 vafras
2390 3244 2551 3303 esse,

607 3312 941 3389 amabiles,
989 3312 1326 3393 captiosas,
1372 3310 1810 3394 speciosisque
1852 3316 2229 3393 praetextas
2272 3310 2555 3373 nomini-

605 3399 745 3477 bus,
792 3397 877 3463 ad
916 3395 1325 3462 illudendum
1365 3416 1917 3481 unumquemque,
1960 3396 2178 3461 carnis
2220 3416 2377 3461 suae
2410 3395 2556 3460 ille-

602 3484 846 3563 cebras,
893 3491 968 3547 ut
1009 3481 1195 3547 illam
1238 3503 1461 3549 arcere
1505 3503 1545 3548 a
1587 3482 1878 3549 consiliis
1931 3481 2201 3559 nostris,
2260 3480 2556 3565 abigere-

516 3643 527 3652 ,
600 3591 750 3653 que,
792 3569 1045 3653 primus
1088 3569 1176 3633 sit
1226 3567 1518 3652 sapiendi
1564 3567 1826 3653 gradus.
1916 3568 2147 3650 Neque
2191 3587 2349 3632 vero
2394 3567 2555 3633 adeo

601 3657 867 3740 ingenio
907 3659 1022 3721 tuo
1066 3653 1307 3732 diffido,
1353 3662 1437 3720 ut
1460 3662 1720 3719 tantum
1761 3656 1834 3719 in
1877 3652 2285 3719 exhortando
2320 3652 2554 3718 verbo-

603 3763 752 3807 rum
794 3743 1126 3825 positurus
1169 3741 1422 3819 fuerim,
1469 3741 1526 3805 si
1560 3741 1656 3805 tui
1691 3740 1887 3806 unius
1913 3739 2032 3805 ’hic
2067 3739 2387 3805 rationem
2432 3738 2554 3804 du-

602 3847 837 3894 cerem.
929 3825 1110 3893 Satis
1152 3827 1330 3892 enim
1373 3847 1698 3909 superque
1741 3835 1878 3890 tam
1920 3824 2212 3908 placidae
2246 3844 2554 3890 mansue-

602 3920 839 3994 taeque
884 3912 1196 3978 docilitati
1235 3912 1436 3977 fuerit
1480 3913 1822 3996 (quantam
1867 3930 2010 3977 esse
2044 3916 2230 3975 tuam
2263 3911 2554 3993 permul-

602 3998 690 4062 tis
732 3995 1118 4062 iamdudum
1162 3998 1572 4082 argumentis
1606 4017 1757 4063 sum
1791 4004 2130 4080 expertus)
2174 3996 2556 4079 simpliciter

603 4082 1006 4149 admonitam
1049 4104 1124 4149 ac
1168 4084 1463 4148 edoctam
1517 4104 1675 4149 esse.
1764 4084 2017 4147 Verum
2063 4081 2221 4147 dum
2263 4082 2553 4165 postula·

602 4169 692 4234 tis
733 4167 865 4232 tuis
899 4168 1211 4250 privatim
1231 4170 1605 4235 satisfacere
1647 4169 1949 4234 instituo:
1978 4169 2131 4251 quia
2165 4174 2390 4233 tamen
2410 4169 2551 4234 eius
2585 4169 2594 4176 ¹

602 4254 862 4339 generis
905 4273 1012 4318 res
1055 4263 1183 4331 est,
1231 4254 1310 4319 de
1352 4275 1482 4337 qua
1522 4255 1922 4340 interrogas,
1978 4254 2052 4319 in
2095 4273 2225 4336 qua
2268 4261 2336 4317 et
2376 4255 2550 4336 peri·

601 4339 820 4407 culose
854 4345 920 4403 et
939 4338 1142 4423 vulgo
1173 4349 1500 4422 peccatur,
1535 4362 1671 4406 non
1704 4341 1966 4418 frustra,
2003 4358 2125 4404 nec
2158 4340 2300 4404 sine
2333 4339 2552 4406 fi-uctu

601 4425 819 4508 aliquo
841 4426 1167 4490 facturum
1198 4446 1304 4489 me
1335 4426 1723 4504 existimavi,
1762 4426 1819 4491 si
1855 4425 2085 4491 eadem
2118 4425 2317 4490 simul
2351 4445 2552 4508 opera

601 4510 1048 4594 compluribus
1091 4532 1196 4575 me
1230 4510 1538 4579 docendis
1573 4512 2148 4590 accommodarem,
2193 4512 2304 4594 qui
2335 4511 2408 4576 in
2441 4531 2548 4577 eo-

601 4595 753 4662 dem
782 4604 1136 4662 versantur
1165 4618 1414 4663 errore:
1456 4607 1534 4663 ut
1575 4602 1632 4664 si
1673 4599 1787 4683 qui
1816 4598 1982 4663 forte
2014 4617 2239 4663 eorum
2275 4598 2345 4662 in
2376 4596 2548 4665 hanc

600 4681 970 4766 Epistolam
1003 4682 1359 4749 inciderint
1388 4685 1456 4769 (e
1503 4706 1541 4750 o
1574 4692 1797 4751 autem
1829 4704 2058 4750 omnes
2088 4682 2378 4749 incidere
2413 4704 2548 4749 non

564 4796 578 4809 ·
600 4768 793 4834 modo
836 4767 1028 4834 facile
1078 4770 1321 4852 patiar,
1379 4790 1449 4835 se
1547 4771 1748 4836 etiam
1786 4770 2214 4836 vehementer
2255 4771 2544 4853 cupiam)

599 4851 723 4920 sibi
756 4872 1016 4938 quoque
1059 4855 1372 4939 scriptam
1414 4863 1676 4939 putent:
1723 4863 1791 4923 et
1820 4855 2142 4940 siquidem
2178 4854 2546 4922 auscultare

599 4939 842 5018 volent,
890 4939 1175 5006 habeant
1215 4962 1415 5026 quam
1458 4952 1819 5026 sequantur
1857 4943 2054 5009 officii
2100 4941 2204 5007 sui
2246 4939 2545 5006 admoni-

598 5026 874 5092 tionem:
922 5027 1028 5093 sin
1057 5028 1295 5107 minus,
1328 5026 1778 5093 mstimonium
1813 5028 2047 5095 saltem
2085 5026 2440 5094 adversum
2474 5046 2545 5092 se

596 5112 938 5195 accipiant,
976 5133 1107 5195 quo
1149 5112 1642 5192 convincantur,
1685 5114 1982 5194 scientes,
2023 5113 2409 5198 prudentes,
2469 5133 2546 5179 ac

595 5199 796 5264 etiam
836 5197 1133 5265 volentes
1175 5199 1249 5262 in
1291 5196 1570 5263 exitium
1610 5218 1804 5264 suum
1845 5200 2231 5284 perrexisse.

2272 250 2278 255 ”
2325 285 2792 356 ErlsroLA
2833 290 2886 355 1.

4483 292 4607 355 244

2834 483 2980 558 [pag.
3020 484 3087 559 8]
3142 477 3477 562 Principio
3520 479 3592 543 in
3636 477 3704 543 id
3748 498 3896 555 nos,
3944 477 4127 542 velut
4168 477 4404 545 defixis
4457 499 4608 545 ocu-

2661 564 2745 631 lis
2788 584 3047 647 semper
3078 564 3322 629 intueri
3355 565 3681 644 convenit,
3727 562 3898 647 quod
3933 563 4268 646 discipulis
4300 564 4437 630 suis
4469 582 4607 628 om-

2661 651 2854 716 nibus
2887 651 3195 733 proponit
3226 649 3549 728 Christus,
3586 650 3742 716 dum
3774 650 3985 732 primo
4017 669 4129 714 eos
4159 649 4420 716 scholae
4452 670 4609 715 suae

2662 736 2960 801 tirocinio
3015 736 3246 800 initiat.
3337 735 3511 801 Nam
3565 735 3678 801 ubi
3730 756 3769 799 a
3820 736 3922 801 sui
3974 736 4266 818 ipsorum
4327 736 4609 821 abnega-

2663 822 2841 887 tione
2884 822 3220 905 crucisque
3273 821 3624 887 tolerantia
3673 822 3996 905 auspicari
4050 841 4159 886 eos
4217 820 4465 905 docuit,
4523 821 4609 886 si·

2662 907 2803 972 mul
2846 914 2913 973 et
2957 907 3079 973 hoc
3123 908 3382 974 subiicit
3425 908 3615 992 (Luc.
3655 914 3713 985 9,
3754 895 3899 991 26):
3953 905 4089 987 Qui
4140 927 4248 972 me
4305 915 4373 973 et
4429 926 4610 973 meos

2664 1013 2996 1066 sermones
3021 993 3361 1058 erubuerit
3382 1014 3604 1059 coram
3637 992 4027 1072 bominibus,
4066 991 4244 1059 hunc
4275 993 4454 1059 filius
4491 993 4609 1057 ho-

2663 1078 2862 1143 minis
2905 1078 3271 1158 erubescet,
3316 1099 3521 1162 quum
3563 1079 3822 1145 venerit
3858 1078 3932 1142 in
3973 1078 4315 1144 maiestate
4358 1099 4503 1157 sua,
4545 1084 4613 1144 et

2664 1167 2887 1248 patris,
2932 1172 2997 1229 et
3042 1174 3417 1231 sanctorum
3460 1165 3858 1248 angelorum.
3948 1164 4096 1230 Hoc
4140 1185 4296 1250 ergo
4340 1165 4527 1230 nobis
4572 1185 4614 1230 a

2665 1249 2933 1316 Christo
2965 1249 3272 1329 Domino,
3309 1271 3514 1333 quum
3547 1253 3615 1315 in
3651 1250 3791 1316 eius
3823 1250 4136 1316 familiam
4172 1252 4459 1333 primum
4496 1248 4611 1314 ad-

2662 1337 3026 1415 scribimur,
3073 1335 3242 1401 cdici
3285 1337 3810 1401 meminerimus:
3869 1337 3992 1402 hoc
4034 1343 4426 1419 perpetuum
4468 1356 4614 1402 esse

2663 1422 2978 1501 edictum,
3026 1423 3097 1486 in
3140 1442 3400 1487 omnem
3442 1423 3649 1489 vitam
3692 1421 3775 1487 iis
3819 1421 4337 1505 promulgatum,
4383 1423 4493 1506 qui
4538 1422 4612 1487 in

2661 1509 2800 1573 eius
2841 1528 3044 1591 regno
3088 1509 3339 1574 censeri
3384 1506 3642 1573 volent:
3688 1512 3764 1572 ut
3808 1509 3862 1572 si
3910 1527 4069 1572 vera
4112 1508 4325 1575 cordis
4368 1511 4615 1607 pietate

2663 1593 2804 1660 eius
2848 1593 3137 1676 amplexi
3161 1602 3317 1659 sunt
3359 1592 3742 1673 doctrinam,
3789 1614 3933 1659 eam
3958 1594 4171 1677 ipsam
4215 1592 4428 1660 cordis
4471 1594 4612 1679 pie-

2663 1686 2861 1744 tatem
2886 1687 3162 1744 externa
3205 1680 3602 1762 professione
3627 1678 3976 1745 declarent.
4045 1680 4137 1744 Et
4160 1698 4337 1758 sane,
4362 1687 4612 1762 quanta

2661 1765 2860 1830 fuerit
2901 1766 3302 1848 improbitas,
3355 1786 3505 1830 eum
3549 1765 3723 1829 nolle
3767 1766 3941 1830 inter
3966 1765 4265 1832 homines
4295 1766 4611 1850 profiteri,

2662 1868 2701 1914 a
2743 1872 2872 1935 quo
2916 1871 2986 1916 se
3029 1872 3249 1916 coram
3294 1850 3548 1935 angelis
3583 1852 3845 1934 agnosci
3872 1851 4104 1917 velint:
4153 1858 4221 1916 ct
4263 1871 4461 1939 quam
4484 1850 4610 1917 sibi

2660 1936 2733 2000 in
2773 1936 2950 2002 coelo
2992 1944 3288 2001 constare
3332 1937 3541 2002 velint
3580 1937 3709 2002 Dei
3756 1938 4119 2013 veritatem,
4164 1939 4232 2002 in
4277 1946 4454 2002 terra
4493 1938 4613 2003 ab·

2661 2021 2947 2106 negare?
3014 2020 3237 2103 Quare
3279 2044 3410 2087 non
3455 2029 3555 2088 est
3595 2022 3768 2106 quod
3814 2021 4046 2088 callida
4091 2022 4612 2090 dissimulatione

2659 2109 2792 2172 iam
2836 2107 2945 2175 hic
2988 2108 3113 2173 sibi
3155 2107 3499 2192 quisquam
3529 2107 3795 2191 placeat,
3841 2116 3957 2173 aut
3984 2107 4148 2174 falsa
4175 2109 4441 2191 pietatis
4471 2111 4613 2193 opi-

2661 2194 2856 2259 nione
2900 2193 3300 2273 blandiatur,
3358 2214 3505 2259 eam
3561 2215 3632 2259 se
3692 2195 3910 2259 fovere
3967 2195 4035 2258 in
4095 2194 4288 2260 corde
4331 2196 4426 2259 fin
4509 2216 4613 2277 ns,

2662 2298 2862 2362 quam
2895 2280 3189 2346 externis
3221 2279 3784 2346 testificationibus
3819 2294 4086 2363 prorsus
4116 2287 4385 2346 evertat.
4500 2300 4617 2346 era

2662 2367 2840 2430 enim
2881 2367 3112 2449 pietas,
3158 2387 3383 2432 veram
3429 2367 3901 2432 confessionem
3935 2366 4126 2449 parit.
4191 2366 4331 2431 Nec
4360 2385 4618 2432 vanum

2661 2451 2891 2516 haberi
2935 2452 3130 2517 debet
3170 2451 3341 2535 quod
3386 2452 3478 2516 ait
3506 2451 3758 2535 Paulus
3804 2452 4020 2536 (Rom.
4051 2456 4148 2530 10,
4183 2451 4318 2537 10):
4364 2450 4617 2533 Quem-

2662 2535 3014 2603 admodum
3056 2537 3247 2603 corde
3293 2535 3376 2602 ad
3417 2537 3737 2602 iustitiam
3779 2536 4095 2617 creditur,
4150 2539 4247 2603 ita
4301 2559 4414 2603 ore
4467 2539 4616 2604 fieri

2660 2624 3132 2689 confessionem
3173 2622 3257 2687 ad
3301 2623 3598 2688 salutem.
3687 2623 3992 2706 Denique
4035 2644 4188 2689 suos
4232 2622 4314 2689 ad
4358 2625 4618 2691 confes-

2661 2708 2911 2773 sionem
2950 2716 3144 2774 vocat
3175 2708 3533 2773 Dominus:
3580 2728 3777 2791 quam
3821 2710 3936 2792 qui
3981 2709 4360 2788 detrectant,
4406 2710 4618 2776 alium

2660 2793 2787 2859 sibi
2823 2795 3212 2877 magistrum
3245 2802 3565 2878 quaerant
3607 2802 3887 2877 cp‘ortet:
3935 2796 4194 2878 quando
4227 2795 4311 2860 ab
4341 2816 4416 2861 eo
4452 2796 4620 2861 ferri

2662 2900 2812 2945 cum
2839 2880 2883 2959 ¹)
2946 2900 3068 2945 sua
3123 2880 3537 2945 simulatione
3595 2900 3726 2947 non
3783 2890 4074 2963 possunt.
4165 2879 4461 2961 Quaerat
4503 2882 4620 2950 hic

2660 2966 3011 3049 quispiam:
3069 2964 3247 3031 Num
3306 2966 3513 3050 igitur
3554 2967 3665 3049 qui
3715 2967 3891 3032 inter
3933 2966 4206 3051 impiam
4261 2989 4337 3034 ac
4380 2988 4619 3051 super-

2661 3052 2984 3118 stitiosam
3015 3052 3508 3117 multitudinem
3542 3054 3738 3136 pauci
3770 3074 3844 3118 ac
3880 3053 4156 3137 dispersi
4179 3053 4417 3119 vivunt
4448 3054 4616 3120 fide-

2659 3137 2784 3215 les,
2841 3138 2950 3216 iis,
3010 3157 3140 3221 quo
3183 3137 3379 3204 fidem
3424 3158 3612 3204 suam
3655 3140 3782 3204 rite
3827 3141 4288 3219 testificentur,
4345 3160 4619 3207 necesse

2659 3225 2748 3289 sit
2789 3231 3164 3307 opportune,
3209 3225 3604 3307 importune,
3650 3224 3905 3309 publice
3940 3225 4137 3290 simul
4181 3244 4256 3290 ac
4294 3227 4619 3309 privatim

2659 3310 2730 3375 in
2753 3330 3023 3375 suorum
3043 3310 3452 3393 popularium
3478 3310 3882 3395 impietatem
3905 3309 4286 3377 vociferari?
4312 3310 4395 3376 ad
4416 3332 4617 3396 prae-

2660 3393 3002 3462 dicandam
3031 3394 3161 3461 Dei
3196 3397 3541 3461 veritatem
3572 3396 3823 3480 plateas
3858 3395 4220 3481 occupare?
4258 3419 4334 3462 su
4428 3404 4618 3466 estus

2659 3480 3136 3548 conscendere?
3196 3483 3535 3560 conciones
3579 3480 3945 3548 advocare?
3999 3483 4277 3548 Minime
4320 3484 4344 3546 i
4430 3506 4614 3551 vero.

2659 3566 2840 3648 Quin
2893 3568 3109 3651 potius
3163 3589 3368 3651 quum
3418 3567 3836 3650 peculiariter
3891 3568 3975 3634 ad
4014 3568 4201 3634 verbi
4252 3568 4353 3632 sui
4408 3570 4616 3635 mini-

2659 3655 2933 3719 sterium
2977 3661 3268 3719 accersat
3309 3655 3635 3719 Dominus
3678 3655 3818 3721 sive
3861 3655 4185 3737 apostolos
4201 3706 4216 3732 ,
4273 3656 4413 3720 sive
4502 3677 4616 3722 ro-

2704 3739 2912 3816 hetas,
2960 3740 3100 3804 sive
3144 3741 3438 3817 nuncios,
3486 3761 3601 3805 seu
3632 3761 3760 3823 quo
3794 3740 3925 3812 alia
3965 3740 4230 3806 nomine
4274 3741 4463 3823 appel
4492 3761 4617 3807 are

2707 3823 2845 3903 bet,
2905 3845 3181 3906 quorum
3226 3846 3418 3913 voces
3472 3825 3732 3909 publice
3786 3846 4136 3909 personare
4177 3825 4370 3892 velit:
4424 3826 4616 3893 idem

2658 3910 2738 3975 ab
2783 3909 3083 3976 omnibus
3125 3912 3370 3994 passim
3418 3911 3660 3976 tentari
3692 3910 3851 3978 adeo
3883 3933 4147 3980 necesse
4190 3932 4320 3977 non
4366 3923 4488 3990 est,
4535 3921 4615 3980 ut

2656 4016 2778 4061 nec
2822 3995 3088 4060 omnino
3132 3997 3452 4080 expediat,
3497 4016 3572 4062 ac
3614 4019 3700 4063 ne
3745 3998 3973 4064 deceat
4000 3996 4283 4082 quidem.
4350 3996 4613 4079 Quam-

2655 4081 2879 4146 obrem
2937 4081 3060 4147 hoc
3115 4083 3441 4167 agendum
3484 4085 3725 4167 magis,
3783 4091 3859 4149 ut
3908 4084 4157 4169 singuli
4209 4083 4366 4165 quid
4410 4104 4610 4151 voca-

2655 4168 2815 4232 tioni
2859 4187 3036 4245 suae,
3082 4188 3330 4252 suoque
3372 4167 3588 4234 ordini
3630 4171 4005 4248 conveniat,
4049 4190 4169 4253 pro
4212 4189 4284 4234 se
4327 4171 4612 4254 quisque

2653 4253 2966 4338 cogitent:
3014 4254 3119 4319 cui
3163 4256 3218 4319 si
3262 4256 3505 4339 optime
3545 4255 4001 4337 respondeant,
4047 4255 4220 4339 quod
4263 4256 4462 4321 officii
4497 4257 4612 4322 sui

2654 4347 2755 4404 est
2795 4340 3222 4424 praestabunt
3273 4342 3472 4406 etiam
3527 4342 3785 4424 optime.
3876 4340 4061 4422 Quos
4102 4341 4286 4406 verbi
4329 4342 4434 4407 sui
4477 4342 4610 4407 mi-

2653 4424 2924 4490 nisterio
2962 4425 3288 4492 Dominus
3334 4427 3643 4505 destinat,
3696 4427 3778 4492 iis
3822 4426 4028 4493 veluti
4072 4426 4400 4511 publicam
4452 4449 4610 4512 per-

2650 4531 2880 4576 sonam
2921 4512 3229 4595 imponit,
3274 4520 3352 4577 ut
3394 4532 3620 4577 eorum
3664 4533 3793 4576 vox
3833 4513 3905 4578 in
3948 4512 4092 4579 luce
4135 4519 4440 4579 versetur
4458 4565 4476 4593 ,
4533 4521 4610 4579 et

2650 4616 2847 4679 super
2870 4605 3055 4676 tecta,
3097 4617 3172 4664 ac
3195 4606 3508 4688 tanquam
3534 4595 3729 4662 tubae
3752 4597 4022 4685 clangor
4041 4598 4383 4664 exaltetur.
4431 4599 4612 4666 Gae-

2649 4684 2807 4748 teris
2850 4683 2942 4750 sic
2984 4703 3024 4754 a
3065 4683 3323 4767 publico
3355 4682 3794 4767 apostolorum
3828 4705 4102 4750 munere
4138 4684 4610 4751 abstinendum

2649 4776 2779 4848 est,
2834 4776 2913 4834 ut
2963 4769 3258 4853 privatae
3301 4777 3524 4834 tamen
3567 4770 3741 4834 vitae
3797 4773 3944 4849 [pag.
3979 4771 4049 4851 “9]
4115 4771 4343 4836 officiis
4399 4770 4611 4837 Chri-

2649 4855 2894 4921 stianos
2938 4876 3010 4921 se
3050 4875 3192 4919 esse
3234 4854 3682 4937 profiteantur.
3772 4855 3919 4922 Hoc
3961 4856 4117 4940 quia
4159 4863 4346 4922 tanta
4377 4855 4608 4926 brevi-

2648 4949 2782 5007 tate
2825 4939 3165 5007 commode
3209 4939 3520 5023 explicari
3562 4958 3699 5005 non
3740 4949 3984 5026 potest,
4042 4941 4232 5026 quale
4274 4942 4390 5022 sit,
4446 4942 4607 5027 plu-

2787 5212 2846 5280 1)
2884 5228 3021 5281 cum,
3061 5212 3318 5269 omittunt
3349 5213 3471 5270 edd.
3506 5213 3812 5271 raca-1576
3847 5229 3994 5286 seqq.
