4984 5975
523 316 670 384 XX
1705 250 2252 381 TRAOTLTUS
2298 309 2887 381 THEOLOGIOI
2927 310 3371 379 MINORES.

840 504 1147 588 Quatuor
1193 510 1458 569 tantum
1497 508 1654 569 sunt
1708 503 1861 569 folia
1901 500 2394 587 praeliminaria
2407 552 2424 582 ,
2478 506 2742 585 praeter
2792 501 3082 581 titulum,
3126 500 3342 566 Bezae
3381 498 3720 583 epistolam
3763 497 4229 569 dedicatoriam
4269 501 4353 567 ad
4397 505 4542 572 Gu'·

523 615 828 683 lielmum
869 617 1233 701 principem
1276 616 1710 681 Arausiaoum
1755 615 2070 698 scriptam
2127 621 2196 679 et
2247 611 2534 680 indicem
2573 613 2992 680 continentia.
3083 611 3470 696 Sequuntur
3506 612 3839 677 terniones
3880 612 4242 696 nonaginta
4282 636 4540 697 novem,

529 728 793 809 A—Z;
855 728 1192 807 Aa—-Zz;
1237 726 1614 806 AA—-ZZ;
1658 726 2110 805 AAa-ZZz;
2155 724 2691 808 AAA-GGG)
2746 723 2859 807 qui
2899 744 3252 790 numerum
3292 722 3686 807 paginarum
3729 724 3977 788 faciunt
4006 745 4149 791 esse
4198 723 4361 783 1188
4406 739 4541 785 non

535 843 564 901 l
580 842 701 903 168
746 844 822 904 ut
863 840 1027 904 vitio
1071 858 1419 923 operarum
1464 837 1779 920 scriptum
1825 844 1942 903 est.
2029 837 2158 902 His
2201 833 2849 919 comprehenduntur
2889 841 3207 919 tractatus
3248 833 3596 917 theologici
3641 835 3903 919 proprie
3944 836 4037 902 sic
4071 834 4246 902 dicti.
4335 824 4543 898 Acoe-

528 948 645 1030 dit,
689 971 886 1034 quem
925 951 1057 1016 iam
1104 949 1337 1016 titulus
1380 947 1818 1033 promittebat,
1867 946 2159 1015 Senecae
2197 948 2365 1014 liber
2405 947 2488 1012 de
2530 946 2924 1025 Clementia,
2971 944 3088 1013 sed
3131 945 3506 1030 appendicis
3546 945 3689 1012 loco
3732 966 3772 1010 a
3815 946 4058 1012 maiore
4099 966 4367 1031 corpore
4410 944 4542 1010 dis-

533 1062 724 1128 tincti
771 1070 838 1127 et
879 1062 1187 1129 facillime
1227 1059 1601 1145 separandi:

841 1158 1349 1245 IOANNIS
1412 1157 1922 1241 OALVINI
1987 1156 1999 1260 1
2053 1169 2156 1235 IN
2197 1170 2279 1235 L.
2328 1168 2687 1235 ANNAEI
2729 1168 3176 1249 SENECAE,
3219 1169 3229 1253 ι
3266 1177 3554 1233 noum
3597 1179 4003 1235 scniroms
4048 1180 4143 1235 Ac
4181 1171 4191 1255 ι
4230 1194 4542 1233 ‚mmmm

529 1309 840 1361 onmem,
871 1310 1052 1347 maon
1098 1292 1108 1355 Ι
1151 1282 1313 1348 duos
1371 1282 1451 1347 de
1503 1281 1883 1361 clementia,
1934 1281 2018 1347 ad
2069 1281 2407 1348 Neronffln
2453 1279 2467 1369 Ι
2515 1280 2886 1359 Caesarem,
2945 1279 2955 1365 Ι
3023 1278 3730 1346 GOMMENTARII.
3818 1288 4177 1356 (Emblema)
4248 1278 4540 1346 GENE-

543 1418 751 1500 VAE,
803 1419 814 1505 Ι
852 1407 1119 1520 Apud
1164 1409 1529 1490 Petrum
1572 1405 2331 1513 Santandreanum,
2389 1412 2400 1517 Ι
2470 1419 2565 1484 Μ.
2590 1417 2675 1483 D.
2699 1416 3028 1484 LXXVI.

844 1528 1021 1596 Sunt
1060 1531 1260 1598 huius
1307 1529 1685 1615 appendicis
1728 1531 2061 1595 terniones
2104 1536 2356 1613 septem
2401 1528 2680 1615 (A—G)
2725 1551 2875 1596 cum
2916 1528 3070 1594 folio
3116 1551 3245 1595 uno
3290 1550 3636 1595 numerum
3684 1529 4057 1609 excedente,
4105 1530 4144 1594 i.
4189 1551 4244 1596 e.
4291 1530 4359 1595 in
4405 1537 4543 1595 toto

529 1641 687 1707 folia
727 1642 1184 1708 Romanorum
1226 1662 1410 1708 more
1454 1643 1715 1726 signata
1755 1640 2021 1706 XLIII.

842 1752 1057 1818 Bezae
1102 1753 1375 1837 epistola
1417 1754 1622 1838 priori
1662 1753 1779 1834 illi,
1826 1752 2098 1837 gallicae
2142 1752 2413 1817 editioni
2456 1753 2807 1836 praefixae,
2855 1751 3186 1838 simillima
3229 1760 3356 1831 est,
3414 1749 3574 1817 adeo
3627 1759 3705 1817 ut
3747 1773 3832 1819 ex
3874 1760 4060 1836 parte
4100 1753 4304 1819 verbo
4349 1760 4542 1819 tenus

526 1862 715 1929 illam
755 1864 1026 1959 referat3
1084 1872 1376 1929 attamen
1431 1865 1585 1959 quia
1623 1863 1890 1930 Calvini
1944 1862 2211 1929 laudem
2255 1869 2322 1928 et
2377 1864 2747 1949 apologiam
2805 1863 3074 1930 exhibet
3117 1864 3368 1930 acriore
3410 1864 3629 1928 animo
3674 1863 3992 1930 adversus
4036 1865 4174 1930 eius
4219 1865 4543 1931 obtrecta-

527 1981 706 2041 tores
749 1975 1080 2059 scriptam,
1126 1976 1252 2042 hoc
1297 1974 1439 2042 loco
1484 1975 1744 2041 silentio
1791 1996 1939 2041 eam
1983 1974 2347 2059 praeterire
2391 1973 2718 2041 nolumus.
4582 1962 4589 1969 ’

525 2146 981 2214 Illustrissimo
1035 2152 1092 2212 et
1130 2148 1565 2229 potentissimo
1623 2144 1920 2228 Principi
1975 2165 2051 2212 ac
2103 2147 2381 2225 domino,
2438 2145 2528 2211 D.
2588 2146 2932 2225 Gubielmo,
2990 2145 3285 2226 Principi
3339 2146 3653 2227 Awraico,
3715 2145 3939 2212 Gomiti
3995 2147 4382 2228 Nassaensi‚
4439 2153 4544 2215 etc.

525 2256 870 2342 Evanyelaeii
921 2255 1162 2324 Christi
1210 2259 1283 2323 in
1339 2258 1722 2324 Hellandiae
1782 2262 1840 2321 et
1894 2256 2240 2324 Zelandiae
2292 2257 2527 2323 insulis
2581 2258 2881 2323 assertori
2938 2257 3286 2338 vindicique
3338 2256 3685 2338 fortissimo
3699 2308 3715 2338 ,
3782 2258 4077 2331 Gratiam
4131 2264 4186 2324 et
4227 2279 4449 2340 pacem
4500 2281 4545 2325 a

2388 2368 2680 2436 Domino.

840 2505 982 2570 Aut
1013 2522 1118 2589 eqo
1160 2505 1542 2571 vehementer
1594 2504 1819 2588 fallor,
1868 2505 1918 2569 I
1920 2504 2322 2571 llustm‘ssime
2366 2503 2694 2586 Princeps,
2740 2509 2855 2570 aut
2887 2511 3141 2588 yratum
3193 2506 3391 2571 simul
3423 2511 3481 2571 et
3523 2505 3675 2572 utile
3726 2507 3796 2571 T.
3842 2504 3921 2570 Ε.
3963 2505 4257 2587 futurum
4309 2529 4544 2574 munus

527 2616 774 2699 adfero,
826 2617 936 2681 sed
977 2617 1056 2681 ab
1100 2616 1227 2681 alio
1267 2618 1692 2697 desumptum,
1749 2637 1828 2681 ne
1871 2619 2211 2697 quisquam
2252 2616 2324 2680 id
2364 2637 2408 2680 a
2447 2635 2548 2680 me
2578 2634 2821 2696 parum
2850 2616 3167 2695 pudenter
3209 2617 3656 2695 emendari,
3702 2622 3813 2681 aut
3853 2639 3897 2682 a
3937 2638 4036 2681 me
4068 2618 4430 2701 quidquam,
4473 2626 4548 2685 ut

529 2726 850 2793 ambitiosi
889 2726 1169 2793 homines
1208 2727 1417 2807 solent,
1443 2733 1700 2808 praeter
1741 2731 1919 2791 tuum
1961 2733 2021 2791 et
2063 2746 2381 2793 commune
2420 2726 2803 2793 commodum
2844 2727 3092 2809 captari
3124 2728 3430 2807 opinetur.
3519 2726 3687 2793 Eius
3729 2729 4005 2794 auctoris
4043 2734 4149 2808 cst,
4193 2732 4306 2811 qui
4347 2752 4544 2813 quan-

529 2843 633 2904 tus
673 2838 776 2902 vir
809 2836 1029 2918 fuerit,
1071 2843 1196 2903 tres
1247 2838 1759 2918 locupletissimos
1802 2843 1980 2904 testes
2020 2836 2332 2903 habemus.
2419 2836 2522 2902 Ac
2547 2838 2837 2918 primum
2878 2837 3130 2920 quidem
3171 2838 3668 2920 amiosissinmm
3700 2840 3911 2922 ipsius
3943 2839 4227 2906 laborum
4266 2862 4545 2925 messem,

529 2950 602 3015 id
655 2953 742 3016 est
793 2948 1278 3016 innumerabiles
1331 2968 1538 3030 paene
1578 2950 1868 3017 ecclesias
1911 2970 2033 3034 per
2077 2950 2437 3016 universam
2480 2950 2866 3031 praesertim
2913 2948 3204 3017 Galliam
3256 2950 3614 3032 dispersas,
3677 2971 3836 3033 quac
3877 2949 3956 3017 ab
3998 2954 4117 3019 isto
4130 3005 4145 3033 ,
4202 2955 4544 3023 secundum

529 3060 761 3141 Deum
791 3065 1054 3142 parente
1093 3079 1161 3126 se
1190 3067 1544 3145 proqnatas
1582 3082 1714 3128 esse
1752 3064 1973 3128 merito
2004 3060 2411 3143 profitentur.-
2453 3061 2675 3128 deinde
2714 3082 2857 3128 vero
2898 3063 2981 3127 ab
3024 3082 3093 3127 eo
3133 3067 3265 3127 tam
3305 3062 3523 3142 multa,
3566 3067 3698 3128 tam
3740 3062 3981 3130 erudite
3994 3115 4010 3144 ,
4052 3070 4183 3130 tam
4223 3066 4545 3149 iudiciose,

529 3177 662 3238 tam
695 3172 888 3237 etiam
920 3172 1285 3254 eloquenter,
1326 3177 1459 3238 tam
1490 3174 1755 3255 denique
1786 3174 2250 3241 admirabiliter
2281 3174 2538 3255 scripta,
2574 3178 2660 3252 ut,
2694 3175 2859 3255 quod
2890 3173 3053 3239 citra
3085 3175 3397 3240 invidiam
3429 3175 3515 3240 sit
3546 3174 3795 3254 dictum,
3831 3196 3992 3257 quae
4022 3176 4089 3240 in
4125 3178 4384 3244 caderis
4415 3181 4546 3245 sin-

527 3283 795 3369 grutaria
835 3283 1087 3363 amm,
1128 3285 1200 3349 in
1241 3283 1356 3351 hoc
1397 3287 1611 3351 omnia
1651 3285 1848 3352 simut
1889 3259 2232 3353 coniuncti
2258 3286 2532 3351 eminere
2561 3285 2759 3367 plane
2798 3287 3148 3351 adeantur.
3229 3286 3391 3352 Istis
3432 3285 3713 3371 ααεαηρο
3754 3287 4172 3353 senissimum
4211 3289 4377 3358 {aaa
4416 3294 4545 3357 ver-

531 3396 688 3461 tutis
728 3414 859 3460 non
895 3395 1185 3479 vulyaris
1227 3397 1659 3477 testimonium,
1703 3399 1868 3479 quod
1907 3398 2215 3463 neminan
2262 3395 2467 3463 Satan
2511 3398 2726 3463 acrius
2765 3416 2959 3479 quam
2999 3417 3197 3463 unum
3243 3396 3578 3464 deinum
3618 3398 3950 3479 lacessivit,
3993 3419 4037 3464 a
4070 3419 4194 3481 quo
4238 3402 4547 3467 nimirum

533 3527 668 3574 sese
709 3508 782 3576 in
811 3508 1055 3589 primis
1097 3507 1186 3573 ad
1220 3508 1434 3573 vivum
1483 3529 1680 3591 usque
1721 3508 1924 3593 (quod
1972 3508 2180 3592 aiunt)
2216 3509 2478 3590 penitus
2532 3509 2820 3576 sauciari
2873 3509 3085 3576 sensit.
3171 3508 3264 3575 Et
3309 3508 3474 3578 hunc
3526 3511 3783 3594 quidem
3825 3511 4059 3576 mirum
4113 3532 4243 3578 non
4277 3516 4370 3577 est
4397 3532 4547 3594 per-

521 3624 787 3701 petuum
828 3619 1059 3685 salutis
1099 3618 1420 3684 horninum
1464 3618 1710 3700 hostem,
1755 3626 1869 3684 aut
1910 3639 2015 3685 eos
2057 3621 2169 3703 qui
2210 3625 2501 3704 apertum
2541 3621 2789 3686 veritat-i
2841 3620 3065 3686 bellum
3097 3621 3483 3701 indixerunt,
3526 3622 3908 3689 Antichristi
3947 3617 4259 3688 nimirum
4290 3625 4548 3689 romani

535 3731 879 3813 mancipia,
919 3751 1062 3796 eum
1103 3750 1146 3796 a
1187 3750 1310 3812 quo
1352 3736 1785 3816 oppuynentur
1826 3732 2111 3797 vicissim
2140 3733 2455 3814 persequi.
2547 3730 2735 3798 Illud
2785 3737 2995 3798 autem
3027 3732 3222 3814 plane
3264 3734 3440 3800 triste
3481 3739 3588 3814 est,
3636 3739 3877 3799 tantam
3916 3753 4047 3801 esse
4074 3754 4269 3816 posse
4296 3735 4546 3817 partim

535 3841 775 3907 erroris
816 3841 1188 3923 efficaciam,
1230 3842 1475 3924 partim
1517 3842 1916 3925 quorundam
1969 3844 2039 3907 in
2081 3843 2295 3923 ipsam
2352 3843 2543 3907 etiam
2582 3844 3019 3909 conscientiam
3069 3843 3235 3908 ultro
3268 3846 3660 3927 peccantium
3701 3843 4183 3926 improbitatem,
4238 3850 4312 3909 ut
4333 3865 4546 3927 paene

534 3973 615 4020 ex
674 3952 812 4017 eius
865 3954 1063 4018 unius
1115 3954 1576 4038 oppuynatione
1618 3955 1907 4036 palmam
1947 3959 2198 4036 petant,
2253 3976 2296 4020 a
2350 3974 2473 4037 quo
2528 3955 2804 4021 maxime
2846 3954 3095 4021 cnidii-i
3137 3960 3491 4037 potuerunt.
3585 3955 3711 4023 Sed
3750 3954 3865 4020 hoc
3905 3960 4112 4021 tamen
4151 3976 4350 4039 usque
4391 3958 4546 4024 adeo

533 4084 767 4131 novum
816 4083 946 4129 non
988 4070 1107 4144 est,
1160 4070 1232 4128 ut
1270 4071 1486 4132 contra
1528 4085 1649 4131 non
1692 4065 1830 4132 alia
1871 4086 2157 4148 unquam
2209 4086 2603 4132 summorum
2653 4068 2943 4133 virorum
2994 4068 3267 4133 conditio
3315 4068 3540 4150 fuerit.-
3597 4067 3783 4133 cuius
3838 4068 3933 4132 rei
3972 4067 4319 4149 praecipue
4359 4066 4589 4134 nobis.

529 4174 887 4256 exemplum
928 4174 1330 4242 Athanasius
1382 4181 1439 4241 et
1481 4174 1956 4260 OErysostonms
1993 4177 2306 4261 praebuit.
2401 4176 2733 4262 Oriyenem
2785 4180 2954 4245 enim
3003 4198 3082 4243 ne
3122 4179 3177 4242 ii
3218 4179 3472 4261 quidem
3514 4179 3676 4244 satis
3716 4198 4017 4244 excusare
4049 4182 4392 4261 potuerunt
4430 4181 4546 4262 qui

529 4292 684 4353 sunt
723 4286 803 4352 ab
844 4306 912 4351 eo
950 4285 1268 4368 fascinati.
1358 4286 1683 4354 Caeterum
1732 4289 1872 4368 iia-e
1913 4309 2001 4355 an
2043 4289 2293 4355 iniuria
2348 4293 2434 4354 tot
2475 4290 2546 4354 in
2589 4311 2730 4356 eum
2778 4291 3058 4371 undique
3097 4289 3294 4356 hostes
3345 4290 3663 4372 ferantur,
3714 4308 3942 4370 operae
3981 4289 4265 4370 pretium
4305 4310 4549 4374 quoque

530 4399 758 4481 fuerit,
814 4397 1166 4480 expendere.
1256 4397 1473 4465 Monet
1512 4399 1832 4466 Dominus
1883 4407 1952 4466 ut
2005 4421 2082 4466 ex
2131 4400 2440 4484 fmctibus
2481 4401 3069 4483 pseudoprophetas
3121 4402 3577 4486 diqnoscamus.
3668 4400 3812 4465 Hos
3848 4398 4096 4481 fruetus
4149 4420 4282 4466 esse
4321 4407 4544 4483 statua,

533 4511 730 4577 vitam
762 4513 818 4574 et
857 4508 1222 4574 doctrinam.
1311 4508 1396 4575 In
1434 4509 1685 4576 Caluini
1723 4512 1856 4577 vita
1887 4513 2045 4594 quid
2083 4513 2197 4579 isti
2238 4515 2486 4581 tandem
2518 4513 2973 4597 reprehendent,
3015 4513 3148 4578 nisi
3179 4512 3289 4579 hoc
3330 4513 3466 4579 illis
3505 4513 3803 4577 vitiosum
3839 4511 4085 4576 videtur
4120 4512 4291 4595 quod
4331 4533 4544 4579 eorum

535 4621 798 4687 minime
849 4618 1085 4685 similis
1121 4618 1301 4700 fuit?
1357 4621 1532 4688 homo
1587 4622 1832 4705 alioqui
1873 4628 2162 4705 peccator
2212 4626 2314 4710 (ne
2354 4628 2504 4708 quis
2558 4627 2653 4691 ita
2690 4625 2977 4691 insaniat
3020 4629 3095 4690 ut
3133 4625 3300 4691 hunc
3352 4645 3395 4689 a
3446 4645 3545 4690 me
3598 4623 3762 4689 velut
3805 4623 3876 4687 in
3927 4622 4079 4689 deos
4127 4624 4359 4707 referri
4399 4643 4543 4689 cum

533 4730 1037 4800 antichristianis
1074 4730 1214 4797 illis
1255 4734 1595 4814 mancipiis
1634 4735 1932 4821 clamitet)
1975 4736 2104 4815 sed,
2148 4741 2220 4801 ut
2259 4738 2474 4802 omnia
2503 4737 2737 4820 paucis
2777 4736 3002 4817 dicam,
3040 4737 3189 4802 istis
3218 4756 3496 4817 prorsus
3535 4734 3903 4817 dissunilis,
3946 4736 4061 4817 qui
4100 4757 4291 4819 neque
4330 4735 4545 4800 cuiecs-

537 4864 731 4928 quam
781 4864 1064 4926 unquam
1110 4844 1389 4928 qratiam
1438 4850 1747 4928 captasse,
1800 4847 1913 4929 qui
1953 4846 2160 4914 nullos
2194 4867 2476 4930 unquam
2518 4846 2786 4914 honores
2826 4848 3161 4913 ambivisse
3175 4897 3190 4925 ,
3246 4847 3359 4928 qui
3401 4847 3618 4913 nuaas
3657 4866 3942 4928 unquam
3984 4867 4127 4930 opes
4168 4846 4297 4912 dici
4326 4845 4544 4925 possit

544 4955 960 5037 quaesivisse,
1016 4955 1122 5020 cui
1163 4960 1365 5020 tamen
1407 4955 1570 5022 nihil
1623 4977 1840 5023 eorum
1881 4957 2082 5039 defuit
2123 4956 2352 5039 quibus
2392 4958 2480 5024 ad
2522 4979 2631 5025 eas
2672 4979 2772 5025 res
2813 4958 2987 5024 abuti
3028 4957 3305 5024 homines
3357 4958 3631 5023 nimium
3681 4957 3866 5024 multi
3918 4961 4366 5024 consueverunt.
4456 4956 4542 5023 Id

533 5086 679 5133 vero
721 5086 805 5132 an
848 5067 993 5131 istis
1035 5067 1249 5148 ipsius
1295 5067 1712 5152 antaqonistis
1764 5069 2097 5148 conveniat,
2140 5087 2349 5134 omnes
2404 5069 2474 5132 in
2528 5088 2801 5151 quorum
2856 5068 3053 5135 oculis
3103 5073 3439 5135 versantur
3489 5069 3828 5137 iudicante.
3916 5069 4001 5135 In
4057 5067 4343 5133 doctrina
4396 5086 4541 5134 vero

536 5178 696 5261 quid
749 5178 862 5243 isti
911 5177 1366 5261 reprehendunt
1379 5178 1417 5244 s
1506 5177 1844 5244 Arrodunt
1896 5180 2190 5246 nonnum
2241 5178 2405 5245 hunc
2457 5179 2558 5244 vel
2608 5179 2793 5245 atum
2843 5179 3048 5246 locum
3116 5201 3194 5246 ex
3246 5181 3455 5263 ipsius
3507 5182 3766 5264 emm-‘s
3818 5184 4194 5262 amium,
4262 5161 4548 5246 nemim
