4984 5975
366 315 488 378 213

364 521 584 566 seeum
617 521 737 566 sua
770 501 1082 566 membra.
1142 498 1328 564 Idem
1362 520 1631 584 prorsus
1665 500 1951 565 Ioannes
1986 500 2132 566 aliis
2154 521 2304 565 ver-

361 584 490 652 bis:
550 584 922 665 Oarissimi,
980 607 1157 651 nune
1199 585 1320 650 filii
1362 586 1490 650 Dei
1534 607 1798 664 sumus,
1854 585 1970 651 sed
2013 585 2308 650 nondum

363 672 671 756 apparuit
712 671 871 754 quid
915 673 1176 736 erimus.
1267 670 1529 738 Scimus
1572 673 1896 754 quoniam,
1944 692 2146 752 quum
2191 692 2306 755 ap-

360 759 677 842 paruerit,
722 757 966 823 similes
1003 758 1061 821 ei
1098 758 1363 835 erimus,
1410 758 1716 840 quoniam
1753 755 2118 823 videbimus
2155 778 2307 822 eum

363 845 558 910 sicuti
601 850 703 908 est
744 843 810 928 (1
851 842 1078 908 Ioann.
1119 846 1176 918 3,
1217 847 1254 906 2
1291 845 1392 925 0.).
1460 843 1613 907 Non
1658 842 1832 920 dicit,
1881 863 1999 907 nos
2033 844 2306 922 interea,

364 930 580 1012 aliquo
623 930 934 1011 temporis
977 929 1343 1006 intervallo,
1390 926 1556 992 nihil
1600 929 1884 993 futuros:
1946 928 2061 994 sed
2104 950 2308 1011 quum

362 1017 570 1081 simus
623 1014 744 1079 filii
787 1015 942 1092 Dei,
1001 1015 1115 1096 qui
1170 1024 1624 1096 exspectamus
1647 1089 1657 1097 ⁴
1681 1014 2152 1079 haereditatem
2194 1034 2312 1097 pa-

367 1102 521 1180 trie,
578 1102 861 1166 sustinet
913 1121 988 1166 ac
1031 1099 1374 1184 suspendit
1418 1102 1973 1183 exspectationem
2019 1109 2310 1165 nostram

360 1188 434 1251 in
479 1186 655 1252 diem
696 1186 914 1265 illum,
971 1207 1097 1269 0110
1139 1186 1210 1250 10
1255 1187 1555 1251 omnibus
1611 1186 1820 1269 gloria
1864 1184 1992 1249 Dei
2034 1186 2309 1251 manife-

323 1273 664 1350 „stabitun
711 1282 778 1338 et
822 1293 942 1337 nos
986 1274 1054 1336 in
1101 1293 1175 1336 eo
1210 1270 1654 1354 gloriabimur.
1721 1272 1852 1337 Hic
1887 1293 2151 1336 rursum
2186 1272 2308 1335 mi-

363 1359 500 1423 rari
546 1357 741 1434 subit,
789 1379 988 1441 quum
1024 1356 1299 1422 audiunt
1329 1358 1458 1425 Dei
1498 1357 1685 1436 filios,
1733 1358 1844 1439 qui
1875 1378 2008 1421 non
2041 1357 2312 1421 redeant
2358 1363 2362 1406 :

363 1444 448 1510 ad
493 1466 726 1509 sanam
769 1454 1085 1521 mentem,
1144 1451 1211 1508 et
1265 1444 1556 1508 sentiant
1610 1442 1780 1508 hanc
1822 1444 2309 1526 generationem

361 1530 807 1595 immortalem
850 1551 1008 1607 esse,
1056 1551 1222 1612 quae
1264 1551 1346 1594 ex
1389 1531 1534 1593 Deo
1578 1538 1677 1594 est
1694 1580 1708 1607 ,
1768 1537 1836 1594 et
1877 1550 2005 1611 qua
2048 1528 2309 1594 divinae

361 1615 877 1681 immortalitatis
935 1636 1163 1681 sumus
1210 1616 1575 1698 participes.
1603 1620 1651 1698 ι)
1741 1613 1874 1680 8οᾶ
1918 1614 2001 1679 ad
2046 1615 2307 1679 institu-

361 1715 509 1767 tum
547 1723 913 1785 pergamus.
1005 1699 1312 1766 Olament
1356 1709 1674 1784 quantum
1713 1701 1940 1765 volent
1953 1741 1972 1776 ,-
2015 1721 2148 1764 non
2193 1719 2308 1765 vo-

363 1789 504 1854 cari
562 1786 930 1853 benedictos
983 1787 1109 1851 Dei
1166 1786 1249 1851 ad
1302 1806 1581 1870 regnum
1636 1796 1788 1851 ante
1843 1786 2013 1850 diem
2066 1785 2305 1863 iudicii,

1882 310 2831 379 PSYGHOPANNYOHIA.

4238 322 4364 383 214

2409 519 2567 565 sane
2600 507 2668 565 et
2700 500 2871 566 laeta
2912 507 2981 566 et
3016 502 3207 567 beata
3229 502 3463 568 merito
3503 504 3857 572 vocabitur.
3931 509 4024 573 Et
4049 510 4355 592 quoniam

2411 585 2759 651 consilium
2781 596 2893 680 est·
2906 585 3137 652 docere
3173 587 3582 655 adversarios
3614 591 3828 676 magis
3858 615 4059 675 quam
4088 616 4353 680 eogere:

2411 671 2824 736 commodent
2879 671 3064 738 nobis
3121 674 3450 757 paulisper
3507 697 3728 756 aures,
3786 677 3946 743 dum
4000 702 4084 745 ex
4140 682 4355 766 figura

2412 758 2652 822 veteris
2694 758 3071 823 testamenti
3115 761 3403 826 eruimus
3437 762 3802 842 veritatem,
3848 786 4057 847 neque
4100 766 4167 832 id
4213 769 4353 833 sine

2412 848 2655 909 autore.
2725 842 3296 924 Quemadmodum
3314 847 3580 930 ⁸Paulus
3622 848 3696 912 in
3739 852 4023 916 transitu
4065 851 4352 917 filiorum

2410 927 2622 992 Israel
2642 936 2886 994 tractat
2906 929 3250 1013 allegorice
3270 932 3684 998 submersum
3706 934 4141 1016 Pharaonem,
4174 939 4352 1004 viam

2410 1012 2816 1080 liberationis
2858 1035 2979 1098 per
3021 1036 3256 1098 aquam
3301 1017 3366 1100 (l
3409 1017 3557 1083 Oor.
3601 1024 3698 1099 10,
3746 1028 3762 1081 1
3814 1022 3921 1104 s.):
3969 1025 4355 1105 permittant
4436 1063 4439 1070 ·

2413 1099 2612 1164 etiam
2654 1100 2840 1166 nobis
2884 1101 3128 1180 dicere,
3188 1104 3261 1166 in
3302 1103 3626 1185 baptismo
3683 1105 4014 1191 submergi
4057 1109 4353 1175 Pharao-

2411 1206 2564 1249 nem
2608 1194 2906 1251 nostrum
2926 1238 2941 1264 ‚
2986 1189 3281 1273 crucifigi
3324 1197 3618 1268 veterem
3661 1192 4020 1272 hominem,
4078 1198 4352 1261 mortifi-

2414 1272 2549 1335 cari
2593 1271 2885 1336 membra
2927 1280 3168 1352 nostra,
3212 1294 3336 1338 nos
3379 1275 3645 1358 sepeliri
3689 1299 3836 1343 011111
3883 1277 4173 1360 Christe,
4234 1286 4351 1360 [fol.

2416 1361 2525 1435 35]
2577 1357 2864 1439 migrare
2915 1381 2951 1422 0
2993 1360 3372 1442 captivitate
3426 1360 3665 1426 diaboli
3724 1384 3800 1428 ae
3849 1365 4124 1446 imperio
4177 1383 4351 1432 mor-

2357 1423 2363 1500 i
2414 1442 2527 1506 tis:
2575 1442 2690 1507 sed
2731 1445 3016 1527 migrare
3061 1444 3382 1510 duntaxat
3423 1448 3494 1511 in
3534 1447 3884 1527 desertum,
3937 1460 4181 1516 terram
4224 1454 4352 1517 ari-

2414 1527 2563 1591 dam
2619 1548 2693 1593 ac
2735 1529 3026 1611 inopem,
3085 1531 3214 1596 nisi
3258 1532 3584 1598 Dominus
3638 1534 3824 1617 pluat
3876 1556 4033 1601 man
4076 1559 4112 1601 e
4154 1537 4349 1618 coelo,

2413 1622 2480 1677 et
2521 1634 2757 1695 aquam
2802 1617 3115 1681 scaturire
3158 1617 3351 1680 faciat
3373 1639 3411 1683 e
3452 1626 3654 1701 petra.
3709 1621 3955 1685 Anima
3990 1624 4167 1687 enim
4200 1644 4352 1689 nos-

2411 1707 2543 1780 tra,
2603 1699 2770 1763 sicut
2827 1708 3001 1764 terra
3044 1703 3187 1766 sine
3230 1723 3396 1785 aqua
3447 1704 3572 1782 illi,
3600 1705 3651 1788 1)
3708 1726 3874 1788 01100
3929 1729 4150 1772 10111111
4210 1730 4348 1773 om-

2357 1831 2361 1840 ·
2412 1786 2599 1849 nium
2640 1787 2916 1868 penuria
2948 1788 3286 1868 premitur,
3334 1788 3538 1853 donec
3580 1790 3691 1854 ille
3732 1792 3902 1873 pluit
3935 1796 4180 1877 gratias
4216 1796 4349 1879 spi-

360 1894 485 1938 000
529 1883 685 1937 ante
726 1873 1023 1956 promitti
1066 1871 1347 1938 salutem
1390 1873 1629 1955 populo
1672 1872 1819 1937 Dei.
1897 1872 2304 1953 Responde0‚
2357 1903 2360 1964 3

359 1958 706 2024 Christum
751 1968 947 2042 eaput
991 1968 1289 2023 nostrum
1327 1978 1487 2037 esse,
1534 1960 1719 2024 cuius
1753 1978 2031 2041 regnum
2068 1965 2136 2021 et
2168 1957 2306 2040 glo·-
2357 1979 2360 2020 ῑ

358 2045 463 2110 110
506 2044 799 2110 nondum
846 2052 1320 2127 apparuerunt:
1368 2045 1424 2108 si
1467 2045 1762 2110 membra
1805 2055 2005 2126 eaput
2049 2064 2307 2124 praeee-

357 2131 542 2208 dant,
577 2151 967 2213 perversum
987 2151 1063 2194 ac
1083 2139 1578 2212 praeposterum
1602 2150 1746 2196 esse
1767 2128 2078 2208 ordinem.
2139 2130 2308 2193 Tum

356 2238 517 2282 vero
563 2238 684 2281 1100
727 2223 1120 2298 sequuturos
1165 2216 1527 2300 principem
1572 2225 1897 2294 nostrum,
1952 2236 2152 2297 quum
2196 2215 2308 2279 ille
2357 2235 2358 2248 ¹

355 2303 586 2368 veniet
627 2303 694 2365 in
739 2302 950 2385 gloria
990 2301 1197 2383 patris
1237 2301 1359 2378 sui,
1403 2310 1473 2366 et
1513 2301 1762 2366 sedebit
1804 2302 1874 2364 in
1917 2299 2071 2365 sede
2107 2301 2308 2364 maie·-
2357 2375 2358 2390 χ

354 2391 550 2455 statis
595 2408 752 2452 suae
797 2388 1065 2466 (Matth.
1111 2391 1207 2465 16,
1248 2390 1326 2449 27
1345 2411 1362 2466 ;
1401 2391 1500 2466 25,
1543 2389 1673 2470 31).
1764 2386 2042 2450 Interim
2086 2394 2309 2450 tamen
2354 2413 2359 2452 ε

233 2469 241 2480 '
355 2476 604 2550 vivere,
651 2473 824 2556 quod
847 2469 950 2537 'ex
987 2473 1131 2552 Deo
1176 2473 1244 2536 in
1286 2472 1475 2537 nobis
1518 2482 1637 2550 est,
1686 2472 1807 2536 1100
1841 2482 1959 2548 est,
2003 2473 2306 2554 spiritum

352 2553 677 2638 nostruin,
723 2559 875 2641 quia
919 2558 1223 2623 Christus
1267 2559 1434 2623 vivit
1469 2560 1607 2648 vita
1650 2570 1902 2623 nostra:
1951 2557 2304 2622 absurdum

351 2647 533 2711 enim
588 2667 758 2722 esse,
817 2653 894 2708 ut
950 2645 1211 2709 vivente
1255 2645 1392 2708 vita
1445 2652 1702 2722 nostra,
1760 2665 2101 2726 pereamus
2159 2644 2301 2725 ipsi.

347 2732 590 2796 Vitam
625 2742 845 2795 autem
881 2730 1053 2795 110110
1088 2739 1156 2794 et
1189 2730 1362 2812 apud
1401 2730 1636 2808 Deum,
1679 2737 1746 2795 et
1782 2750 1930 2794 cum
1964 2729 2108 2793 Deo
2143 2751 2302 2807 esse,

255 2819 278 2836 “
349 2829 418 2883 et
465 2818 730 2882 beatam
775 2836 947 2893 esse,
996 2816 1151 2897 quia
1191 2815 1262 2880 in
1308 2816 1450 2880 Deo
1491 2816 1595 2880 sit.
1685 2816 1870 2879 Haec
1912 2816 2132 2878 omnia
2178 2815 2302 2880 sibi

348 2915 689 2979 constant,
748 2913 812 2966 et
869 2902 1128 2965 veritati
1185 2902 1620 2967 consentiunt.
1712 2901 1852 2966 Cur
1906 2901 2085 2965 enim
2137 2901 2302 2966 110113

348 2990 514 3055 dum
562 2989 800 3054 salvati
855 3009 996 3053 esse
1041 2987 1366 3063 dicuntur,
1425 2997 1540 3052 aut
1596 3008 1874 3070 regnum
1922 2985 2051 3051 Dei
2095 2988 2303 3070 possi-

347 3074 540 3153 dere,
602 3076 714 3157 qui
769 3075 837 3138 in
879 3073 1164 3138 Domino
1222 3075 1464 3138 mortui
1522 3073 1716 3138 sunt?
1808 3071 1985 3153 Quia
2037 3094 2300 3156 exspec-

346 3172 520 3239 tant,
568 3159 740 3244 quod
783 3159 1076 3224 nondum
1121 3159 1381 3238 habent,
1426 3181 1546 3225 1100
1590 3161 1787 3224 finem
1834 3180 1992 3224 suae
2025 3159 2301 3225 felicita-

343 3249 435 3312 tis
482 3247 864 3329 attigerunt.
933 3244 1075 3310 Our
1116 3244 1541 3310 nihilominus
1585 3246 1759 3309 beati
1801 3245 1999 3311 sunt?
2045 3246 2199 3327 quia
2237 3252 2306 3309 et

341 3334 578 3398 Deum
622 3341 982 3415 agnoscunt
1025 3331 1150 3395 sibi
1193 3332 1568 3414 propitium,
1620 3340 1688 3395 et
1730 3332 2015 3395 futuram
2059 3352 2303 3395 meree-

340 3418 506 3484 dem
564 3418 822 3482 eminus
865 3416 1123 3495 vident,
1181 3424 1246 3481 et
1289 3418 1358 3481 in
1403 3424 1600 3487 eerta,
1625 3418 2108 3500 exspectatione
2151 3415 2302 3481 bea-

339 3518 458 3569 tae
505 3502 1006 3569 resurrectionis
1052 3503 1490 3584 aequiescunt.
1580 3501 1913 3582 Quamdiu
1965 3513 2138 3567 certe
2184 3502 2302 3566 110-

341 3589 644 3655 bitamus
688 3591 757 3652 in
803 3589 924 3654 hoc
968 3608 1225 3654 0010010
1283 3588 1493 3666 lutee,
1551 3608 1889 3670 speramus
1944 3608 2111 3670 quae
2169 3609 2303 3652 non

337 3675 685 3741 videmus:
727 3684 793 3738 et
837 3685 1096 3757 praeter
1139 3694 1339 3756 spem,
1386 3672 1713 3740 credimus
1756 3676 1828 3737 111
1872 3695 2082 3756 spem:
2130 3673 2302 3756 quod

335 3764 440 3827 ait
488 3761 823 3844 apostolus
868 3759 948 3824 de
982 3760 1324 3825 Abraham
1369 3761 1585 3842 (Rom.
1624 3773 1684 3838 4,
1729 3762 1856 3843 18).
1916 3760 2046 3826 Ubi
2081 3769 2304 3824 autem

331 3847 528 3912 oculi
567 3847 809 3911 mentis
849 3856 1126 3924 nostrae,
1173 3847 1280 3927 qui
1326 3867 1504 3910 nune
1549 3845 1790 3928 sepulti
1819 3847 1890 3910 in
1935 3845 2057 3910 1100
2104 3843 2302 3910 001110

333 3934 625 3998 hebetes
670 3940 850 4009 sunt,
896 3932 1322 3997 absterserint
1375 3931 1541 3997 hanc
1585 3932 1770 3998 velut
1821 3930 2299 4014 lippitudinem,

329 4017 728 4084 videbimus
771 4038 937 4100 quae
979 4018 1536 4100 exspectabamus,
1583 4026 1649 4082 et
1687 4020 1760 4082 in
1803 4039 1880 4082 ea
1923 4017 2145 4099 requie
2189 4014 2300 4080 de-

323 4105 761 4171 lectabimur.
833 4103 1061 4186 Neque
1102 4103 1279 4167 enim
1306 4125 1612 4168 veremur
1650 4103 1716 4168 id
1753 4110 1899 4186 post
1934 4102 2301 4186 apostolum

323 4191 588 4269 dicere,
605 4189 716 4272 qui
739 4211 776 4254 0
800 4210 1111 4256 converso
1127 4189 1285 4255 dicit
1296 4189 1529 4271 (Hebr.
1563 4195 1658 4268 10,
1684 4186 2071 4273 27)φοβερᾶν
2091 4187 2189 4265 τὴν
2208 4192 2301 4249 ἐκ-

323 4275 536 4359 dog&
578 4284 846 4360 κρίσεως,
866 4277 921 4355 ²)
967 4296 1231 4340 manere
1278 4276 1589 4358 reprobos
1605 4327 1620 4353 ,
1666 4276 1733 4340 id
1771 4283 1887 4354 est,
1923 4273 2302 4338 formidabi-

315 4365 490 4431 lem
526 4363 1074 4446 exspectationem
1131 4359 1367 4426 iudicii.
1459 4358 1535 4425 81
1590 4360 1749 4426 11000
1793 4359 2130 4435 terribilis,
2187 4359 2304 4424 illa

489 4551 551 4615 1)
590 4549 703 4605 Hic
746 4549 895 4604 locus
938 4566 1005 4603 ex
1050 4551 1121 4603 iis
1167 4557 1244 4604 est
1288 4550 1445 4603 cuius
1480 4549 1854 4616 interpretatio
1885 4547 2086 4617 gallica
2126 4547 2300 4601 Calvi-

313 4639 474 4677 nus·
530 4625 776 4676 autorem
820 4633 1110 4688 umescere
1151 4620 1301 4673 mallo
1345 4617 1505 4672 modo
1546 4618 1776 4686 poterit:
1823 4617 1897 4670 110
1942 4613 2300 4671 s’esbahiront

313 4693 414 4761 xci
460 4687 738 4744 derechef
767 4687 948 4756 quand
981 4688 1049 4740 ils
1088 4696 1274 4756 oyem,
1312 4687 1420 4742 Les
1456 4687 1645 4742 enfans
1683 4686 1748 4739 de
1783 4685 1947 4753 Dieu,
1983 4685 2075 4752 qui
2109 4701 2176 4738 ne
2213 4702 2296 4740 re-

313 4764 612 4815 tem-nent
654 4757 808 4825 point
853 4758 886 4810 a
929 4756 1047 4809 leur
1082 4754 1188 4809 bon
1236 4772 1390 4825 sens,
1436 4764 1493 4810 et
1532 4762 1746 4810 sentent
1792 4760 1939 4808 ceste
1984 4755 2298 4821 generation

312 4834 493 4884 esu-e
535 4825 882 4891 immortelle‚
929 4822 1163 4891 laquelle
1201 4833 1285 4879 est
1320 4824 1386 4879 de
1424 4825 1560 4879 Dieu
1637 4832 1693 4877 et
1739 4839 1839 4891 par
1873 4822 2108 4890 laquelle
2159 4838 2295 4876 nous

310 4910 589 4952 00011000
633 4893 761 4947 faits
843 4894 1139 4960 articipans
1182 4893 1248 4947 de
1293 4867 1672 4947 l’immortalite
1707 4891 1911 4945 Divine.
1988 4889 2140 4959 Quae
2184 4895 2296 4944 toto

303 4966 488 5024 codo
533 4980 571 5017 a
603 4976 769 5015 sensu
802 4909 968 5015 Batiai
997 4964 1176 5014 textus
1209 4962 1422 5016 absum.
1477 4961 1656 5015 Multo
1687 4960 1879 5014 melius
1912 4959 2097 5014 reddit
2127 4957 2294 5013 editio

303 5036 540 5090 Betae
573 5029 736 5084 1566:
783 5029 843 5084 Ie
879 5028 1164 5083 m'esbahis
1209 5029 1468 5083 (1010011οἱ
1475 5073 1489 5099 ,
1535 5029 1711 5098 quand
1745 5029 1812 5084 ils
1849 5036 2010 5098 oyent
2043 5028 2110 5083 ici
2144 5044 2292 5082 nom-

1735 5103 1896 5167 pacto
1926 5096 2058 5218 ipasff]
2105 5112 2173 5150 110
2209 5113 2292 5151 10·

298 5175 613 5230 tout-nent
646 5170 680 5223 a
714 5168 833 5222 leur
867 5168 974 5221 bon
1007 5181 1132 5220 sens
1168 5172 1224 5219 et
1255 5180 1324 5218 ne
1362 5172 1576 5220 sentent
1610 5182 1712 5233 que
1750 5173 1843 5221 etc.
2051 5170 2074 5232 )
2112 5165 2293 5220 Amor

293 5242 593 5309 sorta-3⁸0
625 5237 868 5304 scripsit.-
905 5230 1145 5302 φοβεράν
1177 5248 1301 5284 τινα
1337 5229 1376 5282 ἐ.
1413 5250 1461 5283 κ.

301 5100 482 5171 mer,
531 5100 642 5154 Les
677 5098 867 5154 enfans
902 5097 969 5152 de
1004 5096 1170 5163 Dieu‚
1207 5096 1361 5165 qu’ils
1408 5095 1466 5165 [i.
1500 5113 1561 5167 0.,

2410 1870 2577 1935 ritus
2622 1871 2743 1935 sui.
2833 1873 3181 1937 Transitur
3221 1883 3447 1957 postea
3487 1877 3555 1939 in
3601 1883 3848 1941 terram
3880 1881 4346 1962 promissionis,

2412 1955 2575 2020 duee
2620 1958 2771 2021 lesu
2827 1957 2963 2022 filio
3008 1959 3225 2037 Nave,
3285 1971 3529 2024 terram
3583 1961 4022 2028 abundantem
4072 1965 4237 2030 laete
4281 1979 4348 2031 et

2410 2042 2631 2138 melle:
2671 2042 2791 2108 hoc
2827 2053 2943 2121 est,
2981 2045 3195 2127 gratia
3216 2045 3342 2109 Dei
3379 2067 3496 2111 nos
3530 2047 3765 2112 liberat
3801 2070 3837 2111 e
3872 2071 4138 2132 corpore
4173 2074 4345 2116 mor-

2410 2135 2525 2204 tis,
2583 2141 2701 2208 per
2744 2129 2964 2192 Iesum
3022 2130 3365 2194 Christum
3407 2130 3771 2198 Dominum
3832 2147 4151 2214 nostrum,
4214 2159 4344 2202 non

2411 2221 2632 2277 tamen
2665 2214 2803 2278 sine
2839 2216 3155 2297 sanguine
3192 2227 3258 2279 et
3290 2217 3542 2281 sudore.
3613 2216 3685 2283 81
3722 2220 3981 2300 quidem
4020 2244 4169 2286 earo
4203 2233 4347 2287 tum

2410 2298 2696 2362 maxime
2740 2299 2963 2376 resilit,
3012 2311 3078 2362 et
3114 2301 3291 2365 vires
3323 2323 3475 2367 suas
3511 2303 3593 2366 ad
3638 2327 3927 2386 pugnam
3966 2309 4226 2384 exserit,
4271 2319 4347 2372 ut

2409 2385 2717 2466 confligat
2751 2384 3073 2450 adversus·
3097 2387 3414 2468 spiritum.
3503 2389 3863 2471 Postquam
3905 2393 3978 2455 in
4021 2403 4198 2457 terra
4244 2414 4345 2457 re-

2409 2468 2675 2548 sidetur,
2721 2479 2876 2536 tunc
2915 2471 3246 2554 pascimur
3280 2474 3348 2536 in
3391 2473 3807 2539 abundantia.
3876 2478 4135 2542 Dantur
4169 2479 4345 2542 enim

2408 2555 2613 2622 stolae
2669 2555 2881 2633 albae,
2943 2565 3009 2619 et
3062 2558 3330 2639 requies.
3434 2558 3568 2623 Sed
3624 2562 3920 2625 nondum
3975 2575 4191 2627 erecta
4245 2573 4344 2629 est

2407 2641 2787 2720 Ierusalem,
2832 2653 3029 2725 caput
3072 2663 3147 2706 ac
3190 2642 3375 2708 sedes
3408 2646 3613 2728 regni.
3682 2646 3995 2712 Nondum
4031 2647 4344 2713 S'olomon

2407 2746 2528 2791 rex
2570 2729 2747 2811 pacis
2791 2739 3049 2811 sceptra
3082 2737 3277 2806 tenet,
3324 2731 3668 2812 omniaque
3703 2731 4095 2798 moderatur.
4166 2734 4343 2800 Sunt

2407 2832 2563 2897 ergo
2608 2821 2980 2879 sanctorum
3025 2815 3283 2879 animae
3327 2825 3472 2898 post
3512 2827 3790 2881 mortem
3833 2819 3901 2881 111
3948 2840 4132 2901 pace,
4178 2841 4343 2902 quae

2408 2907 2597 2963 extra
2637 2919 2905 2963 manum
2948 2899 3157 2965 hostis
3200 2902 3567 2965 evolarunt.
3660 2901 3836 2968 Sunt
3875 2906 3945 2968 in
3992 2905 4341 2988 opulentia,

2407 2982 2486 3050 de
2519 2984 2752 3069 quibus
2795 2985 3041 3051 dictum
3076 2994 3202 3051 est:
3248 2988 3451 3053 Ibunt
3484 2988 3563 3052 de
3600 2989 4002 3056 abundantia
4031 2994 4102 3056 in
4135 2992 4353 3080 abun-¹

2407 3070 2716 3136 dantiam.
2784 3071 2915 3138 Ubi
2949 3091 3104 3137 vero
3140 3073 3501 3138 surrexerit·
3541 3074 3611 3138 in
3655 3075 3929 3158 gloriam
3975 3098 4165 3142 suam
4200 3099 4343 3144 000-

2405 3156 2588 3222 lestis
2643 3157 3035 3235 Ierusalem,
3096 3166 3162 3222 et
3215 3170 3411 3224 verus
3467 3157 3777 3225 8010111011
3834 3162 4189 3241 (3111101311οΥ
4225 3186 4345 3229 rex

2406 3243 2610 3325 pacis,
2658 3243 2954 3309 sublimis
2997 3243 3241 3310 sederit
3281 3246 3350 3309 in
3394 3244 3736 3322 tribunali,
3783 3249 4151 3330 regnabunt
4194 3271 4343 3315 cum

2405 3350 2523 3394 0110
2566 3349 2722 3412 rege
2765 3331 2907 3395 veri
2948 3329 3304 3396 Israelitae.
3373 3329 3568 3411 Quod
3612 3333 3669 3396 si
3709 3332 3871 3397 libet
3913 3354 3953 3396 a
3993 3335 4187 3400 rebus
4224 3335 4341 3398 ho-

2403 3415 2661 3501 minum
2702 3422 2923 3498 petere
2967 3415 3487 3482 similitudinem:
3532 3438 3902 3500 pugnamus
3947 3440 4095 3483 cum
4138 3419 4341 3497 hoste,

2407 3499 2716 3582 quamdiu
2767 3501 3161 3565 conflictatio
3212 3510 3311 3567 est
3362 3500 3548 3568 nobis
3602 3501 3914 3568 adversus
3971 3525 4232 3569 earnem
4278 3514 4345 3570 et

2405 3587 2818 3669 sanguinem:
2843 3585 3167 3652 vincimus
3187 3588 3460 3665 hostem,
3500 3588 3657 3653 dum
3680 3589 3982 3653 exuimur
4004 3589 4126 3654 hac
4150 3609 4342 3654 carne

2405 3672 2668 3753 peccati,
2716 3680 2791 3735 ut
2831 3672 2952 3735 toti
2993 3672 3123 3736 Dei
3167 3674 3389 3738 simus.
3481 3676 3772 3757 Agemus
3802 3674 4226 3756 triumphum,
4276 3684 4343 3740 et

2403 3758 2622 3823 fructu
2666 3757 2978 3822 victoriae
3020 3759 3364 3840 potiemur,
3410 3781 3609 3840 quum
3655 3767 3848 3842 caput
3889 3768 4191 3823 nostrum
4233 3782 4342 3825 su-

2403 3863 2524 3927 pra
2566 3850 2864 3920 mortem,
2913 3864 3064 3909 vere
3107 3846 3395 3928 erigetur
3428 3846 3501 3909 in
3539 3844 3768 3927 gloria:
3820 3845 3945 3909 hoc
3980 3852 4094 3921 est,
4139 3866 4341 3928 quum

2404 3950 2580 3994 mors
2622 3930 2695 3993 in
2738 3929 3004 3993 victoria
3046 3929 3512 3996 absorbebitur.
3586 3930 3771 3995 Haec
3813 3938 4006 4009 meta,
4053 3930 4160 3994 hic
4203 3952 4342 3996 sco-

2404 4035 2529 4098 pus
2580 4022 2827 4090 noster,
2883 4013 2963 4079 de
3022 4037 3146 4098 quo
3200 4016 3514 4099 scriptum
3564 4024 3688 4080 est:
3751 4013 4082 4093 Satiabor,
4141 4037 4343 4098 quum

2406 4100 2824 4185 evigilavero,
2862 4112 3129 4183 aspectu
3195 4102 3395 4166 loriae
3429 4110 3580 4166 tuae
3616 4101 3818 4184 (Psal.
3851 4102 3946 4180 17,
3980 4101 4106 4185 15).
4159 4101 4342 4169 Haec

2406 4208 2488 4251 ex
2533 4187 2872 4269 scripturis
2914 4187 3107 4251 facile·
3214 4207 3393 4253 scere
3434 4195 3733 4270 possunt,
3789 4187 4154 4270 quicunque
4196 4189 4341 4253 Deo

2406 4273 2793 4348 auscultare,
2829 4279 2897 4335 et
2930 4293 3154 4337 vocem
3188 4274 3329 4338 eius
3365 4269 3674 4338 exaudire
3706 4271 4089 4338 didicerunt.
4157 4273 4342 4338 Haec

2406 4360 2605 4422 etiam
2648 4358 2835 4423 1101110
2870 4377 2987 4439 per
3019 4380 3255 4424 manus
3290 4356 3716 4436 tradiderunt,
3762 4359 3876 4441 qui
3908 4378 4102 4441 parce
4136 4366 4204 4423 et
4238 4381 4341 4423 re—

2406 4453 2709 4509 verenter
2736 4448 3125 4515 ‚tractarunt
3156 4444 3283 4509 Dei
3326 4444 3658 4527 mysteria.
3728 4441 3840 4509 810
3883 4445 4055 4509 enim
4101 4446 4342 4528 permi-

2403 4538 2632 4595 serunt
2673 4528 2799 4595 sibi
2834 4527 3011 4611 loqui
3046 4537 3314 4606 veteres,
3361 4536 3433 4594 ut
3470 4528 3762 4594 dicerent
3794 4530 4045 4595 animas
4122 4529 4344 4599 uidem

2403 4616 2472 4679 in
2514 4614 2815 4698 paradiso
2858 4624 2926 4678 et
2959 4618 3031 4680 in
3066 4615 3241 4680 coelo
3275 4636 3435 4695 esse,
3479 4613 3776 4679 nondum
3812 4624 4033 4679 tamen
4068 4637 4112 4699 g
4136 4617 4343 4681 oriam

2403 4711 2520 4765 aut
2562 4699 2929 4766 mercedem
2973 4701 3352 4784 percepisse.
3439 4700 3613 4765 Nam
3655 4700 4126 4766 Tertullianus:
4147 4701 4204 4785 ²)
4251 4702 4343 4767 Et

2401 4808 2671 4864 merces,
2718 4788 2951 4870 inquit,
2998 4795 3066 4853 et
3107 4785 3484 4870 periculum,
3529 4788 3601 4850 in
3645 4788 4138 4852 resurrectionis
4181 4807 4341 4869 pen-

2535 5027 2596 5090 1)
2633 5026 2698 5082 G.
2732 5027 2917 5082 vertit.-
2964 5026 3163 5080 Nostre
3212 5042 3329 5081 ame
3378 5033 3464 5081 est
3511 5041 3715 5080 comme
3750 5040 3853 5080 une
3889 5032 4032 5078 terre
4070 5039 4197 5078 sans
4235 5040 4337 5078 cau

2397 5097 2634 5166 laquelle
2680 5096 2876 5151 baaille
2924 5094 2990 5149 de
3036 5094 3349 5150 secheresse
3396 5094 3593 5150 devant
3635 5094 3791 5148 Dieu.
3861 5092 4234 5146 Nffidominus
4278 5092 4341 5145 in

2397 5167 2758 5303 zodiaca-‘theam
2791 5180 2931 5221 sana
2967 5162 3168 5230 omnia,
3204 5165 3258 5216 si
3292 5164 3439 5219 Psal.
3464 5160 3583 5230 143,
3608 5160 3643 5214 6
3677 5177 3745 5216 ex
3777 5175 3884 5280 ⁹51⁰
3918 5159 4230 5227 desumptus
4262 5164 4344 5214 est

3835 5309 3931 5364 14*

2874 5230 2933 5297 2)
2972 5229 3136 5284 Libro
3173 5230 3240 5285 de
3275 5247 3473 5289 resurr.
3508 5231 3684 5286 carnis
3720 5246 3767 5283 c.
