4984 5975
649 346 770 410 131

649 532 838 598 Idem
883 532 1286 599 caecinnae:
1344 531 1494 597 Tibi
1537 531 1710 596 hanc
1749 532 1962 618 ipsam
2006 532 2381 615 opinionem
2423 535 2495 598 in

653 619 748 685 nii
793 618 967 703 apud
1008 619 1225 701 ipsum
1268 618 1632 700 plurimum
1665 619 2089 700 profuturam.
2152 618 2341 684 Idem
2374 619 2446 684 in
2539 640 2608 684 a—

652 705 955 771 luetium:
1001 704 1224 769 Velim
1265 704 1433 768 mihi
1476 704 1905 786 respondeat,
1961 704 2283 788 numquid
2329 706 2399 770 hi
2443 725 2608 789 qnos

651 790 928 874 protulit
971 788 1314 873 Scipiones
1367 799 1432 855 et
1477 788 1732 855 Metelli
1790 799 1946 856 ante
1998 791 2268 855 fuerunt
2308 798 2425 856 aut
2467 792 2607 875 opi-

649 876 898 954 nionis,
956 882 1072 941 aut
1113 874 1392 960 gloriae,
1451 896 1648 959 quam
1702 897 1813 942 eos
1863 898 1974 942 res
2028 885 2253 975 gestae
2295 897 2484 956 suae,
2540 885 2609 942 et

651 962 788 1028 vita
838 962 1370 1028 innocentissime
1415 969 1564 1027 acta
1606 961 2105 1028 commendavit.

822 1048 958 1112 Hoc
1017 1047 1184 1126 dico,
1228 1068 1419 1128 qmaem
1485 1048 1565 1112 ab
1627 1046 2060 1135 inferioribus]
2153 1048 2412 1113 Rursus
2479 1047 2605 1114 hoc

651 1135 1018 1200 membrum
1072 1132 1408 1202 dividitur.
1507 1135 1646 1198 Aut
1703 1133 1852 1199 vult
1917 1135 2225 1218 princeps
2291 1134 2603 1198 iniuriam

651 1218 1013 1298 vindicare,
1058 1240 1255 1303 quam
1297 1219 1524 1284 intulit
1564 1220 1852 1285 inferior.
1941 1220 2146 1303 Atqui
2201 1219 2318 1283 tali
2373 1219 2603 1285 solatio

649 1306 919 1371 minime
964 1312 1131 1390 eget,
1182 1315 1262 1370 ut
1304 1306 1551 1371 dictum
1597 1314 1714 1370 est.
1769 1307 1912 1370 Aut
1952 1305 2098 1371 vult
2138 1306 2457 1373 offensam
2499 1304 2602 1370 ul·

649 1391 836 1468 eieci,
897 1413 1030 1474 qua
1085 1413 1125 1457 a
1179 1394 1324 1475 pari
1382 1391 1601 1456 laesus
1651 1402 1780 1457 est:
1838 1399 1913 1456 ut
1967 1393 2023 1457 si
2078 1401 2601 1466 onmem-aneo

647 1478 942 1560 principe
985 1476 1230 1542 bellum
1275 1478 1582 1561 gesserit,
1636 1478 1747 1560 qui
1803 1485 2029 1562 postea
2074 1477 2245 1543 bello
2290 1478 2602 1561 subiuga-

645 1571 785 1640 tus,
829 1563 1090 1628 venerit
1130 1562 1206 1627 in
1248 1584 1436 1628 suam
1480 1570 1900 1646 potestatem:
1960 1569 2028 1628 et
2082 1564 2191 1629 hic
2250 1564 2409 1627 satis
2452 1564 2601 1626 vin-

647 1647 903 1714 dicatus
969 1660 1072 1712 est
1136 1649 1434 1713 fortunae
1504 1669 1580 1714 ac
1647 1649 1961 1714 victoriae
2031 1668 2192 1713 suae
2259 1647 2599 1726 beneficio:

643 1735 799 1817 quia.
840 1735 952 1817 qui
997 1754 1118 1816 par
1160 1742 1302 1800 erat
1344 1755 1548 1817 quum
1591 1734 1909 1812 laederet,
1970 1755 2146 1800 nunc
2200 1733 2299 1798 illi
2343 1733 2601 1800 subiec-

646 1827 757 1885 tus
801 1827 920 1884 est.
1011 1817 1252 1885 Subdit
1303 1820 1550 1886 et..alia
1593 1819 1664 1884 in
1708 1818 1983 1885 eandem
2038 1821 2360 1885 rationem
2403 1840 2602 1904 argu-

645 1914 890 1971 menta.

824 1991 1053 2073 Reqem
1107 1997 1163 2057 et
1214 1989 1461 2078 servus]
1521 1991 1777 2056 Eadem
1834 1998 1934 2056 est
1988 1993 2343 2070 sententia,
2404 2011 2603 2073 quam

645 2097 846 2160 supra
884 2086 1284 2161 exsequutus
1326 2084 1442 2143 est.
1542 2075 1767 2158 Quum
1804 2079 1978 2160 regis
2019 2078 2313 2160 potentia
2352 2077 2440 2142 sit
2477 2078 2605 2143 sita

645 2162 716 2226 in
774 2162 1105 2245 perdendo
1159 2171 1228 2228 et
1281 2162 1635 2240 servando,
1690 2163 1994 2246 perdere,
2050 2163 2222 2246 quod
2275 2163 2396 2228 sibi
2448 2185 2601 2230 cum

651 2248 877 2313 multis
920 2268 1265 2314 commune
1307 2258 1425 2327 est,
1471 2270 1604 2315 non
1656 2250 1881 2334 magni
1926 2250 2258 2327 aestimet;
2316 2269 2601 2326 servare,

650 2333 820 2417 quod
865 2356 1019 2400 vere
1061 2336 1315 2420 regium
1358 2355 1522 2419 opus
1556 2344 1658 2400 est
1701 2341 1768 2400 et
1811 2334 2165 2419 gloriosum
2182 2386 2197 2413 ‚
2254 2335 2377 2400 sibi
2424 2356 2603 2401 asse-

649 2431 810 2570 rat.d
841 2421 1168 2571 Egerceat
1200 2442 1357 2506 ergo
1379 2422 1514 2487 vim
1559 2441 1750 2487 suam
1793 2421 2118 2488 servando
2154 2422 2369 2505 potius
2405 2443 2604 2505 quam

733 2529 767 2571 r
813 2527 896 2571 en
943 2527 1000 2572 o.

647 2526 729 2590 pe
825 2592 1120 2658 Perdidit
1154 2594 1318 2657 enim
1354 2595 1550 2658 vitam
1584 2594 1696 2674 qui
1737 2590 1930 2679 debet]
1976 2592 2220 2676 Tangit
2262 2592 2481 2659 locum
2520 2592 2604 2657 il-

646 2677 786 2742 lum
842 2699 1252 2744 communem
1269 2729 1284 2756 ,
1341 2679 1577 2744 melius
1629 2699 1774 2745 esse
1816 2678 2022 2743 libero
2065 2677 2319 2743 homini
2362 2678 2604 2743 millies

650 2763 844 2840 mori,
905 2785 1102 2846 quam
1146 2762 1439 2829 obtinere
1484 2765 1687 2830 vitam
1740 2765 2138 2847 precariam3
2197 2770 2275 2828 ut
2330 2764 2604 2829 alterius

648 2848 919 2914 arbitrio
964 2850 1166 2927 vivat,
1212 2850 1318 2915 cui
1361 2850 1686 2932 parcitum
1728 2857 1846 2916 est.

823 2938 970 3013 [pag.
1036 2940 1183 3016 124]
1254 2934 1344 2999 In
1398 2935 1714 3019 manmho
1767 2936 1885 3001 cito
1926 2931 2282 3021 transisset]
2344 2933 2605 3001 Alludit

648 3017 733 3084 ad
768 3020 1115 3102 antiquum
1152 3040 1402 3097 morem
1423 3022 1874 3086 Romanorum
1911 3020 2474 3103 triumphantibus
2496 3042 2601 3087 so-

645 3104 927 3170 lennem.
995 3105 1485 3171 Praecedebant
1528 3108 1708 3173 enim
1751 3128 2020 3173 currum
2052 3107 2316 3171 victoris
2357 3108 2601 3189 captivi

647 3190 886 3268 hostes,
934 3200 1001 3256 et
1045 3213 1247 3274 quum
1293 3213 1413 3274 per
1433 3193 1614 3257 viam
1660 3192 1983 3276 publicam
2026 3192 2094 3256 in
2137 3211 2378 3275 pompa
2420 3191 2601 3259 ducti

645 3285 866 3343 essent
882 3328 897 3355 ,
958 3298 1200 3360 poenas
1258 3298 1526 3359 pensum
1568 3280 1637 3343 in
1683 3300 2009 3345 carcerem
2065 3277 2596 3344 conficiebantur.
2653 3340 2664 3355 .

648 3361 878 3429 Cicero
925 3363 1214 3428 Verrina
1257 3363 1447 3428 Vll:
1509 3363 1732 3445 Quum
1777 3365 1856 3430 de
1900 3365 2039 3431 foro
2082 3365 2152 3429 in
2199 3363 2599 3446 Capitolium

645 3448 908 3514 flectere
962 3470 1231 3514 currum
1286 3450 1417 3514 inci
1465 3450 1641 3527 iunt‚
1701 3452 1994 3534 captivos
2051 3449 2200 3515 duci
2253 3449 2485 3515 iubent
2527 3452 2599 3515 in

645 3553 1004 3601 carcerem:
1053 3534 1228 3600 idem
1273 3555 1354 3601 ue
1400 3472 1537 3601 (lies
1573 3544 1641 3602 et
1663 3536 2019 3602 victoribus
2051 3535 2331 3619 imperii,
2370 3545 2439 3601 et
2461 3536 2596 3626 Yiss·

643 3620 728 3685 tis
784 3621 961 3686 vitae
1021 3621 1172 3686 finis
1302 3622 1370 3686 it.
1461 3621 1645 3687 Dicit
1707 3623 1914 3707 igitur
1963 3618 2218 3688 Seneca
2280 3622 2594 3687 maiorem

641 3705 903 3773 laudem
959 3706 1320 3772 relaturum
1367 3708 1477 3791 qui
1525 3708 1712 3774 victis
1770 3707 2071 3773 hostibus
2115 3708 2319 3773 vitam
2375 3707 2595 3772 indul-

643 3801 811 3876 geat,
856 3814 1050 3875 quam
1097 3794 1152 3859 si
1196 3793 1476 3859 occidat:
1523 3792 1694 3876 quod
1738 3792 2053 3877 quamdiu
2097 3793 2344 3872 vivent,
2390 3800 2595 3858 testes

643 3886 840 3943 erunt
884 3886 1035 3943 tuae
1078 3879 1500 3947 clementiae„
1569 3880 1736 3944 Pom
1784 3902 1822 3944 a
1876 3878 2196 3962 triumphi
2256 3880 2593 3962 praeterit,

645 3972 711 4026 ct
747 3964 970 4027 statim
1008 3966 1341 4030 evanescit
1377 3987 1459 4031 ex
1494 3964 1700 4032 oculis
1736 3902 2112 4030 hominum:
2159 3985 2393 4048 nempe
2429 3987 2596 4049 quae

647 4046 730 4111 ad
777 4047 1004 4113 horam
1051 4058 1399 4133 spectetur.

819 4132 953 4198 Hoc
994 4140 1085 4199 est
1126 4137 1315 4200 etiam
1359 4159 1436 4202 ecc
1481 4134 1769 4222 victoria]
1839 4135 2077 4201 Modus
2126 4135 2435 4218 loquendi
2485 4158 2596 4200 ve-

643 4218 1085 4296 nustissimus,
1131 4221 1471 4287 victoriam
1512 4223 1722 4304 ipsam
1767 4223 2056 4299 vincere,
2103 4242 2220 4286 seu
2265 4219 2345 4286 de
2389 4222 2598 4287 victo-

644 4304 744 4368 ria
807 4304 1232 4388 triumphare.
1324 4306 1503 4373 Sunt
1567 4328 1745 4372 enim
1807 4307 2100 4391 plerique
2165 4306 2276 4389 qui
2333 4307 2599 4373 vincere

643 4389 889 4467 sciunt,
951 4390 1064 4456 sed
1119 4402 1307 4473 parta
1365 4394 1635 4459 victoria
1690 4394 1790 4458 uti
1843 4414 1980 4457 non
2033 4399 2323 4475 possunt.
2412 4392 2598 4459 Abu-

646 4482 878 4541 tuntur
921 4475 1142 4559 itaque
1187 4500 1304 4544 suo
1350 4478 1548 4557 bon0,
1604 4478 1762 4544 dum
1818 4480 2334 4561 intemperanter
2376 4478 2598 4544 exsul-

644 4568 804 4635 tant,
844 4572 912 4625 et
934 4583 1005 4627 se
1028 4583 1228 4645 supra
1250 4564 1520 4629 modum
1556 4565 1858 4642 efferunt,
1894 4572 2089 4649 atque
2126 4570 2204 4628 ut
2234 4565 2306 4628 in
2341 4586 2599 4630 summa

643 4645 885 4723 dicam,
934 4646 1288 4713 vincuntur
1346 4650 1469 4732 ipsi
1516 4676 1555 4715 u
1597 4673 1720 4716 sua
1764 4649 2054 4716 victoria.
2148 4648 2281 4730 Qui
2336 4672 2406 4717 se
2459 4672 2598 4719 mo-

642 4731 825 4797 deste
869 4740 1129 4817 gerunt,
1174 4734 1216 4797 ii
1266 4755 1416 4800 vere
1464 4746 1619 4801 sunt
1663 4737 1940 4803 victoria
1983 4756 2104 4800 sua
2147 4736 2445 4802 maiores.

1326 5024 1629 5092 CAPUT
1675 5027 1906 5092 XXII.

821 5160 1242 5226 Transeamus
1293 5163 1380 5228 ad
1424 5163 1667 5227 aliena-5·
1710 5164 2020 5243 ismae,
2077 5165 2150 5227 in
2192 5163 2419 5244 quibu-s
2461 5164 2596 5228 vin-
2668 5206 2691 5220 κ

629 5245 927 5312 dicendis
970 5245 1118 5314 haec
1164 5248 1294 5313 tria
1334 5249 1433 5314 lex
1474 5253 1736 5330 sequuta
1779 5254 1891 5326 est,
1939 5250 2411 5331 meprinoeps
2445 5270 2593 5331 quo-

2299 342 2428 409 DE
2468 340 3015 409 CLEMENTIA

4540 351 4659 414 132

2710 532 3048 613 queseqai
3086 530 3283 602 debet.-
3325 535 3439 597 aad
3480 537 3549 597 at
3590 533 4662 615 eumquenpmit,mmda;mae

2708 624 3028 699 utpoem
3080 618 3220 681 eius
3275 624 3543 683 meteres
3596 619 3884 685 nudiores
3934 619 4661 698 addemme-ablatis

2709 704 2929 781 mali-5,
2973 703 3313 769 securiores
3356 705 3583 769 caeteri
3622 707 3848 769 vivant.
3939 704 4124 786 Ipsos
4161 706 4423 787 facilium
4466 726 4657 773 mm

2709 789 2895 855 dabis
2936 789 3176 853 minore
3198 809 3422 869 poena.
3510 789 3905 874 Dili9entius
3943 790 4109 855 enim
4149 792 4335 868 vivit,
4395 792 4503 856 moi
4543 795 4655 859 ali-

2708 874 2865 955 quid
2904 875 3133 958 meyri
3172 881 3471 957 superest.
3554 876 3752 941 Nemo
3784 877 4079 961 cimitata·
4107 878 4401 958 perditae
4428 881 4654 960 parcit.

2710 959 3124 1042 Impunitatis
3161 981 3364 1043 yenus
3405 968 3493 1027 est
3508 1011 3523 1039 ,
3574 963 3702 1025 iam
3745 983 3870 1028 non
3910 962 4133 1028 habere
4161 983 4404 1043 poenae
4443 965 4652 1032 ῑωιακ.

2714 1043 3006 1111 Civitatis
3040 1051 3245 1113 autem
3268 1067 3471 1112 mores
3504 1049 3711 1131 ’καρίς
3746 1049 4005 1132 eorriyit
4048 1048 4334 1129 paro-‘tas
4367 1051 4652 1116 αηὺηαᾱ.

2707 1132 3076 1198 versionum.
3154 1131 3337 1198 Facit
3389 1135 3556 1197 esim
3594 1135 4099 1199 mmetudinem
4150 1135 4459 1215 peccandi
4502 1138 4650 1203 mal·

2707 1217 2906 1282 titudo
2924 1220 3350 1299 peccantiam.-
3382 1224 3438 1282 et
3469 1221 3684 1284 minas
3713 1221 3933 1303 praeis
3964 1225 4111 1285 nota
4134 1226 4227 1284 eet
4258 1240 4452 1301 quam
4472 1223 4652 1290 aon-ba

2704 1303 3144 1368 damnatorum
3184 1303 3372 1369 levat.-
3425 1310 3483 1369 et
3520 1307 3818 1371 severitas
3870 1307 4036 1388 quod
4076 1307 4427 1371 maximum
4466 1330 4653 1376 reme-

2704 1388 2884 1453 dium
2913 1388 3110 1468 habet,
3152 1390 3531 1455 assiduitate
3562 1392 3796 1456 amittit
3845 1392 4255 1456 autor-eatan.
4327 1390 4652 1462 Constituit

2704 1474 2888 1539 bonos
2941 1496 3143 1542 mores
3184 1477 3423 1540 civitati
3458 1478 3782 1558 princepe,
3840 1482 3897 1542 et
3932 1478 4094 1541 vitia
4135 1478 4275 1543 eius
4314 1479 4651 1561 eornpeseu't,

2703 1560 2766 1623 si
2787 1561 3048 1641 patiens
3081 1581 3293 1626 eoram
3324 1567 3589 1639 est,.non
3618 1568 3920 1645 tanquam
3943 1561 4179 1642 probet,
4212 1563 4323 1627 sed
4352 1568 4651 1647 tatianam

2704 1645 2944 1711 invitus
2995 1666 3137 1711 eum
3191 1667 3416 1730 mayno
3470 1653 3762 1713 tormento
3813 1649 3899 1714 ad
3951 1650 4388 1731 eastiqandum
4430 1653 4647 1718 veniat.

2722 1729 3174 1796 Verecundiam
3223 1734 3531 1813 peccandi
3583 1735 3739 1817 facit
3793 1735 3942 1816 ipsa
3996 1734 4316 1800 clementia
4367 1739 4647 1819 reyentie.

2712 1815 2990 1882 Gravior
3021 1818 3210 1884 masto
3241 1839 3450 1900 poena
3494 1820 3764 1898 videtur,
3799 1840 3959 1902 quae
3994 1842 4037 1885 a
4069 1822 4215 1884 miti
4255 1821 4392 1886 viro
4418 1825 4649 1888 eonsti-

2705 1903 2921 2052 εαῗάαν.
2989 1901 3328 1987 Praeterea
3358 1904 3597 1970 videbis
3617 1926 3692 1972 ea
3713 1925 3899 1988 saepe
3932 1907 4244 1984 committi,
4278 1927 4438 1989 quae
4469 1929 4649 1991 saepe

2882 2077 3029 2153 [pag.
3060 2081 3207 2153 125]
3243 2075 3390 2140 Hoc
3416 2077 3696 2141 alterum
3730 2076 4099 2141 membrum
4132 2077 4488 2159 primariae
4510 2102 4658 2165 par·

2706 2159 2991 2239 titionis,
3047 2160 3220 2244 quod
3263 2162 3482 2244 ipsum
3524 2159 3596 2226 in
3641 2174 3778 2226 tres
3819 2171 4042 2245 partes
4088 2161 4528 2244 distribuitur,
4584 2178 4659 2232 ut

2706 2244 2778 2332 in
2824 2246 2927 2310 his
2966 2246 3165 2311 etiam
3208 2248 3652 2330 particulatim
3693 2247 4112 2316 severitatem
4166 2248 4381 2328 tollat,
4441 2259 4508 2315 et
4560 2254 4657 2318 in·

2707 2332 2927 2397 sinuet
2980 2332 3413 2399 clementiam.
3502 2332 3684 2398 Dicit
3739 2334 3945 2417 igitur
3998 2335 4129 2399 tria
4193 2355 4336 2400 esse
4402 2335 4657 2422 legibus

2706 2417 3051 2483 observata
3094 2420 3165 2483 in
3209 2417 3617 2486 vindicandis
3663 2419 3894 2484 alienis
3936 2419 4226 2487 iniuriis:
4272 2442 4442 2503 quae
4475 2425 4656 2507 prin-

2708 2504 2835 2585 cipi
2880 2524 3021 2569 esse
3067 2507 3398 2588 proposita
3442 2504 3708 2583 debent,
3806 2504 3878 2568 ui
3920 2504 4027 2570 lex
4073 2506 4364 2572 animata
4407 2517 4537 2586 est,
4592 2521 4658 2577 et

2708 2609 2902 2671 quem
2959 2589 3067 2656 hic
3125 2611 3209 2655 ne
3264 2590 3598 2655 tantillum
3643 2526 3908 2673 quidem
3959 2599 4220 2674 oportet
4262 2591 4422 2660 dare
4467 2597 4659 2661 affee-

2708 2672 2901 2751 tibus,
2949 2674 3065 2739 sed
3105 2677 3326 2740 omnia
3366 2697 3451 2740 ex
3493 2676 3659 2759 legis
3703 2676 4108 2760 praescripto
4164 2699 4377 2763 agere.
4471 2679 4658 2762 Quae

2709 2767 2933 2824 autem
2976 2759 3089 2823 illa
3132 2762 3297 2840 sint,
3343 2773 3411 2826 et
3453 2761 3848 2840 cuiusmodi,
3912 2761 4195 2828 breviter
4237 2765 4654 2847 explicemus.

2896 2845 2975 2911 Ut
3014 2866 3156 2910 eum
3197 2867 3376 2928 quem
3398 2848 3607 2931 punit,
3652 2845 3950 2933 emendet]
3997 2848 4175 2913 Illud
4210 2852 4392 2915 enim
4428 2854 4657 2938 vulga-

2708 2936 2852 2995 tum
2892 2938 3020 3011 est,
3065 2931 3436 2999 illecebram
3480 2932 3792 3017 peccandi
3837 2954 3979 2999 esse
4022 2934 4512 3019 impunitatem,
4560 2951 4657 3005 at-

2707 3039 2850 3101 que,
2897 3027 2972 3082 ut
3014 3020 3108 3082 ait
3151 3020 3324 3103 apud
3368 3019 3731 3086 Salustium
3773 3021 4158 3100 Memmius,
4204 3022 4424 3089 Multo
4470 3046 4657 3108 prae-

2707 3111 2838 3167 stat
2880 3104 2949 3168 in
2995 3105 3329 3187 republica
3372 3107 3686 3184 beneficii,
3731 3128 3927 3190 quam
3972 3106 4277 3173 maleficii
4317 3110 4677 3177 immemo-.

2704 3209 2847 3254 rem
2890 3190 3042 3256 fore.
3132 3191 3358 3257 Bonus
3411 3191 3866 3257 tantummodo
3924 3194 4189 3276 segnior
4242 3195 4321 3259 fit
4370 3194 4480 3260 ubi
4541 3218 4657 3262 ne-

2705 3273 2947 3359 gligas,
3014 3276 3230 3343 malus
3296 3278 3667 3361 improbior.
3758 3276 4149 3363 corrigendi
4216 3288 4371 3345 sunt
4434 3283 4656 3366 itaque

2700 3382 2928 3445 poena,
2975 3364 3084 3445 qui
3129 3362 3261 3428 alia
3302 3365 3556 3428 ratione
3598 3365 3669 3427 in
3692 3363 3877 3429 viam
3912 3364 4136 3429 reduci
4172 3377 4524 3449 nequeunt,
4574 3391 4658 3434 ne

2701 3448 2869 3511 fiant
2911 3449 3359 3514 effrenatiores
3396 3449 3659 3515 licentia
3703 3456 3769 3512 et
3813 3451 4270 3539 corruptiores.
4337 3452 4496 3518 Ideo
4532 3451 4657 3520 So-

2700 3533 2814 3597 lon
2861 3533 3119 3601 dicebat
3163 3534 3632 3618 rempublicam
3675 3534 3929 3601 duobus
3975 3537 4316 3617 contineri,
4410 3543 4657 3605 raemio

2702 3626 2770 3682 et
2820 3640 3045 3703 poena.
3146 3621 3230 3687 In
3284 3641 3478 3704 quam
3535 3622 3932 3687 sententiam
3982 3622 4272 3702 Plinius,
4388 3626 4655 3705 raemia,

2700 3705 2936 3787 inquit,
2975 3704 3297 3772 bonorum
3335 3715 3402 3771 et
3432 3707 3776 3785 malorum,
3814 3707 4016 3773 bonos
4052 3716 4118 3773 et
4154 3709 4359 3775 malos
4387 3712 4655 3777 faciunt.

2698 3789 2846 3856 Hoc
2889 3811 3097 3875 genus
3137 3813 3384 3874 poenae
3423 3792 3697 3858 Graecis
3739 3803 4049 3871 νουθεσία,
4094 3800 4197 3856 καὶ
4237 3794 4504 3875 κόλασις,
4552 3802 4658 3861 καὶ

2700 3886 3053 3960 παραίνεσις
3097 3877 3354 3958 dicitur,
3445 3878 3588 3944 nasi
3630 3879 3836 3943 latine
3880 3880 4312 3945 monitionem
4348 3881 4542 3961 dicas,
4590 3893 4659 3948 et

2703 3963 3356 4044 animadversionem.
3478 3966 3539 4029 ic
3562 3965 3787 4030 scribit
3810 3963 4071 4030 Gellius
4102 3965 4269 4031 libro
4292 3966 4411 4032 VI.
4447 3989 4657 4050 quum

2702 4047 2784 4112 de
2828 4047 2932 4114 his
2977 4050 3186 4114 tribus
3229 4049 3544 4134 puniendi
3596 4051 3807 4116 causis
3850 4050 4140 4132 loquitur
4182 4052 4409 4117 eodem
4453 4072 4656 4122 sensu

2701 4156 2827 4217 quo
2885 4133 3165 4201 Seneca:
3224 4136 3353 4202 nisi
3406 4136 3579 4220 quod
3638 4131 3714 4200 in'
3762 4138 3959 4201 tertia
4012 4136 4353 4220 discrepat.
4444 4139 4661 4206 Vocat

2703 4222 2885 4285 enim
2941 4230 3234 4305 τιμωρίαν
3276 4223 3614 4288 inductam
3674 4221 3755 4285 ad
3791 4220 4124 4287 tuendam
4184 4225 4327 4288 eius
4371 4223 4660 4309 dignita·

2702 4314 2837 4370 tem
2872 4309 3435 4390 autoritatemque,
3472 4310 3542 4372 in
3581 4327 3780 4391 quem
3814 4315 4155 4390 peccatum
4191 4317 4307 4387 est,
4346 4332 4429 4375 ne
4462 4332 4658 4394 prae·-

2702 4393 3006 4458 termissa
3051 4402 3500 4477 contemptum
3554 4396 3694 4460 eius
3749 4394 3982 4476 pariat.
4074 4392 4267 4474 Quod
4326 4408 4544 4461 tamen
4600 4398 4659 4463 si

2702 4480 2967 4561 propius
3012 4480 3642 4558 animadvertamus,
3688 4479 3774 4543 ad
3816 4479 4098 4544 eundem
4143 4482 4341 4546 finem
4384 4482 4655 4549 aceedit.

2702 4564 2895 4629 Plato
2941 4562 3102 4630 duas
3147 4566 3413 4630 omnino
3456 4586 3684 4631 causas
3719 4566 3937 4641 refert,
3982 4567 4217 4631 tertiae
4254 4589 4385 4631 non
4421 4568 4658 4633 memi-

2702 4651 2831 4715 nit:
2869 4670 3069 4733 quam
3106 4661 3325 4717 tamen
3359 4673 3491 4716 non
3527 4651 3752 4717 debuit
3782 4651 4132 4735 negligere.
4194 4650 4441 4718 Scribit
4472 4655 4659 4719 enim

2648 4766 2653 4797 ι
2703 4735 2776 4800 in
2820 4736 3072 4820 Gorgia
3115 4758 3259 4804 esse
3298 4738 3723 4814 conveniens,
3780 4754 3855 4800 ut
3897 4738 4003 4820 qui
4050 4737 4386 4819 plectitur,
4443 4739 4524 4804 ab
4580 4760 4658 4805 eo

2706 4843 2745 4886 a
2784 4844 2910 4904 quo
2950 4824 3241 4905 punitur,
3287 4823 3520 4886 melior
3562 4825 3710 4899 fiat,
3758 4833 3873 4885 aut
3916 4830 3990 4886 ut
4032 4822 4335 4906 exemplo
4378 4827 4659 4890 caeteris

2705 4908 2819 4985 sit,
2876 4909 2988 4991 qui
3034 4907 3333 4974 videntes
3382 4907 3554 4972 male
3607 4908 3949 4986 affectum,
4004 4927 4163 4991 prae
4212 4918 4391 4975 metu
4444 4912 4657 4975 conti-

2703 5004 3002 5058 neantur.
3091 4994 3183 5059 Et
3237 4991 3420 5058 alibi:
3478 4992 3816 5077 Supplicia
3870 5001 3940 5058 et
3989 4995 4071 5060 iis
4122 4995 4237 5077 qui
4274 4996 4654 5079 perferunt,

2703 5088 2772 5144 et
2813 5080 3286 5162 spectatoribus
3331 5078 3522 5144 utilia
3563 5101 3705 5146 esse
3748 5088 4021 5164 oportet.

2874 5165 3015 5229 Aut
3053 5166 3190 5230 eius
3223 5184 3431 5247 poena
3470 5165 3765 5253 caeteros]
3810 5165 4009 5230 Haec
4056 5166 4310 5249 species
4362 5166 4655 5250 punin'o-
4718 5190 4735 5197 ·

2702 5251 2808 5315 nis
2851 5250 3127 5316 Graecis
3167 5249 3592 5334 παράδειγμα,
3638 5252 3897 5317 Latinis
3930 5251 4307 5335 exemplum
4354 5254 4655 5318 nom'ua-
