4984 5975
2080 317 2820 390 PROLEGOMENA.
4291 323 4476 392 XIX

439 508 664 577 locum
705 529 900 574 suum
956 506 1321 593 assignavit
1365 509 1542 575 inter
1583 509 1667 575 N.
1712 507 1890 576 XIV
1932 515 2003 576 et
2041 508 2183 576 XV
2235 508 2634 590 collectionis
2689 529 2729 574 a
2783 506 3079 575 Gallasio
3133 507 3494 576 institutae.
3581 509 3817 578 XXII.
3873 511 4188 582 Defensio
4241 514 4471 580 ortho-

440 621 657 688 doxae
712 618 869 686 fidei
920 642 971 686 s.
1029 620 1348 687 triniatis
1405 620 1721 687 adversus
1777 620 2184 707 prodigiosos
2239 640 2499 688 errores
2544 618 2979 687 Michaelis
3025 617 3382 687 Serveti.
3471 620 3745 689 XXIII.
3799 625 4112 692 Defensio
4155 645 4361 693 sanae
4403 633 4475 691 et

439 731 853 799 orthodoxae
892 729 1226 798 doctrinae
1268 731 1351 798 de
1394 754 1427 798 s
1442 753 1527 800 ac
1540 754 1708 799 ram
1721 734 1953 800 entis.
2040 732 2306 800 XXIV.
2365 730 2677 800 Secunda
2730 731 3020 798 defensio
3062 729 3468 798 orthodoxae
3521 731 3604 798 de
3646 736 4073 804 sacramentis
4115 735 4269 804 fidei
4311 757 4472 803 con-

441 850 556 911 tra
593 842 999 910 Ioachimi
1039 843 1506 938 Westphali
1552 844 1927 912 calumnias.
2017 843 2247 912 XXV.
2300 843 2613 912 Ultima
2655 842 3107 910 admonitio
3149 841 3235 906 ad
3267 841 3322 908 I.
3366 842 3858 929 Westphalum.
3946 846 4211 914 XXVI.
4271 846 4470 913 Dilu-

437 954 592 1023 cida
631 954 984 1040 explicatio
1038 975 1239 1022 sanae
1290 954 1622 1023 doctrinae
1679 956 1761 1021 de
1805 977 1963 1023 vera
2015 956 2518 1040 participatione
2571 956 2787 1023 carnis
2842 960 2912 1020 et
2964 955 3308 1038 sanguinis
3350 953 3602 1023 Christi
3635 965 3888 1026 contra
3927 957 4219 1026 Heshu
4232 958 4462 1028 sium.

438 1066 744 1133 XXVII.
792 1064 1068 1150 Optima
1108 1065 1435 1132 ineundae
1486 1066 1983 1134 concordiae
2026 1068 2216 1133 ratio.
2305 1067 2647 1133 xxvm
2703 1068 3125 1150 Responsum
3170 1064 3255 1130 ad
3298 1066 3538 1133 fratres
3579 1069 3865 1138 Polonos
3907 1091 4037 1153 quo
4089 1070 4285 1135 modo
4326 1092 4470 1137 me-

435 1178 653 1244 diator
709 1179 799 1244 sit
837 1176 1172 1258 Christus,
1229 1176 1315 1244 ad
1354 1177 1778 1245 refutandum
1822 1177 1873 1246 S
1888 1185 2027 1245 tan
2043 1179 2209 1245 cari
2263 1199 2573 1246 errorem.
2661 1177 2930 1244 XXIX.
2988 1175 3295 1243 Censura
3336 1197 3459 1244 seu
3497 1179 3718 1246 brevis
3763 1180 4065 1248 refutatio
4104 1181 4467 1247 calumnia-

438 1311 597 1356 rum
660 1290 1004 1356 Antonii
1072 1287 1541 1356 Cathalani.
1643 1289 1875 1356 XXX.
1943 1291 2183 1358 Brevis
2237 1291 2577 1375 responsio
2633 1290 2734 1358 ad·
2772 1286 3116 1355 diluendas
3183 1288 3633 1356 nebulonis
3699 1291 4041 1358 cuiusdam
4104 1291 4469 1360 calumnias

438 1403 684 1486 quibus
730 1400 1092 1468 doctrinam
1138 1399 1219 1466 de
1263 1407 1533 1466 aeterna
1576 1402 1705 1467 Dei
1748 1401 2342 1485 praedestinatione
2396 1403 2656 1468 foedare
2706 1407 2980 1468 conatus
3023 1407 3142 1466 est.
3231 1399 3501 1468 XXXI.
3573 1402 3950 1469 Gratulatio
3995 1402 4080 1468 ad
4123 1404 4469 1471 Gabrie-

436 1513 601 1580 lem
653 1513 744 1580 de
789 1512 1168 1597 Saconay
1220 1519 1713 1597 praecentorem
1767 1512 2271 1608 lugdunensem.
2367 1512 2674 1579 XXXII.
2731 1510 3113 1578 Confutatio
3167 1511 3512 1578 cuiusdam
3564 1513 3967 1581 Hellandi
4019 1516 4133 1598 qui
4182 1517 4469 1598 speciose

441 1624 827 1704 obtendens,
873 1624 1288 1690 Christianos
1331 1645 1372 1689 a
1414 1646 1484 1690 se
1538 1645 1808 1708 prorsus
1850 1625 2229 1709 spirituales
2272 1624 2604 1690 redditum
2647 1625 2749 1704 iri,
2795 1622 3094 1690 concedit
3158 1627 3236 1687 ut
3278 1644 3554 1708 corpora
3606 1626 3909 1711 polluant
3949 1625 4286 1711 quibusvis
4326 1626 4470 1693 ido-

439 1736 738 1804 lolatriis.
838 1734 1183 1802 XXXIII.
1240 1736 1610 1821 Responsio
1676 1735 1760 1801 ad
1826 1736 2353 1822 versipellem
2407 1736 2741 1821 quendam
2807 1733 3241 1801 mediatorem
3307 1735 3422 1819 qui
3483 1737 3871 1821 pacificandi
3934 1738 4151 1822 specie
4212 1745 4469 1804 rectum

440 1848 773 1934 evangelii
816 1868 1082 1915 cursum
1121 1849 1193 1913 in
1239 1847 1464 1913 Gallia
1505 1841 1896 1931 abrumpere
1933 1849 2205 1915 molitus
2250 1857 2367 1915 est.
2432 1846 2769 1914 XXXIV.
2825 1847 3159 1913 Praefatio
3198 1845 3284 1911 ad
3320 1847 3539 1914 Bezae
3580 1869 3971 1932 responsum
4011 1855 4242 1916 contra
4271 1849 4335 1915 B
4350 1849 4470 1916 al-

438 1961 795 2027 duinum.
885 1958 1184 2026 XXXV.
1247 1959 1682 2026 Valentini
1725 1959 2089 2026 Gentilis
2130 1960 2551 2045 impietatum
2594 1965 2663 2024 et
2703 1957 2984 2042 triplicis
3025 1956 3341 2042 perfidiae
3396 1979 3473 2025 ac
3527 1959 3800 2044 periurii
3838 1960 4058 2046 brevis
4100 1960 4468 2044 explicatio.

436 2071 781 2139 XXXVI.
836 2071 1077 2137 Brevis
1121 2070 1481 2138 admonitio
1524 2070 1608 2136 ad
1650 2071 1891 2138 &atres
1929 2071 2285 2138 Polonos
2329 2092 2414 2136 ne
2456 2070 2783 2155 triplicem
2823 2070 2898 2135 in
2939 2071 3084 2137 Deo
3129 2069 3484 2136 essentiam
3536 2091 3660 2155 pro
3702 2071 3917 2138 tribus
3959 2072 4261 2156 personis
4301 2073 4469 2138 ima-

438 2183 733 2270 ginando
774 2191 915 2249 tres
958 2182 1082 2248 sibi
1122 2183 1279 2249 deos
1320 2182 1657 2249 fabricent.
1746 2181 2118 2248 XXXVII.
2174 2182 2553 2268 Epistola
2593 2202 2761 2266 quae
2801 2181 3002 2248 fidem
3044 2181 3246 2247 huius
3280 2180 3376 2247 ad
3416 2181 3774 2249 Polonos
3815 2182 4280 2250 admonitionis
4313 2205 4470 2250 con·

437 2296 683 2361 firmat.
770 2290 1182 2360 XXXVIII.
1239 2294 1606 2378 Responsio
1649 2292 1733 2359 ad
1775 2294 2165 2386 Balduini
2211 2294 2521 2361 convicia.
2609 2291 2949 2358 XXXIX.
3006 2291 3439 2359 Confessio
3478 2291 3686 2360 fidei
3735 2294 4002 2359 nomine
4043 2294 4471 2361 ecclesiarum

444 2406 836 2492 gallicarum
876 2406 1138 2489 scripta.

753 2518 865 2584 Ex
921 2517 1027 2583 his
1081 2517 1386 2584 omnibus
1429 2525 1711 2601 quatuor
1752 2524 2014 2583 tantum
2057 2516 2372 2601 opuscula
2429 2515 2665 2601 gallico
2718 2514 3027 2581 idiomate
3086 2513 3167 2580 ab
3215 2520 3444 2580 autore
3488 2521 3765 2581 exarata
3803 2515 4089 2595 fuerant,
4131 2538 4220 2582 sc.
4264 2514 4467 2584 XXI.

435 2629 713 2698 XXIX.
760 2627 1066 2696 XXXII.
1108 2627 1482 2709 XXXIX.;
1528 2639 1788 2696 caetera
1830 2629 2053 2694 omnia
2095 2628 2205 2696 hic
2247 2628 2328 2694 de
2371 2628 2581 2694 latino
2624 2646 2947 2694 conversa
2984 2626 3316 2710 leguntur.

752 2740 980 2807 Huius
1019 2739 1322 2807 editionis
1364 2741 1569 2823 quum
1610 2741 1945 2808 rarissime
1988 2746 2336 2808 occurrant
2389 2736 2797 2823 exemplaria
2838 2736 3121 2818 venalia,
3173 2737 3301 2821 ipsi
3352 2735 3617 2804 nullum
3663 2736 3882 2804 adhuc
3922 2738 4102 2804 nacti
4143 2737 4319 2822 quod
4358 2760 4468 2807 co-

436 2855 571 2939 piis
613 2851 856 2919 nostris
897 2851 1315 2930 adderemus,
1369 2851 1661 2936 primum
1702 2875 1788 2919 ex
1832 2851 2358 2938 Guelferbytana
2408 2849 2807 2918 bibliotheca
2857 2849 3055 2916 allato
3110 2848 3215 2916 uti
3257 2848 3826 2916 constitueramus.
3914 2847 4092 2915 Illud
4135 2871 4292 2917 vero
4305 2903 4322 2932 ,
4366 2851 4473 2919 lu-

436 2964 827 3033 bentissime
868 2964 1207 3031 nobiscum
1250 2965 1803 3032 communicatum
1818 3016 1833 3043 ,
1889 2965 2058 3032 nulli
2098 2962 2290 3031 nobis
2332 2964 2481 3031 usui
2522 2962 2649 3030 fuit
2690 2983 2897 3047 quum
2947 2962 3085 3028 fere
3128 2960 3402 3028 dimidia
3443 2981 3530 3027 ex
3571 2967 3761 3045 parte
3803 2981 4116 3028 mancum
4159 2968 4228 3029 et
4267 2965 4474 3031 muti-

438 3078 589 3145 lum
634 3077 724 3143 sit
767 3083 834 3142 et
872 3077 948 3141 in
988 3058 1235 3162 pagina
1282 3079 1445 3140 1312
1491 3076 1825 3143 subsistat.
1928 3077 2103 3143 Tum
2145 3075 2536 3142 ¹Pus-icenses
2589 3078 2850 3140 nostros
2903 3074 3183 3158 optimos
3234 3073 3530 3140 fautores
3589 3071 3871 3139 adiimus
3925 3094 3966 3139 a
4000 3060 4247 3156 'quibus
4286 3075 4471 3143 aliud

439 3187 787 3274 exemplar
841 3188 1208 3272 accepimus
1261 3188 1399 3253 fere
1453 3186 1817 3272 integrum,
1874 3189 1946 3254 in
2003 3208 2129 3272 quo
2185 3194 2411 3254 tamen
2466 3193 2606 3252 tres
2659 3186 2995 3252 terniones
3047 3205 3085 3252 e
3140 3182 3357 3250 medio
3402 3183 3744 3251 volumine
3787 3183 3925 3250 iam
3962 3186 4297 3269 perierant
4338 3207 4470 3271 quo

435 3309 743 3385 tempore
797 3320 876 3365 ea
926 3319 1096 3383 quae
1147 3320 1328 3365 nunc
1383 3305 1484 3366 est
1532 3298 1822 3383 ligatura
1886 3299 2204 3366 donatum
2257 3300 2397 3365 fuit.
2497 3299 2764 3365 Desunt
2814 3295 2994 3362 enim
3048 3316 3301 3381 ggggg,
3352 3292 3630 3375 hhhhh,
3697 3314 3926 3377 ooooo,
3993 3294 4134 3365 sive
4187 3298 4471 3384 paginae

444 3415 901 3478 1561—1592
939 3416 1009 3477 et
1047 3412 1509 3491 1673—1688,
1555 3429 1722 3494 quae
1761 3416 1919 3477 sunt
1958 3417 2181 3494 partos
2217 3415 2620 3477 tractatuum
2660 3407 3132 3492 polemicorum
3183 3406 3266 3473 de
3309 3427 3503 3474 sacra
3546 3425 3752 3474 coena
3789 3408 3995 3475 latine
4037 3408 4468 3491 edendorum,

431 3522 684 3608 quibus
724 3522 913 3589 facile
955 3543 1175 3588 carere
1215 3523 1596 3605 poterimus.

2388 3803 2513 3871 IV.

1907 3941 2235 4009 EDI'I'IO
2278 3940 2586 4007 ΒΕΖΑΕ
2630 3938 3002 4006 LA'HNA.

755 4097 989 4163 Altera
1030 4096 1243 4162 Besae
1284 4095 1504 4175 editio,
1549 4103 1628 4161 ut
1668 4097 1802 4162 iam
1844 4116 2048 4180 supra
2089 4094 2397 4175 diximus,
2444 4094 2758 4162 decennio
2798 4099 2948 4176 post
2989 4092 3276 4178 priorem
3319 4093 3564 4178 prodiit
3605 4091 3978 4176 sumptibus
4014 4092 4203 4160 Petri
4238 4091 4472 4185 Saint-

432 4210 680 4279 Andre
721 4207 1115 4292 bibliopolae
1158 4206 1567 4293 genevensis,
1611 4205 1843 4274 eadem
1885 4202 2112 4287 forma,
2159 4206 2353 4292 paulo
2393 4205 2616 4273 minus
2658 4203 3000 4291 splendide
3040 4205 3380 4289 impressa,
3425 4225 3658 4272 verum
3700 4203 4087 4288 locupletior
4128 4212 4198 4270 et
4240 4206 4472 4293 singu-

432 4324 535 4390 lis
574 4319 961 4389 tractatibus
1003 4340 1138 4385 non
1178 4340 1299 4403 pro
1353 4339 1474 4385 sua
1530 4325 1742 4385 aetate
1785 4325 1863 4384 ut
1904 4326 2101 4385 antea
2143 4317 2479 4403 dispositis
2534 4316 2651 4384 sed
2692 4316 2776 4382 ad
2821 4318 3197 4401 argumenti
3242 4318 3565 4383 rationem
3607 4315 3901 4401 digestis.
3988 4316 4251 4383 'I'itulus
4294 4318 4471 4384 inte-

434 4455 574 4521 ger
616 4435 710 4500 sic
752 4431 983 4497 habet:

759 4552 1058 4608 mimus
1117 4551 1418 4607 omnm
1486 4541 1494 4643 Ι
1560 4527 2219 4615 TRAOTATV
2221 4528 2285 4614 S
2355 4536 2367 4641 Ι
2438 4526 3201 4613 THEOLOGIOI
3267 4534 3282 4638 Ι
3345 4537 3693 4620 oms,
3739 4538 3992 4611 mmo
4032 4538 4455 4627 Humum

429 4666 531 4725 m
577 4664 793 4720 VNVM
826 4663 1187 4719 VOLVMEN
1234 4655 1246 4736 Ι
1296 4653 1493 4719 certis
1536 4643 1851 4720 classibus
1893 4655 2216 4738 congesti:
2265 4653 2277 4738 Ι
2334 4652 2587 4736 QVOR
2601 4652 2748 4720 VM
2779 4652 3013 4734 ALIQ
3027 4653 3135 4718 VI
3171 4648 3364 4717 NEC
3402 4649 3777 4717 LATINE
3808 4652 3819 4734 Ι
3856 4670 3966 4716 nec
4004 4649 4251 4717 Gallice
4271 4654 4472 4735 prius

430 4768 608 4836 editi
626 4767 901 4849 fuerunt.
941 4765 953 4848 Ι
988 4774 1107 4831 HIS
1142 4773 1661 4830 AOOESSERVNT
1693 4774 2029 4831 EIVSDEM
2067 4772 2078 4842 Ι
2114 4791 2325 4828 osum
2355 4791 2411 4827 ιι
2440 4791 2627 4841 pmos
2664 4789 2899 4826 mum
2933 4791 3006 4827 nn
3057 4763 3069 4847 Ι
3119 4761 3491 4831 Clementia
3537 4761 4032 4830 Commentarii.
4112 4770 4476 4840 (Emblema.)

438 4875 935 4955 GENEVAE‚
999 4876 1008 4961 Ι
1070 4864 1339 4977 Apud
1396 4864 1758 4948 Petrum
1819 4863 2578 4972 Santandreanum,
2648 4861 2662 4968 Ι
2726 4874 2821 4941 Μ.
2845 4875 2929 4941 D.
2952 4872 3282 4940 LXXVI.

762 4987 1114 5053 Emblema
1164 4987 1463 5054 officinae
1517 4986 1788 5054 exhibet
1824 4989 2123 5056 mulieris
2164 4987 2383 5055 nudae
2436 4990 2722 5073 figuram
2775 4986 2849 5052 in
2890 4985 3106 5068 lapide
3148 4986 3372 5052 cubico
3414 4985 3731 5067 sedentis,
3775 4986 3942 5070 pede
3983 4985 4058 5051 in
4101 4984 4293 5070 globo
4336 4994 4473 5053 ter-

436 5099 652 5169 restri
694 5098 908 5183 posito
951 5107 1020 5164 et
1062 5099 1299 5166 dextra
1339 5122 1543 5166 manu
1584 5099 1809 5180 solem,
1844 5099 2114 5167 sinistra
2153 5098 2391 5166 librum
2438 5107 2508 5166 et
2537 5099 2797 5185 palmae
2838 5116 3100 5163 ramum
3140 5098 3448 5166 tenentis.
3537 5099 3665 5166 Est
3712 5096 3877 5165 haec
3923 5096 4291 5164 secundum
4329 5095 4480 5180 epi-

442 5210 768 5298 graphen
812 5210 1211 5274 ΑΛΗΘΕΙΑ
1252 5210 1673 5275 ΠΑΝΛΑΜΑ
1681 5213 1877 5277 ΤΩΡ.
1967 5211 2251 5279 Caetera
2291 5219 2680 5278 ornamenta
2720 5208 3054 5276 declarare
3097 5230 3232 5277 non
3276 5211 3529 5276 attinet.
3972 5308 4059 5365 c*
