4984 5975
391 280 472 340 37
1842 279 2132 346 LIBER
2172 267 2248 363 1²„
2317 281 2621 348 cAPu'r
2660 283 2752 349 11.
2820 285 2946 349 111.
4315 296 4398 361 ss

394 466 778 551 praefi-acta.
821 464 1128 531 Valerius
1164 466 1271 531 lib.
1308 467 1431 531 11.:
1470 467 1722 552 Aspero
1758 468 1936 533 enim
1970 475 2038 534 et
2071 469 2352 536 abscisso

393 553 554 619 caeti
641 551 839 617 tionis
896 572 1135 635 genere
1186 553 1489 617 militaris
1547 553 1894 638 disciplina
1945 553 2211 639 indiget.
2258 556 2351 620 Et

395 637 501 704 lib.
646 659 693 702 .:
751 637 1107 719 Aliquanto
1151 636 1543 704 Charondae
1586 640 1774 724 Tyrii
1813 640 2238 723 praefractior
2283 648 2350 707 et

395 724 741 790 abscissior
789 723 1056 801 iustitia,
1111 722 1194 787 ad
1252 725 1385 789 vim
1441 732 1509 789 et
1563 745 1862 790 cruorem
1906 746 2131 807 usque.
2176 726 2349 792 Vide

394 809 738 875 Budaeum
793 809 862 873 in
921 816 1169 874 annott.
1227 818 1462 892 poster.
1552 811 1805 876 Eodem
1860 811 2057 876 libro:
2129 809 2350 892 Quam

397 896 628 961 efficax
672 901 773 960 eet
814 896 1018 959 animi
1063 897 1507 979 sermonisque
1550 895 1813 962 abscissi
1859 897 2169 980 gravitas.

571 982 733 1046 Tam
783 980 1067 1045 omnibus
1102 982 1409 1065 iquos-cere
1449 982 1786 1047 crudelitas
1828 979 1942 1068 est]
2007 982 2088 1046 In
2137 983 2344 1048 Mimo

394 1068 715 1135 Publiano
755 1067 1038 1150 legitur:

701 1169 863 1223 Bonis
899 1175 1078 1237 nocet,
1114 1169 1351 1237 quisquis
1388 1171 1693 1238 pepercerit
1727 1170 1899 1225 malis.
2328 1221 2336 1229 .

391 1256 541 1322 Non
598 1253 770 1339 quod
812 1254 966 1349 boni
1023 1254 1360 1337 sanguinis
1405 1255 1541 1320 sint
1582 1262 1990 1339 appetentes,
2037 1256 2152 1321 sed
2189 1258 2343 1340 quia

391 1364 525 1407 non
558 1341 821 1406 aliunde
856 1346 1094 1422 petunt
1125 1339 1529 1423 praesidium
1562 1361 1759 1423 quam
1795 1364 1834 1406 a
1877 1342 2131 1426 legibus
2175 1364 2341 1425 quae

392 1428 446 1495 si
481 1427 672 1493 malis
708 1426 928 1491 omnia
961 1426 1432 1508 permitterent,
1471 1435 1687 1492 actum
1724 1437 1896 1493 esset
1932 1427 2012 1492 de
2049 1430 2341 1493 omnium

390 1515 706 1580 bonorum
761 1510 988 1577 salute.
1079 1509 1532 1592 Quintilianus
1584 1512 1693 1578 lib.
1737 1512 1931 1577 XII.:
1979 1511 2053 1578 Si
2098 1535 2340 1597 poenas

392 1599 709 1667 scelerum
744 1603 1049 1680 expetere
1085 1603 1227 1675 [pag.
1269 1603 1372 1675 25]
1409 1598 1505 1662 fas
1540 1618 1679 1662 non
1712 1607 1829 1678 est,
1874 1619 2076 1682 prope
2120 1608 2221 1665 est
2262 1608 2339 1664 ut

391 1685 637 1752 scelera
691 1684 837 1766 ipsa
878 1683 1198 1766 permissa
1239 1682 1403 1747 sint:
1457 1691 1526 1748 et
1564 1683 1898 1749 licentiam
1939 1685 2133 1751 malis
2177 1684 2337 1765 dari,

392 1778 562 1839 certe
608 1776 834 1835 contra
877 1768 1078 1833 110008
1122 1776 1236 1833 081.

561 1854 644 1920 In
675 1859 926 1936 partem
966 1853 1396 1919 humaniorem
1429 1854 1908 1941 praeponderet]
1960 1855 2156 1920 Hanc
2200 1877 2336 1921 100-

389 1941 793 2026 taphoricam
835 1939 1285 2023 loquutionem
1321 1960 1360 2003 a
1380 1940 1786 2022 ponderibus,
1822 1949 2154 2024 sumptam
2197 1964 2338 2007 ma-

387 2028 500 2092 lim
555 2050 639 2092 ex
681 2024 901 2091 verbis
959 2025 1263 2109 Gregorii
1318 2025 1675 2109 intelligas,
1735 2028 1847 2109 qui
1900 2027 1994 2093 sic
2021 2027 2337 2110 loquitur

385 2113 458 2177 in
499 2111 889 2178 Moralibus:
949 2108 1186 2177 Omnis
1229 2112 1338 2193 qui
1381 2112 1550 2176 iuste
1592 2111 1867 2191 iudicat,
1914 2121 2225 2178 stateram
2264 2113 2336 2176 in

386 2220 587 2264 manu
631 2204 875 2283 gestat3
929 2196 1004 2262 in
1044 2203 1318 2279 utroque
1370 2216 1580 2278 penso
1609 2198 1932 2261 iustitiam
1974 2209 2041 2263 et
2081 2199 2335 2262 miseri-

384 2283 674 2349 cordiam
724 2290 959 2366 portat.
1049 2280 1185 2347 Sed
1250 2303 1369 2365 per
1420 2282 1740 2347 iustitiam
1806 2282 2023 2347 reddit
2087 2285 2334 2366 peccati

383 2370 794 2446 sententiam,
840 2389 957 2452 per
998 2367 1509 2455 misericordiam
1546 2370 1790 2451 pcccati
1826 2378 2150 2451 temperat·
2181 2390 2334 2452 poe-

382 2477 567 2521 nam:
637 2461 713 2520 ut
768 2455 938 2519 iusto
992 2453 1338 2519 libramine
1393 2453 1712 2536 quaedam
1766 2475 1883 2536 per
1940 2455 2333 2537 aequit-atem

382 2541 682 2626 corrigat,
727 2539 1051 2623 quaedam
1085 2560 1241 2605 vero
1275 2559 1397 2622 per
1429 2539 1940 2605 misericordiam
1975 2539 2328 2623 indulgeat.

379 2626 523 2692 Iam
575 2628 730 2710 quia
785 2624 1043 2691 difficile
1098 2633 1199 2690 est
1251 2625 1531 2709 appendi
1577 2647 1835 2708 semper
1879 2646 2086 2708 aequa
2140 2626 2331 2691 lance

380 2714 791 2791 sententiam,
835 2712 985 2776 vult
1025 2710 1277 2777 Seneca
1321 2710 1600 2777 iudicem
1643 2712 1713 2775 in
1757 2712 2173 2776 clementiam
2214 2732 2329 2795 po-

382 2798 509 2864 tius
544 2819 744 2881 quam
779 2799 845 2861 in
885 2797 1333 2863 crudelitatem
1365 2817 1506 2861 0880
1538 2816 1954 2880 propensum.
2014 2797 2095 2861 Id
2129 2798 2328 2863 etiam

327 2954 338 2969 ‚
378 2885 521 2949 iure
575 2884 1004 2949 constitutum
1060 2890 1191 2962 081,
1246 2892 1319 2947 ut
1361 2884 1417 2946 si
1461 2884 1825 2947 sententiae
1868 2883 2011 2965 pari
2056 2904 2327 2948 numero

380 2970 694 3036 adversae
737 2969 1055 3047 ferantur,
1090 2990 1261 3045 10118,
1306 2968 1490 3052 quasi
1531 2990 1804 3034 numero
1825 2968 2079 3048 vicerit,
2115 2968 2326 3036 absol-

381 3063 595 3122 vatur.
687 3054 891 3121 Cuius
937 3057 1034 3120 rei
1093 3056 1414 3119 rationem
1470 3054 1684 3119 reddit
1729 3054 2116 3120 Aristoteles
2159 3056 2326 3121 Pro·

377 3139 739 3206 blematum
777 3142 1059 3208 sectione
1100 3140 1365 3206 XXIX.

1109 3359 1413 3480 CAPUT
1455 3414 1582 3479 ΠΙ.

555 3553 744 3617 Nunc
782 3553 854 3616 in
896 3556 1021 3617 tres
1055 3555 1276 3633 partes
1319 3571 1555 3616 omnem
1600 3552 1757 3616 hanc
1799 3552 2130 3616 materiam
2170 3551 2329 3616 divi-

377 3640 542 3706 dam.
639 3638 867 3703 Prima
910 3638 1025 3702 erit
1064 3637 1598 3701 manumissionis.
1691 3637 1978 3701 Secunda
2013 3657 2173 3718 quae
2212 3657 2326 3702 na·-

377 3731 592 3791 turam
644 3724 997 3789 clementiae
1061 3723 1455 3803 habitumque
1495 3722 1889 3787 demonstret:
1939 3742 2092 3787 nam
2132 3743 2327 3803 quum

376 3811 504 3875 sint
541 3811 698 3874 vitia
742 3808 1051 3890 quaedam
1091 3810 1349 3873 virtutes
1391 3809 1732 3886 imitantia,
1778 3828 1901 3872 non
1931 3814 2195 3889 possunt
2235 3829 2327 3874 se-

377 3897 564 3975 cerni,
600 3893 730 3959 nisi
760 3896 942 3978 319110
963 3894 1186 3977 quibus
1206 3896 1666 3976 diynoscantur,
1701 3895 2115 3974 impresseris.
2179 3894 2326 3960 Ter-

376 3982 466 4046 tio
517 3981 639 4046 loco
691 4001 1061 4062 quaeremus
1102 3980 1396 4062 quomodo
1439 3979 1523 4043 ad
1574 3979 1733 4044 hanc
1775 3980 2063 4044 virtutem
2093 3980 2326 4061 perdu—

376 4073 558 4133 catur
589 4068 859 4146 animus,
903 4066 1195 4148 quomodo
1235 4063 1549 4145 confirmet
1579 4085 1734 4142 eam,
1770 4070 1827 4129 et
1857 4086 1980 4129 usu
2015 4085 2198 4130 suam
2228 4067 2326 4147 fa-

377 4154 520 4219 ciat.
625 4151 890 4217 Nullam
944 4172 1084 4216 vero
1135 4171 1213 4215 ecc
1268 4150 1553 4215 omnibus
1602 4151 1935 4230 virtutibus
1974 4152 2181 4235 mayis
2221 4151 2324 4214 ho-

375 4239 542 4303 mini
575 4239 922 4317 convenire,
980 4257 1174 4319 quum
1212 4237 1296 4302 sit
1327 4236 1505 4300 nulla
1553 4237 1917 4315 humanior,
1962 4242 2183 4301 constet
2226 4257 2327 4302 ne-

377 4343 546 4390 cesse
583 4328 703 4402 est,
760 4344 884 4388 non
935 4323 1138 4388 solum
1179 4323 1341 4386 inter
1383 4342 1521 4401 nos,
1581 4322 1692 4402 qui
1747 4322 2050 4387 hominem
2103 4323 2327 4387 sociale

376 4409 623 4474 animal
678 4410 986 4474 communi
1042 4408 1191 4473 bono
1242 4409 1522 4492 qenitwm
1575 4408 1779 4472 videri
1835 4408 2123 4473 volumus
2137 4459 2151 4487 ,
2218 4409 2325 4474 sed

373 4496 567 4560 etiam
606 4495 766 4559 inter
807 4494 952 4560 illos
992 4494 1103 4577 qui
1157 4493 1463 4558 hominem
1514 4493 1813 4574 voluptati
1863 4493 2122 4572 donant,
2180 4514 2328 4575 quo-

372 4600 524 4646 rum
553 4581 768 4645 ovnnia
801 4581 965 4645 dida
1004 4580 1291 4661 factaque
1329 4578 1416 4643 ad
1447 4580 1779 4644 utilitatem
1809 4599 1995 4643 suam
2036 4584 2324 4660 spectant.

379 4667 557 4731 Nam
591 4666 652 4729 si
684 4667 945 4747 quietem
968 4667 1130 4747 petit
1172 4670 1228 4729 et
1269 4666 1494 4750 otium,
1535 4665 1693 4728 hanc
1731 4665 2020 4728 virtudem
2061 4670 2326 4731 naturae

374 4772 533 4818 suae
577 4757 795 4815 nactus
839 4757 948 4831 est,
1005 4771 1165 4834 quae
1207 4770 1428 4833 pacem
1482 4754 1652 4815 amat
1705 4755 1761 4813 et
1812 4770 2037 4814 manus
2094 4751 2325 4815 retinet.

377 4836 653 4926 Nullum
694 4841 899 4902 tamen
937 4837 1255 4902 clementia
1297 4857 1373 4901 ex
1417 4836 1701 4902 omnibus
1754 4837 1960 4919 mayis
2001 4855 2191 4917 quam
2233 4857 2328 4902 re·

370 4943 515 5009 90111
558 4928 669 4987 aut
710 4923 1067 5005 principem
1119 4921 1295 4988 decet.
1384 4920 1491 4986 Ita
1547 4923 1715 4987 enim
1766 4922 2029 4986 virtutes
2079 4922 2327 5005 maqnis

377 5009 541 5074 viris
559 5008 762 5074 decori
820 5008 1132 5090 loriaeque
1162 5012 1324 5086 sunt,
1361 5008 1421 5073 si
1453 5007 1588 5073 illis
1608 5007 1917 5072 salutaris
1924 5009 2202 5088 potentia
2222 5012 2326 5073 est.

379 5093 556 5159 Nam
742 5094 893 5159 'era
926 5094 1026 5159 vis
1057 5097 1161 5173 est,
1206 5092 1410 5158 valere
1449 5093 1537 5159 ad
1578 5093 1930 5158 nocendum.
1996 5092 2193 5159 Illius
2225 5094 2325 5159 de-

374 5199 555 5244 mum
595 5173 957 5263 may'nitudo
997 5177 1243 5244 stabilis
1297 5178 1688 5261 fundataque
1727 5184 1833 5257 est,
1883 5199 2060 5261 quem
2117 5198 2327 5244 omnes

2451 475 2583 536 tam
2623 491 2824 556 supra
2865 491 2932 537 sc
2973 492 3131 553 esse,
3186 493 3376 555 quam
3399 496 3524 558 pro
3563 498 3630 543 se
3670 478 3901 545 sciunt.-
3956 482 4138 546 cuius
4178 503 4398 549 curam

2452 556 2755 623 exaitare
2777 578 2902 639 pro
2946 559 3145 624 salute
3189 561 3574 644 singulorum
3610 570 3755 645 [pag.
3796 571 3903 644 26]
3937 573 4118 648 atque
4150 571 4398 635 univer-

2450 661 2663 706 sorum
2706 643 2978 726 quotidie
3029 646 3463 726 experiuntur:
3514 669 3633 729 quo
3676 653 4052 733 procedente,
4097 674 4217 718 non
4260 660 4394 719 tan-

2449 747 2641 809 quam
2672 729 2910 794 malum
2944 729 3201 812 aliquod
3233 736 3344 796 aut
3375 736 3632 800 noxium
3673 737 3913 803 animal
3954 760 3986 804 e
4027 740 4216 805 cubili
4244 760 4395 821 pro-

2447 813 2653 879 siliret
2683 814 3039 898 diffamant,
3092 812 3219 879 sed·
3235 821 3531 899 tanquam
3567 821 3653 885 ad
3685 822 3926 887 clarum
3960 843 4033 888 ac
4066 824 4394 907 beneficum

2449 899 2631 965 sidus
2674 901 2952 965 certatim
2993 899 3299 982 advolant,
3345 902 3602 971 obiicere
3654 927 3720 972 se
3755 928 3881 989 pro
3921 910 4026 974 illo
4086 913 4393 977 mucroni-

2447 983 2562 1048 bus
2603 985 3045 1085 insidiantium
3086 989 3523 1087 paratissimi,
3583 997 3639 1055 et
3697 994 4080 1061 substernere
4135 1015 4393 1079 corpora

2445 1088 2596 1219 ἔξω,
2619 1090 2813 1220 ἵέἷθν
2834 1072 4393 1233 immititmmzttzfflfflm:

2447 1241 2647 1306 latera
2698 1241 2909 1307 obiecti
2965 1243 3447 1325 circumfusique
3510 1247 3875 1329 defendunt:
3932 1251 4389 1317 incurrentibus

2433 1327 2747 1407 periculis
2789 1347 2855 1392 se
2897 1332 3222 1411 opponunt.
3293 1331 3437 1394 Non
3475 1331 3575 1397 hic
3616 1339 3705 1397 est
3747 1336 3883 1400 sine
3917 1338 4156 1402 ratione
4186 1359 4390 1419 popu-

2444 1412 2528 1476 lis
2561 1413 2937 1494 urbibusque
2970 1433 3316 1495 consensus,
3353 1417 3446 1481 sic
3476 1420 3838 1502 proteqendi
3880 1423 4256 1504 amandique
4295 1446 4389 1489 rc—

2439 1517 2562 1581 903,
2607 1503 2662 1563 et
2700 1518 2766 1564 se
2807 1518 3047 1580 suaque
3084 1501 3365 1565 iactandi
3403 1522 3757 1586 quocunque
3799 1506 4243 1572 desideraverit
4276 1510 4391 1573 im·

2435 1584 2719 1665 perantis
2760 1584 2956 1649 salus.
3029 1584 3161 1649 Nec
3204 1584 3351 1650 haec
3392 1589 3608 1654 vilitas
3649 1595 3738 1656 est
3780 1596 3891 1654 aut
3933 1591 4237 1657 dementia
4266 1615 4388 1675 pro

2439 1670 3196 1821 2225&ssssssssssssss
3235 1674 4393 1844 θῗὲῗλείζᾝΐὲιέἕῶψᾼῗηέοέὶ

2440 1840 2726 1906 invalidi.
2803 1841 3332 1922 Quemadmodum
3364 1849 3554 1909 totum
3594 1865 3819 1928 corpus
3853 1849 4065 1912 animo
4100 1850 4384 1929 deservit,

2439 1931 2496 1990 et
2518 1947 2709 2007 quum
2746 1926 2855 1992 hoc
2876 1931 3043 1992 tanto
3085 1930 3312 2007 maius,
3357 1933 3642 2012 tantoque
3679 1934 4018 2013 speciosius
4039 1936 4141 2013 sit,
4185 1935 4292 2000 ille
4316 1938 4385 2000 in

2442 2012 2668 2076 occulto
2709 2017 2959 2077 maneat
2999 2014 3224 2094 tenuis,
3267 2020 3324 2079 et
3364 2017 3435 2079 in
3488 2037 3615 2098 qua
3653 2019 3793 2082 sede
3848 2019 4044 2083 latitet
4084 2021 4385 2086 incertus.-

2379 2104 2387 2127 ⁴
2439 2103 2645 2161 tamen
2678 2118 2923 2175 manus,
2948 2098 3157 2179 pedes,
3195 2100 3356 2164 oculi
3397 2101 3701 2184 neqotium
3740 2104 3842 2168 illi
3879 2111 4114 2187 yerunt.
4182 2104 4387 2171 Illum

2438 2182 2586 2247 baec
2628 2184 2787 2247 cutis
2826 2185 3046 2247 munit.
3150 2183 3352 2250 Illius
3395 2187 3582 2251 iussu
3634 2189 3926 2270 iacemus,
3972 2196 4084 2254 aut
4126 2192 4388 2274 inquieti

2440 2269 2875 2333 discurrimus.
2970 2268 3176 2349 Quum
3215 2270 3321 2335 ide
3351 2273 3698 2353 imperavit,
3743 2276 3873 2339 sive
3915 2296 4153 2340 avarus
4192 2279 4386 2343 domi-

2439 2374 2561 2417 nus
2595 2359 2698 2431 est,
2735 2374 2910 2418 mare
2945 2355 3108 2419 lucri
3142 2374 3373 2420 caussa
3405 2363 3801 2422 scrutamur:
3836 2361 3967 2425 sive
4002 2362 4382 2441 ambitiosus,

2437 2440 2811 2505 iamdudum
2854 2439 3174 2504 dexteram
3186 2441 3466 2519 tlannnis
3486 2440 3829 2521 obiecimus,
3885 2452 3996 2510 aut
4038 2448 4385 2513 voluntarie

2434 2524 2865 2589 subsiluimus.
2958 2524 3065 2589 Sic
3106 2525 3253 2591 haec
3295 2528 3601 2592 immensa
3637 2529 3966 2596 multitudo
4008 2532 4204 2596 unius
4247 2533 4386 2597 ani-

2435 2631 2575 2676 mae
2625 2611 3008 2676 circumdata
3022 2660 3037 2689 ,
3093 2611 3273 2676 illius
3314 2612 3546 2693 spiritu
3598 2616 3863 2697 reqitur,
3924 2617 4099 2680 illius
4146 2619 4385 2683 ratione

2426 2697 2711 2775 flectitur,
2738 2716 3049 2778 pressura
3085 2717 3151 2761 se
3184 2718 3258 2761 ac
3286 2699 3574 2779 fractura
3606 2700 3850 2766 viribus
3881 2704 4036 2781 suis,
4072 2704 4203 2769 nisi
4247 2723 4382 2769 con·

2433 2783 2581 2849 silio
2623 2783 3047 2847 sustineretur.

2605 2867 2865 2932 Divisio
2929 2876 3029 2932 est
3098 2869 3342 2950 operis,
3415 2869 3705 2934 nondum
3771 2871 3934 2935 mihi
3980 2874 4137 2938 satis
4192 2873 4383 2938 10101-

2429 2954 2617 3020 10018.
2707 2952 2890 3019 Malo
2934 2954 3105 3018 enim
3152 2953 3485 3020 hominem
3527 2956 4193 3040 ingenuae‘veritatis
4234 2979 4384 3043 pro-

2430 3033 2625 3117 fiteri,
2663 3059 2859 3124 quam
2894 3040 3151 3105 frivolis
3188 3041 3466 3124 argutiis
3508 3042 3818 3107 lectorem
3862 3043 4145 3129 eludere.
4213 3046 4385 3111 Nam

2431 3146 2554 3192 nec
2599 3146 2676 3190 eo
2720 3146 2847 3208 quo
2892 3127 3198 3209 proponit
3240 3126 3500 3206 ordine,
3549 3129 4031 3212 argumentum'
4051 3133 4383 3214 prosequi-

2431 3219 2560 3276 tur.
2658 3212 2887 3293 Neque
2946 3214 3012 3275 in
3073 3218 3295 3298 aperto
3354 3220 3473 3291 est,
3535 3213 3689 3296 quid
3748 3215 3869 3281 sibi
3925 3216 4088 3280 velit
4140 3238 4383 3283 nomen

2336 3321 2346 3326 ·
2428 3297 2964 3363 manumissionis
3010 3298 3082 3361 in
3126 3298 3340 3380 prima
3372 3305 3575 3380 parte.
3656 3298 3861 3364 Cuius
3896 3303 3991 3365 rei
4027 3303 4216 3385 culpa
4249 3324 4383 3367 non

2430 3390 2566 3446 tam
2601 3383 2788 3448 nobis
2823 3381 3007 3461 forte,
3055 3403 3248 3464 quam
3285 3384 3496 3447 autori
3530 3382 3656 3467 ipsi
3697 3386 3900 3450 fuerit
3933 3385 4379 3453 adscribenda.

2428 3469 2591 3533 Fuit
2655 3469 2829 3532 enim
2895 3468 3221 3551 peculiare
3279 3466 3571 3534 Senecae
3624 3471 3859 3534 vitium
3876 3517 3893 3545 ‚
3958 3473 4382 3537 confusaneas

2429 3575 2651 3619 rerum
2709 3553 2931 3638 sylvas
2974 3573 3096 3619 con
3144 3574 3328 3618 erere
3371 3555 3610 3638 magis,
3656 3576 3855 3637 quam
3896 3556 4206 3640 digerere.
4298 3558 4380 3621 In

2429 3639 2554 3704 hoc
2598 3640 2797 3704 etiam
2840 3658 3036 3720 opere
3123 3640 3383 3718 eterius,
3425 3638 3597 3722 qued
3640 3639 4136 3723 dispositionem
4177 3662 4380 3724 quam

2428 3725 2756 3809 promittit
2769 3776 2784 3802 ,
2830 3724 3100 3789 minime
3143 3732 3452 3807 praestat.
3542 3725 3689 3791 Hoc
3730 3733 3969 3802 tamen,
4004 3726 4378 3808 ‘qualecun-

2430 3831 2557 3893 que
2600 3817 2718 3888 est,
2765 3808 3124 3875 maioribus
3164 3810 3526 3875 virtutibus
3571 3818 3901 3892 pensatur.

2617 3895 2793 3960 Vitia
2811 3897 3071 3960 virtutes
3091 3900 3237 3974 [pag.
3264 3901 3372 3975 27]
3393 3891 3738 3982 imitantia]
3761 3896 4049 3962 Imitatio
4069 3905 4174 3962 est
4193 3897 4380 3964 Cice·

2427 3981 2569 4046 roni
2577 4003 2627 4060 s,
2673 3983 2858 4047 cuius
2892 3981 3098 4046 verba
3146 3988 3304 4046 81101
3344 3983 3412 4046 10
3457 3981 3940 4063 partitionibus:
3989 3982 4380 4049 Cavendum

2430 4076 2531 4132 est
2584 4074 2807 4132 autem
2852 4066 3201 4150 diligenter
3246 4089 3327 4131 ne
3370 4066 3604 4132 fallant
3659 4087 3737 4132 ea
3788 4086 3911 4132 nos
3969 4069 4166 4147 vitia,
4214 4091 4419 4152 quae,

2428 4155 2745 4219 virtutem
2811 4152 3125 4217 videntur
3194 4153 3454 4217 imitari.
3578 4152 3751 4216 Nam
3824 4161 3893 4217 et
3958 4153 4378 4238 prudentiam

2428 4238 2696 4317 inmitia,
2768 4245 2835 4303 et
2903 4239 3407 4321 temperantiam
3476 4239 3852 4303 immanitas
3910 4239 3981 4303 in
4022 4240 4376 4323 voluptati-

2432 4324 2553 4390 bus
2618 4322 3077 4408 aspernandis,
3150 4330 3220 4389 et
3289 4322 3805 4406 magnitudinem
3875 4324 4078 4389 animi
4149 4346 4378 4408 super-

2429 4408 2537 4473 bia
2590 4411 2660 4473 in
2711 4410 2947 4476 animis
2992 4408 3331 4488 tollendis,
3389 4417 3457 4472 et
3511 4405 3932 4491 despicientia
3976 4412 4047 4474 in
4087 4418 4379 4477 contem-

2428 4494 2664 4561 nendis
2727 4495 3100 4573 honoribus,
3168 4502 3233 4558 et
3289 4493 3750 4559 liberalitatem
3806 4495 4055 4575 effusio,
4123 4502 4190 4561 et
4244 4497 4377 4562 for-

2429 4580 2784 4646 titudinem
2841 4580 3113 4646 audacia
3164 4580 3460 4644 imitatur
3476 4631 3490 4654 ‚
3558 4586 3625 4643 et
3686 4582 4071 4663 patientiam
4135 4582 4380 4647 duritia

2428 4667 2735 4731 immanis
2752 4718 2767 4745 ,
2817 4674 2884 4731 et
2924 4665 3241 4731 iustitiam
3296 4665 3615 4730 acerbitas
3631 4716 3648 4743 ,
3705 4673 3772 4731 et
3825 4666 4211 4750 religionem
4265 4690 4379 4733 su-
4416 4722 4422 4728 .

2429 4752 2744 4834 perstitio,
2791 4761 2858 4816 et
2891 4750 3225 4816 lenitatem
3259 4749 3534 4816 mollitia
3569 4752 3790 4829 animi,
3828 4758 3895 4817 et
3915 4752 4379 4818 verecundiam

2429 4836 2750 4903 timiditas
2793 4844 2911 4903 ete.
2978 4835 3259 4900 Hisdem
3300 4836 3438 4901 fere
3459 4836 3676 4901 verbis
3722 4836 4115 4922 Gregorius:
4164 4837 4377 4921 Saepe

2430 4944 2503 4988 se
2554 4923 2715 4988 vitia
2769 4922 3110 5005 ingerunt,
3169 4928 3235 4986 et
3290 4942 3361 4984 se
3404 4922 3682 4987 virtutes
3736 4944 3879 4989 esse
3933 4923 4373 4988 mentiuntur:

2429 5015 2507 5073 ut
2561 5009 2816 5073 tenacia
2867 5006 3299 5090 parsimonia,
3358 5007 3590 5072 effusio
3660 5008 3931 5092 largitas
3948 5059 3964 5085 ,
4023 5007 4376 5074 crudelitas

2427 5094 2608 5158 zelus
2651 5092 2957 5170 iustitiae,
3002 5092 3298 5158 remissio
3338 5094 3548 5176 pietas
3591 5092 3800 5157 videri
3846 5092 4025 5158 velit.
4096 5093 4378 5158 Iuvena-

2428 5178 2511 5243 lis
2557 5177 2802 5262 Satyra
2841 5177 3065 5243 XIV.:

3903 5278 3969 5332 3*
