4984 5975
381 296 511 358 493

390 482 591 548 habet
647 483 1018 547 animarum
1069 482 1432 559 carnifices,
1489 481 1660 564 quod
1684 483 1734 561 ¹)
1790 503 1907 547 suo
1964 481 2337 548 charactere

391 568 704 633 satellites
754 577 967 647 notat,
1024 565 1195 649 quod
1246 587 1377 631 non
1432 567 1623 632 modo
1680 567 1761 631 de
1803 567 1987 633 verbi
2042 567 2172 632 Dei
2214 568 2337 631 mi-

390 656 664 719 nisterio
706 653 875 718 nihil
917 662 1073 718 sunt
1114 651 1391 732 solliciti,
1437 650 1554 717 sed
1596 651 1809 736 quoad
1851 661 2125 735 possunt
2166 655 2337 718 ferro

389 749 458 805 et
510 740 651 826 igni
677 745 1211 827 ο1161·66111111111;111·,
1272 737 1442 821 quod
1491 738 1647 802 dum
1695 739 2066 822 coniugium
2113 759 2337 821 asper-

392 836 653 902 nantur,
700 835 773 890 ut
807 844 877 888 se
919 825 1160 906 impuri
1194 824 1548 890 caelibatus
1582 823 1769 889 larva
1801 823 2160 901 venditent,
2203 846 2337 889 non

394 919 653 976 tantum
707 911 1000 975 omnium
1059 915 1176 990 [fol.
1216 915 1323 989 33]
1369 911 1528 974 toris
1565 909 1991 986 insidiantur,
2044 907 2158 975 sed
2201 918 2336 974 ter-

390 1019 535 1061 ram
592 996 801 1078 ipsam
865 993 1199 1061 obscoenis
1265 994 1647 1060 libidinibus
1716 996 2190 1073 contaminant,
2270 993 2336 1058 id

390 1082 653 1148 videtur
693 1102 1010 1164 perquam
1052 1079 1404 1146 tolerabile.
1490 1081 1869 1146 Monstrum
1913 1081 2056 1157 erit,
2104 1082 2159 1144 si
2205 1080 2336 1147 dis-

387 1167 699 1250 ciplinam
754 1169 1011 1251 erigant
1063 1166 1409 1245 Germani,
1469 1166 1677 1249 qualis
1731 1173 1799 1230 et
1841 1188 1879 1231 a
1922 1165 2189 1232 Christo
2232 1187 2336 1230 re-

388 1254 672 1336 quiritur
715 1259 782 1316 61
823 1254 893 1317 111
935 1253 1147 1317 veteri
1183 1251 1454 1318 ecclesia
1493 1252 1634 1330 fuit,
1679 1260 1756 1317 ut
1787 1252 2066 1335 populus
2100 1252 2337 1335 quibus

382 1337 650 1421 expedit
712 1335 1101 1403 rudimentis
1170 1338 1243 1401 in
1310 1338 1538 1402 ordine
1591 1338 1986 1413 retineatur,
2045 1349 2120 1401 ut
2161 1338 2334 1421 pigri

388 1424 924 1501 exstimulentur,
968 1430 1360 1489 moneantur
1401 1421 1715 1506 imperiti,
1763 1420 2335 1505 reprehendantur

384 1511 498 1592 qui
554 1509 987 1592 deliquerint,
1030 1508 1225 1591 idque
1291 1530 1407 1592 pro
1451 1508 1643 1573 modo
1702 1506 1922 1574 delicti
1964 1509 2108 1587 fiat,
2154 1528 2333 1574 coer-

381 1603 659 1662 ceantur
702 1605 1134 1671 contumaces,
1179 1593 1251 1657 in
1297 1594 1473 1659 hunc
1517 1616 1711 1659 usum
1746 1595 2078 1659 ministros
2123 1602 2189 1658 et
2230 1616 2330 1659 se-

380 1681 603 1746 niores
648 1680 883 1746 habeat
925 1680 1211 1757 ecclesia,
1272 1680 1381 1763 qui
1438 1678 1791 1746 censuram'
1828 1693 2207 1757 exerceant,
2264 1687 2332 1743 et

386 1768 811 1833 severitatem
861 1787 1115 1849 quoque
1172 1787 1211 1829 a
1253 1765 1521 1831 Christo
1559 1765 1961 1845 institutam,
2006 1765 2118 1830 ubi
2165 1786 2330 1848 opus

384 1854 540 1932 erit,
597 1849 967 1918 adhibeant.
1055 1853 1150 1916 At
1204 1851 1373 1933 quod
1437 1873 1617 1916 nunc
1672 1851 2204 1934 pseudoepiscopi
2248 1850 2330 1915 de

376 1946 704 2021 potestate
737 1937 1172 2003 ecclesiastica
1208 1934 1628 2019 impudenter
1662 1936 2134 2014 nundinantur,
2159 1936 2328 2019 quod

377 2023 965 2089 excommunicatio
1009 2043 1115 2087 res
1149 2021 1581 2087 saluberrima
1616 2023 1687 2086 in
1722 2029 2107 2087 extraneum
2142 2042 2328 2103 pror-

374 2131 493 2175 sus
536 2130 728 2174 usum
773 2106 1213 2191 degeneravit,
1256 2108 1425 2191 quod
1467 2108 1741 2189 impune
1773 2108 1993 2189 palam
2027 2108 2330 2172 feruntur

373 2196 593 2259 multa
656 2215 791 2257 non
858 2191 1197 2257 toleranda
1260 2194 1536 2277 flagitia,
1604 2193 1773 2275 quod
1838 2192 2119 2276 populus
2186 2194 2326 2258 sine

372 2279 782 2345 correctione
824 2299 1036 2362 vagus
1076 2278 1334 2357 diffluit,
1381 2299 1501 2344 nec
1546 2278 1725 2342 aliud
1768 2287 2052 2356 curatur,
2092 2279 2214 2342 nisi
2252 2287 2328 2342 ut

370 2367 609 2432 bestiis
673 2365 817 2429 istis
858 2363 1116 2429 salvum
1190 2371 1456 2429 maneat
1521 2385 1714 2428 suum
1768 2385 2074 2448 regnum;
2129 2365 2201 2428 in
2251 2384 2327 2430 eo

371 2461 540 2516 sunt
597 2470 814 2513 merae
858 2449 1167 2515 deliciae?
1257 2449 1629 2515 Monstrum
1687 2449 2087 2514 horrendum
2132 2448 2328 2515 edent

371 2535 734 2612 Germani,
799 2535 854 2599 si
921 2534 1001 2599 de
1058 2535 1473 2600 facultatibus
1518 2535 1825 2601 ecclesiae
1877 2535 2005 2600 rite
2060 2534 2324 2618 dispen-

371 2620 603 2687 sandis
660 2620 911 2685 hiscere
967 2622 1186 2685 ausint
1203 2672 1217 2698 ‚
1283 2620 1527 2686 nedum
1583 2621 1641 2686 si
1686 2620 2052 2686 deliberent
2094 2620 2174 2686 de
2216 2642 2321 2685 re·

362 2705 717 2790 primenda
756 2707 1034 2770 istorum
1075 2706 1405 2770 latronum
1449 2705 1829 2788 direptione,
1875 2716 1951 2771 ut
1985 2727 2141 2788 opes
2173 2708 2320 2773 Deo

370 2792 710 2858 dedicatae
765 2792 836 2855 in
890 2812 1071 2869 eum,
1130 2792 1238 2855 cui
1282 2791 1646 2856 destinatae
1691 2801 1877 2871 sunt,
1925 2813 2122 2856 usum
2166 2814 2318 2858 con-

365 2879 684 2943 ferantur.
750 2878 879 2957 ,At
932 2876 1107 2959 quod
1159 2899 1337 2942 nunc
1381 2899 1463 2941 ex
1508 2878 1739 2956 tantis,
1797 2898 1966 2960 quae
2009 2877 2318 2944 ecclesiae

363 2963 634 3030 relictae
678 2970 865 3041 sunt,
908 2962 1350 3041 facultatibus,
1394 2962 1590 3042 nihil,
1635 2963 1811 3029 unde
1856 2963 2117 3030 alantur
2157 2963 2317 3029 fide-

361 3050 463 3115 les
505 3048 808 3126 ministri,
855 3050 933 3113 fit
974 3048 1313 3130 reliquum,
1359 3049 1523 3114 nihil
1567 3050 1824 3127 scholis,
1870 3049 2037 3114 nihil
2072 3071 2318 3133 paupe-

364 3136 556 3201 ribus
610 3133 945 3199 residuum
990 3142 1119 3212 est,
1180 3156 1459 3218 quorum
1501 3156 1731 3201 revera
1774 3156 1916 3201 esse
1962 3134 2322 3201 debuerant

362 3223 619 3300 omnia,
676 3228 792 3285 aut
846 3218 1195 3285 absorbent
1258 3220 1688 3303 inexplebiles
1742 3220 1839 3285 illi
1882 3220 2206 3305 gurgites,
2252 3230 2320 3287 et

362 3309 435 3373 in
489 3308 502 3320 '
608 3306 620 3318 '
702 3302 911 3371 modis
956 3303 1342 3388 dilapidant,
1390 3306 1502 3372 alii
1544 3308 1615 3370 in
1659 3308 2149 3383 scortationem,
2208 3307 2318 3371 alii

360 3395 441 3459 in
479 3415 517 3457 a
546 3412 709 3469 eam,
747 3391 860 3455 alii
893 3392 963 3455 in
997 3393 1318 3457 veneficia
1361 3399 1477 3456 aut
1511 3392 1757 3469 caedes,
1794 3413 2021 3456 omnes
2058 3391 2133 3456 in
2166 3412 2317 3474 pro-

358 3480 555 3546 fanos
621 3487 688 3542 et
748 3477 1021 3542 minime
1094 3484 1561 3543 consentaneos
1624 3475 1837 3541 ordini
1904 3498 2022 3541 6116
2089 3477 2316 3542 luxus:

362 3564 493 3631 hoc
557 3562 780 3647 procul
847 3562 1033 3627 abest
1092 3584 1134 3627 a
1187 3570 1496 3628 monstro.
1597 3561 1773 3643 911111
1828 3562 2019 3646 plura
2062 3561 2314 3627 dicam?

273 3670 281 3683 ·
362 3649 557 3715 Nihil
614 3647 807 3713 hodie
861 3649 1139 3713 monstri
1161 3692 1173 3708 .
1195 3656 1296 3712 est
1348 3650 1417 3713 in
1468 3646 1744 3724 mundo,
1801 3649 1912 3713 ubi
1956 3650 2175 3714 omnia
2216 3649 2319 3712 in-

364 3736 742 3818 composita,
785 3733 1030 3812 luxata,
1076 3734 1409 3812 dissoluta,
1446 3735 1724 3812 inversa,
1762 3732 2137 3813 deformata,
2184 3733 2316 3798 dis-

362 3832 560 3899 torta,
604 3820 891 3898 confusa,
940 3820 1270 3903 dissipata,
1321 3819 1605 3899 disiecta,
1651 3819 1884 3884 mutila
1925 3841 2067 3885 esse
2109 3819 2317 3884 notis·-

363 3909 612 3972 simum
668 3912 783 3970 est.
885 3906 1265 3970 Monstrum
1321 3906 1475 3983 erit,
1531 3906 1586 3972 si
1650 3907 1795 3988 quis
1851 3905 2019 3971 hanc
2064 3906 2319 3971 lernam

362 3991 766 4076 repurgandi
826 3994 1042 4056 animo
1099 3998 1430 4069 attrectet,
1488 3990 1619 4056 imo
1677 3994 1732 4057 si
1791 3992 1936 4075 quis
1980 3991 2064 4056 ad
2108 4011 2317 4056 reme-

361 4078 549 4144 dium
595 4078 794 4142 tantis
835 4077 1028 4141 malis
1072 4077 1477 4142 afferendum
1513 4076 1617 4144 vel
1659 4078 2004 4142 minimum
2041 4078 2319 4160 digitum

362 4165 733 4230 admoveat.
845 4164 975 4228 Hic
1040 4162 1408 4228 exclamare
1472 4161 1659 4241 libet,
1729 4185 1862 4228 non
1918 4165 1988 4226 in
2041 4184 2319 4246 puerum

360 4250 547 4316 hunc
591 4248 929 4327 duntaxat,
976 4249 1090 4313 sed
1129 4257 1335 4314 totam
1372 4269 1824 4314 romanensem
1868 4258 2229 4314 catervam:
2279 4269 2316 4313 6

358 4344 698 4420 portenta,
751 4357 879 4399 non
938 4335 1147 4400 dicam
1200 4335 1269 4398 in
1330 4335 1594 4399 ultimas
1636 4342 1848 4399 terras
1892 4332 2313 4417 exportanda,

359 4421 484 4488 sed
527 4420 712 4488 culeo
756 4421 1107 4499 insuenda,
1170 4421 1428 4503 quando
1471 4441 1695 4485 omncs
1738 4428 1990 4486 scortea
2033 4420 2312 4501 sapiunt,

355 4508 477 4590 qui
526 4515 682 4572 sunt
725 4527 809 4571 ex
851 4506 965 4570 illa
1004 4507 1197 4572 faece.
1241 4582 1251 4596 ι

542 4643 697 4707 Fuit
741 4645 930 4707 etiam
973 4663 1105 4707 mos
1149 4645 1449 4726 antiquus
1491 4648 1546 4708 et
1588 4641 1667 4708 ab
1701 4643 1998 4722 apostolis
2041 4642 2316 4706 traditus

360 4729 454 4794 ad
496 4729 646 4795 haec
688 4748 884 4809 usque
919 4734 1191 4808 tempora
1235 4734 1647 4805 conservatus,
1682 4732 1751 4792 ut
1784 4729 1854 4791 in
1888 4728 2317 4793 controversiis

352 4815 513 4897 fidei
545 4814 873 4880 concilium
909 4812 1314 4893 adhiberetur,
1349 4836 1468 4897 quo
1500 4819 1806 4897 sequestre
1857 4818 1913 4878 et
1943 4813 2143 4879 medio
2177 4814 2312 4878 eon-

348 4901 698 4973 troversiae
737 4918 946 4964 omnes
984 4898 1321 4979 simio-entur
1356 4905 1414 4965 et
1442 4922 1582 4981 pax
1624 4901 2062 4965 restitueretur.

534 5019 694 5084 Fuit
745 5026 919 5084 certe
976 5037 1119 5082 mos
1170 5017 1282 5083 ille
1337 5018 1447 5083 diu
1505 5041 1635 5085 non
1681 5019 2009 5116 immerito
2073 5018 2313 5083 sanctis

354 5144 525 5153 —-

504 5206 561 5273 1)
601 5205 695 5262 Sic
728 5208 869 5261 male
901 5206 1235 5276 archetypon
1261 5219 1397 5274 pro.-
1432 5213 1579 5273 quot.

1863 292 2383 360 CONSILIUM
2425 293 2717 360 PAULI
2758 294 2884 359 ΠΙ.

4356 210 4368 240 x

4261 301 4391 361 494

2441 482 2852 560 observatus,
2899 491 2976 547 ut
3017 485 3072 549 si
3118 483 3302 567 quid,
3350 483 3455 547 vel
3497 485 3566 546 in
3613 480 3905 548 doctrina
3971 485 4239 563 erroris,
4285 485 4394 551 vel

2439 568 2510 631 in
2536 571 2652 646 [fol.
2682 573 2789 647 34]
2815 566 3158 651 disciplina
3179 570 3327 635 vitii
3363 576 3664 634 exortum
3687 577 3875 648 esset,
3911 570 4131 635 statim
4172 578 4392 638 coacto

2440 653 2548 735 pio
2593 654 2881 732 concilio,
2927 676 3136 736 neque
3180 654 3469 739 generali
3516 675 3802 738 semper,
3850 655 3964 720 sed
4007 656 4395 738 provinciali

2441 740 2660 820 potius
2700 739 2806 803 vel
2859 740 3195 817 nationali,
3254 740 3718 806 correctionem
3761 740 4065 806 idoneam
4117 762 4391 823 quaere-

2441 835 2609 888 rent.
2698 824 2836 889 Nec
2891 826 3083 890 hodie
3107 826 3356 890 melior
3397 827 3620 890 futura
3663 833 3804 889 erat
3847 828 4039 903 ratio,
4098 827 4154 890 si
4197 847 4390 892 suum

2443 909 2730 974 ecclesiis
2795 911 2898 976 ius
2963 912 3475 995 permitteretur.
3579 912 3672 976 At
3734 913 3878 993 quis
3940 921 4139 996 neget
4193 912 4391 978 11111116

2442 996 2698 1059 romani
2740 997 3062 1078 pontificis
3106 1011 3245 1062 arte
3290 1006 3356 1061 et
3395 998 3464 1063 vi
3507 998 3750 1061 factum
3796 1018 3972 1076 esse,
4013 1005 4090 1063 111,
4131 997 4392 1062 nullum

2441 1081 2574 1144 iam
2597 1081 2776 1145 intra
2807 1102 3014 1147 annos
3037 1082 3552 1166 quadringentos
3599 1102 3753 1147 vere
3790 1082 3975 1165 pium
3997 1096 4063 1148 et
4104 1082 4389 1149 liberum

2441 1166 2786 1231 concilium
2822 1167 2893 1231 in
2917 1167 3428 1234 occidentalibus
3464 1167 3751 1233 ecclesiis
3786 1176 4143 1253 cogeretur,
4180 1190 4388 1251 1111611-

2440 1273 2636 1332 11116111
2677 1253 3066 1318 innumerae
3108 1255 3374 1319 interim
3416 1254 3595 1319 labes
3630 1261 3697 1318 61,
3729 1254 3894 1319 61166
3928 1253 4207 1320 subinde
4241 1254 4389 1320 aliis

2439 1338 2944 1419 importuniores
2987 1340 3057 1403 in
3098 1339 3508 1417 doctrinam,⁴
3545 1342 3617 1403 in
3656 1360 3875 1406 mores
3916 1349 4244 1423 totamque
4285 1361 4388 1405 re·

2436 1421 2702 1505 ligionis
2746 1423 3377 1490 administrationem
3419 1425 3823 1490 invaserint?
3885 1424 4388 1491 Constantiense

2437 1508 2630 1591 quale
2674 1509 2838 1574 fuit?
2928 1509 3009 1574 In
3057 1532 3216 1593 quc,
3264 1519 3337 1574 ut
3371 1510 3623 1592 reliqua
3667 1521 3946 1587 taceam,
3994 1533 4160 1594 quae
4204 1533 4385 1576 sum-

2432 1614 2609 1657 mam
2633 1593 3111 1678 ignorationem
3135 1617 3284 1660 cum
3305 1596 3677 1660 temeritate
3701 1597 4117 1666 coniunctam
4160 1605 4379 1663 osten-

2436 1678 2628 1757 dunt,
2686 1680 2852 1745 nihil
2904 1679 3139 1763 puduit
3193 1692 3455 1746 sanctos
3519 1682 4000 1762 Romanenses‚
4054 1681 4385 1747 hominem

2432 1764 2865 1844 innocentem,
2911 1765 3040 1830 fide
3081 1766 3344 1848 publica
3385 1773 3685 1834 vocatum
3702 1818 3719 1844 ,
3765 1789 3893 1832 non
3938 1768 4191 1832 minore
4234 1788 4385 1850 per-

2432 1850 2589 1915 fidia
2631 1873 2827 1935 quam
2882 1852 3156 1917 saevitia
3209 1852 3554 1918 trucidare.
3643 1852 3818 1917 Nam
3871 1852 4043 1936 quod
4095 1873 4384 1918 commu-

2431 1935 2631 2000 nione
2675 1937 2893 2003 calicis
2935 1937 3006 2002 in
3049 1958 3252 2003 coena
3293 1939 3531 2020 populo
3584 1937 4098 2016 interdixerunt,
4153 1939 4212 2004 si
4253 1955 4387 2021 qua

2431 2020 2540 2086 vel
2597 2022 2910 2088 scientiae
2964 2022 3069 2088 vel
3125 2022 3395 2106 pudoris
3452 2023 3736 2090 scintilla
3801 2024 3892 2093 111,
3923 2025 4082 2106 ipsis
4136 2024 4384 2102 fuisset,

2432 2127 2518 2170 an
2563 2128 2851 2190 unquam
2893 2108 3106 2173 facere
3150 2118 3369 2173 essent
3411 2108 3595 2174 ausi?
3686 2108 3822 2174 Sed
3866 2131 3987 2192 per
4028 2109 4386 2174 tumultum

2431 2201 2499 2255 et
2534 2193 2841 2258 ferociam
2863 2191 3123 2275 quidvis
3159 2192 3505 2259 decernere
3539 2205 3913 2278 promptum
3938 2203 4057 2273 est,
4102 2195 4215 2260 ubi
4247 2216 4383 2259 non

2429 2276 2608 2341 aliud
2631 2279 2850 2362 agitur
2886 2297 3084 2360 quam
3110 2288 3184 2342 ut
3217 2287 3469 2343 armata
3503 2302 3705 2344 manu
3741 2300 4177 2362 exsequamur
4210 2279 4383 2361 quod

2427 2362 2708 2428 libuerit.
2777 2364 2869 2428 Et
2911 2373 3131 2428 tamen
3185 2363 3339 2442 illic,
3384 2386 3468 2429 ne
3511 2366 3732 2430 omnia
3791 2385 4100 2447 perversa
4142 2372 4381 2446 essent,

2428 2447 2762 2513 decretum
2805 2449 2931 2513 fuit
2964 2460 3040 2513 ut
3082 2447 3330 2514 decimo
3371 2471 3623 2534 quoque
3667 2472 3839 2516 anno
3882 2451 4227 2517 concilium
4262 2451 4383 2516 ha-

2426 2534 2705 2599 beretur.
2799 2532 3077 2615 Quando
3143 2554 3228 2599 ex
3269 2534 3391 2601 hoc
3449 2535 3709 2622 decreto
3773 2535 4115 2603 habitum?
4203 2537 4380 2602 Nam

2425 2619 2795 2686 Basiliense
2838 2642 2960 2686 nec
2996 2641 3113 2684 6116
3159 2629 3449 2703 tempore
3493 2621 3815 2686 indictum
3858 2623 4002 2701 fuit,
4046 2629 4114 2686 et
4154 2630 4380 2687 tamen

2426 2714 2505 2769 ut
2529 2707 3044 2788 interciperetur,
3073 2714 3339 2771 strenue
3363 2709 3649 2772 romanis
3662 2706 3912 2772 artibus
3933 2715 4236 2773 curatum
4260 2716 4378 2773 est.

2424 2791 2729 2856 Primum
2786 2790 3223 2857 transferendi
3268 2792 3407 2857 eius
3468 2800 3813 2875 praetextu
3868 2792 3968 2858 bis
4024 2791 4380 2858 dissolvere

2425 2875 2775 2941 admolitus
2835 2884 2935 2941 est
2975 2876 3334 2960 Eugenius.
3423 2876 3648 2958 91111111
3692 2877 3856 2942 nihil
3912 2878 4037 2943 hac
4080 2880 4189 2954 via
4230 2901 4378 2961 pro-

2423 2963 2729 3028 ficeretur
2762 2961 3172 3028 Ludovicum
3211 2969 3371 3029 tunc
3405 2962 3665 3030 Galliae
3696 2962 4104 3047 Delphinum
4141 2964 4225 3030 ad
4258 2964 4378 3030 ho-

2424 3048 2681 3113 ribilem
2725 3048 3019 3115 Alsatiae
3069 3047 3500 3131 direptionem
3559 3050 4118 3134 vastationemque
4161 3071 4375 3115 arma-

2422 3135 2537 3200 vit.
2626 3134 2767 3201 Nec
2832 3134 3040 3199 ullum
3097 3132 3500 3200 crudelitatis
3556 3156 3767 3218 genus
3816 3144 3917 3200 est
3959 3137 4375 3219 praetermis-

2423 3241 2587 3297 sum,
2615 3242 2743 3302 quo
2768 3219 2851 3285 ad
2873 3218 3334 3285 discessionem
3364 3219 3804 3304 adigerentur,
3840 3222 3955 3305 qui
3976 3230 4376 3287 conventum

2425 3304 2768 3370 habebant.
2816 3303 3040 3384 Quum
3067 3304 3166 3369 illi
3198 3305 3306 3371 vel
3347 3307 3715 3371 constantia
3737 3307 3844 3372 vel
3865 3307 4225 3389 pertinacia
4264 3328 4375 3371 su-

2421 3390 2710 3473 periores
2733 3390 3158 3468 exstitissent,
3204 3410 3339 3454 non
3384 3392 3757 3475 conquievit
3801 3390 4007 3457 bonus
4059 3392 4374 3473 pontifex,

2422 3475 2626 3540 donec
2670 3494 2982 3541 concussa
3021 3475 3156 3540 fere
3191 3483 3332 3540 tota
3363 3476 3631 3559 Europa
3673 3474 3940 3540 tandem
3975 3477 4264 3554 extorsit,
4302 3486 4379 3540 ut

2423 3568 2568 3625 acta
2610 3561 2830 3625 omnia
2871 3560 3417 3639 rescinderentur.
3505 3563 3599 3626 Et
3655 3570 3873 3626 tamen
3920 3562 3979 3626 si
4034 3562 4177 3642 quis
4221 3582 4375 3627 vere

2421 3655 2711 3728 reputet,
2767 3654 3095 3728 spectrum
3139 3645 3272 3711 illic
3308 3647 3561 3713 concilii
3607 3648 3729 3710 fuit
3769 3647 3982 3729 magis
4025 3665 4219 3728 quam
4261 3668 4373 3710 ve·

2421 3753 2569 3796 rum
2619 3731 2982 3798 concilium.
3074 3729 3250 3812 911111
3306 3733 3511 3816 igitur
3553 3734 3881 3797 facturum
3921 3740 4260 3812 putemus,
4317 3732 4372 3796 si

2422 3818 2492 3882 in
2537 3837 2679 3881 rem
2722 3818 2922 3882 semel
2967 3825 3236 3883 ventum
3271 3817 3512 3882 fuerit?
3587 3816 3720 3882 Sed
3764 3816 3887 3880 hoc
3927 3828 4028 3880 est
4061 3817 4376 3881 nimirum

2421 3900 2594 3986 quod
2637 3904 2770 3967 iam
2815 3902 3154 3986 aliquoties
3200 3903 3363 3968 dixi:
3412 3904 3582 3968 sicut
3616 3901 3985 3985 apostolicis
4029 3900 4194 3966 viris
4232 3922 4375 3966 mos

2423 3997 2552 4066 est,
2599 3988 2821 4054 statim
2865 3999 2940 4052 ut
2983 3988 3203 4053 vitiari
3246 3988 3489 4070 aliquid
3534 3989 3604 4052 in
3650 3987 3962 4072 religione
4007 3988 4372 4071 contigerit,

2420 4083 2499 4140 ut
2541 4075 2803 4143 obviam
2849 4082 3052 4153 eatur,
3095 4083 3320 4140 sancta
3362 4073 3633 4139 concilia
3676 4094 4091 4156 congregare,
4135 4074 4227 4137 sic
4270 4094 4376 4136 ro-

2419 4161 2634 4224 manis
2676 4159 3109 4237 antichristis,
3173 4161 3323 4242 quia
3390 4181 3517 4224 non
3590 4160 3719 4222 nisi
3777 4178 3858 4223 ex
3913 4159 4144 4222 vitiata
4200 4179 4374 4222 mer-

2420 4248 2576 4310 cede
2620 4246 3092 4328 voluptuantur
3140 4257 3207 4310 et
3249 4254 3558 4328 regnant,
3615 4265 3872 4327 semper
3926 4244 4194 4308 solenne
4249 4243 4377 4327 fuit

2421 4340 2487 4395 et
2509 4330 2703 4396 hodie
2739 4340 2857 4410 est,
2879 4331 3245 4414 legitimum
3269 4351 3459 4394 omne
3482 4329 3828 4396 concilium
3868 4351 3939 4394 re
3971 4350 4129 4394 vcra
4163 4338 4372 4393 morte

2418 4418 2605 4500 peius
2640 4416 2872 4495 odisse,
2908 4418 3225 4500 refugere,
3264 4424 3576 4494 avertere,
3613 4416 3776 4481 falsa
3794 4424 4014 4480 autem
4051 4416 4188 4479 eius
4224 4436 4371 4497 pro-

2419 4503 2765 4580 missione,
2823 4504 3073 4585 quoties
3131 4502 3608 4566 reformationis
3653 4509 3868 4565 metus
3914 4500 4176 4565 aliunde
4219 4500 4371 4564 inii-

2418 4589 2606 4665 citur‚
2652 4588 2875 4654 orbem
2895 4587 3154 4666 lactare,
3203 4597 3275 4651 ut
3316 4586 3657 4651 concilium
3693 4587 4029 4671 effugiant.
4086 4584 4280 4665 Quod
4318 4585 4375 4651 61

2419 4681 2750 4739 extortum
2785 4674 2915 4739 illis
2951 4672 3149 4740 semel
3186 4673 3384 4736 fucrit
3418 4680 3493 4736 ut
3527 4682 3800 4756 cogatur
3842 4672 4220 4738 Acheronta
4253 4691 4369 4753 po-

2418 4761 2549 4825 tius
2603 4768 2670 4825 et
2715 4760 2955 4824 inferos
2998 4767 3165 4823 totos
3229 4756 3589 4822 movebunt
3624 4763 3817 4841 quain
3860 4758 3942 4822 ad
3986 4755 4370 4822 umbilicum

2418 4845 2647 4913 venire
2692 4846 2929 4910 sinant.
3031 4842 3223 4923 Quod
3277 4844 3404 4907 nisi
3460 4846 3627 4909 serio
3683 4852 3988 4926 coeptum
4054 4849 4224 4907 esset
4289 4839 4370 4904 de

2419 4932 2692 4997 concilio
2735 4929 3054 4995 nationali
3087 4937 3284 5011 prout
3315 4929 3622 4995 ecclesiae
3656 4930 4009 4995 necessitas
4032 4924 4371 5009 flagitabat

2420 5016 2717 5082 habendo
2768 5015 3144 5091 deliberari,
3216 5016 3532 5098 pontificii
3591 5016 3714 5080 hac
3768 5021 3953 5097 parte
4005 5013 4162 5075 satis
4215 5032 4367 5076 con·

2419 5104 2848 5186 quiescerent,
2898 5106 3016 5180 [fol.
3056 5102 3165 5179 35]
3202 5122 3323 5166 nec
3368 5099 3490 5165 sibi
3538 5101 3697 5183 ipsis
3733 5099 3866 5164 ulla
3899 5104 4032 5159 tam
4069 5094 4368 5180 ingratae

2419 5190 2517 5254 rei
2551 5189 2883 5253 mentione
2926 5185 3184 5250 molesti
3231 5194 3469 5251 essent.
