4984 5975
690 325 817 387 395

691 509 825 585 des,
847 527 1014 591 quae
1037 524 1264 569 omnes
1288 500 1624 585 religionis
1652 509 1916 566 nostrae
1954 501 2340 579 sanctiones,
2380 508 2446 566 et
2481 523 2645 584 quae

690 594 822 659 Dei
864 591 1146 658 oraculis
1189 595 1347 670 sunt
1388 586 1703 670 proditae,
1748 594 1815 650 ot
1857 607 2020 668 quae
2065 599 2439 652 sanctorum
2485 609 2645 671 quo-

692 701 820 764 que
874 687 1138 760 patrum
1189 674 1374 738 libris
1419 682 1572 738 sunt
1611 673 2058 755 consignatae,
2098 679 2163 737 et
2205 694 2370 755 quae
2413 675 2645 756 priscis

691 764 982 831 conciliis
1017 761 1428 844 approbatae,
1467 759 1708 823 furiose
1745 758 2199 840 persequitur?
2259 760 2421 843 Age,
2460 780 2646 823 sanc-

689 858 797 915 tae
830 849 1009 913 illius
1046 856 1114 911 et
1149 866 1342 911 verae
1380 845 1776 927 disciplinae,
1814 865 2012 926 quam
2055 853 2313 909 veteres
2358 845 2647 928 episcopi

688 938 764 1002 in
806 933 1078 1000 ecclesia
1119 940 1582 1007 exercuerunt,
1631 950 1796 1012 quae
1839 929 2108 994 tandem
2165 938 2431 995 exstant
2473 930 2646 1012 apud

688 1043 812 1087 vos
846 1018 1172 1103 vestigia?
1240 1017 1477 1082 Nonne
1512 1017 1731 1081 omnia
1766 1035 1988 1079 eorum
2023 1015 2334 1080 instituta
2368 1016 2648 1081 ludibrio

691 1106 1057 1172 habuistis?
1118 1104 1358 1168 Nonne
1386 1124 1613 1166 omnes
1652 1122 1933 1166 canones
1960 1099 2231 1184 pedibus
2275 1103 2647 1184 proculcas-

692 1192 824 1257 tis?
908 1190 1336 1257 Sacramenta
1388 1208 1548 1253 vero
1605 1208 1801 1269 quam
1847 1187 2157 1251 scelerate
2202 1207 2242 1250 a
2284 1188 2468 1252 vobis
2514 1189 2648 1252 sint
2694 1223 2701 1276 ,3

690 1279 1055 1364 profanata,
1084 1276 1225 1341 sine
1246 1295 1503 1339 summo
1539 1272 1806 1337 horrore
1833 1273 2121 1356 cogitare
2148 1295 2411 1355 nequeo.
2479 1273 2647 1338 Cae-

692 1365 1135 1430 remoniarum
1160 1359 1416 1425 habetis
1444 1358 1703 1442 quidem
1731 1360 1877 1442 plus
1904 1359 2083 1436 satiS,
2108 1358 2217 1423 sed
2259 1358 2408 1424 illae
2443 1380 2647 1441 quum

695 1457 766 1516 et
799 1450 1188 1534 significatu,
1230 1455 1305 1510 ut
1337 1446 1714 1528 plurimum,
1761 1444 1896 1508 sint
1931 1444 2395 1528 ineptissimae,
2444 1454 2512 1510 et
2546 1446 2646 1508 in·-

696 1535 990 1601 numeris
1030 1532 1567 1615 superstitionum
1611 1531 1835 1595 formis
1881 1531 2167 1604 vitiatae,
2214 1530 2369 1612 quid
2426 1530 2647 1596 valere

694 1630 940 1704 queant
983 1618 1065 1682 ad
1109 1618 1449 1683 ecclesiam
1504 1614 2060 1680 conservandam?
2128 1615 2312 1679 Nihil
2350 1616 2645 1692 istorum,

693 1719 775 1772 ut
818 1704 1020 1782 vides,
1067 1704 1464 1770 accusatorie
1509 1723 1547 1765 a
1591 1724 1696 1765 me
1733 1712 2186 1784 exaggeratur.
2256 1707 2372 1780 [fol.
2414 1706 2521 1780 27]
2557 1702 2651 1766 Et

694 1799 853 1857 sunt
894 1791 1115 1856 omnia
1159 1790 1252 1853 sic
1294 1789 1363 1851 in
1410 1786 1751 1870 propatulo
1797 1788 2034 1869 posita,
2079 1795 2157 1850 ut
2201 1787 2649 1852 demonstrare

695 1879 903 1962 digito
946 1877 1157 1952 liceat,
1203 1874 1259 1938 si
1304 1875 1439 1938 sint
1472 1872 1639 1937 oculi
1676 1873 1781 1955 qui
1821 1871 2367 1937 animadvertant.
2435 1873 2647 1950 Nunc,

696 1962 756 2030 si
796 1963 1036 2046 placet,
1085 1959 1167 2025 ad
1224 1960 1393 2025 hanc
1450 1981 1568 2023 nos
1621 1959 1839 2042 legem
1892 1960 2107 2042 exige:
2166 1958 2453 2023 multum
2498 1980 2649 2042 pro-

693 2049 863 2115 fecto
915 2047 1154 2122 aberit,
1193 2045 1354 2128 quin
1409 2066 1631 2109 eorum
1678 2045 2057 2122 criminum,
2113 2065 2276 2126 quae
2320 2043 2506 2109 nobis
2549 2046 2650 2108 in-

696 2132 997 2211 tentasti,
1044 2152 1188 2196 reos
1244 2145 1536 2214 peragas.
1601 2130 1685 2193 In
1745 2132 2168 2195 sacramentis
2228 2130 2393 2194 nihil
2434 2139 2651 2194 tenta-

694 2219 944 2296 vimus,
1002 2217 1133 2282 nisi
1177 2226 1253 2281 ut
1295 2216 1363 2280 in
1408 2216 1706 2280 nativam
1760 2216 2111 2299 puritatem
2163 2215 2339 2280 unde
2396 2214 2651 2282 decide-

694 2312 848 2370 rant
890 2304 1195 2368 restituta
1238 2303 1682 2386 dignationem
1728 2322 1982 2384 quoque
2037 2323 2224 2367 suam
2268 2303 2650 2384 reciperent.

660 2390 1161 2474 ⁴Caeremonias
1220 2409 1465 2472 magna
1516 2409 1600 2452 ex
1656 2395 1843 2470 parte
1899 2387 2318 2454 abolevimus.
2398 2389 2650 2452 Verum

696 2476 903 2542 coacti
942 2496 1170 2539 sumus
1205 2473 1276 2538 id
1308 2476 1546 2539 facere:
1584 2475 1824 2556 partim
1861 2472 2033 2556 quod
2076 2495 2196 2539 sua
2230 2473 2654 2539 multitudine

688 2564 767 2628 ‚in
801 2560 1197 2627 iudaismun‘i
1220 2559 1550 2643 quendam
1585 2557 2179 2644 degeneraverant3
2215 2560 2457 2641 partim
2482 2559 2655 2642 quod

694 2656 885 2712 tanta
940 2647 1399 2730 superstitione
1452 2652 1931 2728 occupaverant
1983 2644 2193 2727 plebis
2249 2645 2534 2723 animos,
2578 2652 2656 2710 ut

697 2740 875 2798 stare
928 2731 1123 2796 modo
1178 2730 1358 2795 nullo
1413 2737 1698 2813 possent,
1743 2731 1903 2813 quin
1946 2730 2206 2812 pietati,
2251 2752 2449 2812 quam
2503 2752 2653 2813 pro-

694 2838 965 2882 movere
1001 2816 1379 2891 debuerant,
1417 2816 1755 2880 officerent
1790 2816 2167 2898 plurimum.
2234 2816 2655 2881 Retinuimus

697 2911 922 2968 tamen
957 2922 1084 2979 eas,
1122 2921 1291 2984 quae
1332 2921 1452 2983 pro
1488 2901 1801 2982 temporis
1838 2901 2088 2966 ratione
2133 2901 2430 2967 sufficere
2476 2901 2656 2965 vide-

696 2990 962 3055 bantur.
1024 2985 1462 3070 Disciplinam
1480 3037 1494 3063 ,
1541 2985 1801 3068 qualem
1857 2985 2088 3051 habuit
2129 2996 2323 3052 vetus
2367 2989 2654 3065 ccclesia,

703 3074 895 3140 nobis
950 3072 1207 3149 deesse,
1253 3093 1463 3154 neque
1508 3092 1630 3137 nos
1674 3069 2051 3137 diffitemur.
2119 3070 2254 3137 Sed
2300 3075 2484 3139 cuius
2530 3074 2658 3137 erit

699 3159 1081 3242 aequitatis,
1137 3177 1261 3222 nos
1316 3177 1582 3222 eversae
1640 3155 2023 3239 disciplinae
2079 3158 2160 3223 ab
2214 3159 2296 3223 iis
2344 3161 2654 3239 accusari,

698 3246 814 3329 qui
848 3253 916 3310 et
957 3265 1105 3309 eam
1140 3243 1261 3308 soli
1304 3243 1569 3326 penitus
1603 3242 2030 3321 sustulerunt,
2075 3251 2143 3308 et
2184 3266 2385 3327 quum
2428 3245 2656 3327 postli-

698 3330 906 3396 minio
962 3329 1272 3395 reducere
1327 3349 1736 3410 conaremur,
1781 3329 1969 3394 nobis
2026 3330 2343 3397 hactenus
2387 3332 2656 3395 obstite-

697 3416 903 3482 runt?

871 3502 1100 3584 Neque
1155 3522 1312 3567 vero
1356 3501 1427 3564 in
1473 3499 1772 3567 doctrina
1816 3501 2192 3565 dubitamus
2237 3501 2321 3566 ad
2365 3510 2656 3566 veterem

698 3588 1041 3655 ecclesiam
1100 3606 1472 3670 provocare.
1555 3587 1648 3650 Et
1701 3587 2041 3668 quoniam,
2102 3587 2382 3670 exempli
2442 3607 2655 3666 causa,

698 3694 774 3739 ca
817 3673 913 3765 ita
945 3672 1267 3756 quaedam
1305 3672 1597 3756 attigisti,
1637 3672 1707 3736 in
1750 3670 1987 3754 quibus
2022 3672 2310 3755 aliquam
2345 3694 2467 3738 nos
2503 3694 2657 3756 sug-

700 3696 977 3845 gillandi
1013 3779 1279 3825 causam
1318 3756 1560 3823 habere
1596 3757 1714 3822 tibi
1748 3756 2094 3836 videbaris,
2132 3757 2473 3823 ostendam
2509 3759 2658 3824 bre-

698 3846 906 3922 viter,
951 3866 1148 3936 quam
1190 3844 1414 3927 inique
1468 3844 1758 3926 falsoque
1814 3844 2171 3922 cavilleris,
2231 3865 2309 3909 ea
2360 3845 2561 3909 fuisse
2619 3865 2660 3908 a

701 3929 891 3994 nobis
935 3938 1164 3993 contra
1206 3929 1516 3995 ecclesiae
1553 3929 1949 3994 sententiam
2005 3931 2386 4013 excogitata.
2450 3932 2658 3995 Ante-

702 4035 902 4098 quam
936 4022 1158 4079 tamen
1195 4014 1277 4081 ad
1313 4014 1561 4097 species
1597 4013 1938 4091 descende,
1983 4014 2393 4080 admonitum
2437 4024 2503 4079 te
2547 4037 2659 4081 ve-

701 4101 852 4178 lim,
899 4101 1094 4164 etiam
1151 4108 1346 4182 atque
1390 4101 1589 4164 etiam
1639 4097 2035 4178 consideres,
2082 4122 2209 4183 qua
2265 4103 2518 4165 ratione
2562 4102 2659 4166 vi-

701 4187 794 4251 tio
834 4194 1056 4250 vertas
1092 4186 1333 4250 nostris
1377 4185 1773 4262 hominibus,
1810 4185 1984 4268 quod
2020 4186 2091 4250 in
2135 4186 2500 4270 scripturae
2544 4208 2658 4251 ex-

699 4271 1123 4355 plicationem
1178 4270 1469 4335 studium
1504 4269 1997 4353 impenderunt.
2068 4270 2215 4338 Seis
2260 4274 2467 4350 enim,
2514 4280 2659 4336 tan-

702 4365 841 4421 tam
885 4356 1086 4420 verbo
1130 4357 1259 4421 Dei
1303 4356 1518 4421 lucem
1562 4357 1699 4422 suis
1747 4357 2301 4423 lucubrationibus
2336 4358 2656 4434 intulisse,

701 4448 799 4506 ut·
837 4441 960 4508 hoc
1015 4442 1087 4505 in
1140 4462 1380 4525 genere
1435 4443 1615 4507 omni
1668 4440 1861 4506 laude
1927 4443 2103 4525 ipsos
2158 4444 2492 4522 fraudare,
2549 4443 2658 4508 vel

701 4526 1019 4593 invidiam
1054 4527 1268 4609 ipsam
1300 4525 1560 4610 pudeat.
1628 4527 1947 4592 Eiusdem
1982 4540 2083 4594 est
2124 4529 2442 4606 candoris,
2482 4528 2657 4612 quod

654 4652 663 4661 ,
702 4610 928 4692 tradis,
971 4611 1289 4696 populum
1329 4614 1607 4695 spinosis
1650 4613 2124 4697 subtilibusque
2167 4616 2656 4698 quaestionibus

702 4698 904 4763 fuisse
948 4719 989 4763 a
1028 4696 1215 4762 nobis
1250 4699 1614 4763 seductum:
1659 4698 1944 4783 adeoque
1985 4722 2103 4783 per
2145 4701 2326 4765 illam
2370 4700 2656 4784 philoso-

702 4782 960 4867 phiam,
1006 4805 1047 4847 a
1081 4803 1211 4866 qua
1245 4804 1476 4850 cavere
1523 4785 1705 4851 iubet
1740 4785 2152 4852 Christianos
2189 4786 2439 4852 Paulus
2480 4785 2652 4871 (001.

704 4873 765 4950 2,
803 4870 893 4954 8),
927 4867 1463 4937 circumductum.
1520 4871 1741 4952 Quid?
1790 4872 1943 4937 Non
1967 4874 2017 4953 ι)
2052 4873 2429 4952 meministi,
2465 4872 2656 4954 quale

844 5160 905 5227 1)
942 5160 1036 5216 Sic
1068 5163 1187 5218 sola
1212 5163 1472 5232 princeps
1514 5180 1635 5219 cum
1684 5163 1930 5217 versione
1959 5161 2182 5230 yallica.
2255 5160 2513 5216 Caeterae
2547 5178 2655 5216 om·

704 5243 803 5286 m
837 5227 1002 5297 (1540
1035 5234 1235 5303 seqq.).·
1266 5231 1423 5287 Num.

2439 312 2969 381 RESPONSIO

4565 357 4573 364 ·
4586 322 4683 383 396

2748 503 2873 567 fuit
2929 511 3189 584 tempus
3246 499 3440 579 illud,
3489 521 3615 584 quo
3675 503 3883 568 nostri
3926 503 4225 571 homines
4280 504 4679 588 prodierunt?

2751 587 3030 669 Qualem
3072 589 3143 651 in
3202 586 3445 652 scholis
3500 587 3859 653 doctrinam
3919 588 4281 670 discebant,
4322 593 4433 674 qui
4479 590 4560 655 ad
4604 613 4682 657 eo·

2750 674 2982 738 clesias
3040 672 3432 738 erudiendas
3469 693 3540 737 se
3583 674 4087 756 comparabant?
4155 673 4305 741 Scis
4358 677 4528 758 ipse,
4575 697 4681 741 me-

2749 781 2890 824 ram
2905 760 2994 822 fui
3004 780 3106 824 sse
3128 758 3521 841 sophisticen
3537 780 3558 836 t,
3578 758 3691 823 sed
3716 759 3876 824 adeo
3900 769 4279 839 contortam,
4305 762 4681 846 implicitam,

2750 848 3114 921 sinuosam,
3162 844 3572 927 perplexam,
3627 852 3705 909 ut
3757 846 3992 909 merito
4046 844 4172 911 dici
4226 859 4450 931 posset
4520 847 4677 913 scho-

2750 932 2978 1018 lastica
3036 929 3361 1014 theologia
3418 927 3735 1011 quaedam
3794 950 4071 1008 arcanae
4131 933 4388 1017 magiae
4434 933 4672 1018 species.

2753 1016 2901 1097 Quo
2929 1018 3199 1098 quisque
3244 1016 3376 1080 illic
3409 1015 3742 1081 densiores
3786 1015 4167 1082 offundebat
4206 1019 4540 1094 tenebraS,
4587 1039 4680 1101 quo

2753 1125 2823 1166 se
2859 1109 2926 1166 et
2971 1102 3130 1167 alios
3173 1101 3570 1183 importunis
3614 1101 4090 1184 aenigmatibus
4133 1106 4345 1187 magis
4369 1103 4678 1186 fatigabat,

2752 1209 2828 1252 eo
2876 1188 3193 1252 maiorem
3257 1186 3581 1252 acuminis
3639 1208 3715 1253 ac
3779 1187 4113 1252 doctrinae
4184 1191 4510 1254 referebat
4572 1189 4680 1273 pal·

2750 1295 2947 1337 mam.
3018 1272 3244 1354 Quum
3289 1293 3444 1338 vero
3479 1271 3813 1338 doetrinae
3849 1293 4004 1338 suae
4038 1274 4326 1340 fructum
4371 1273 4455 1339 ad
4502 1295 4679 1357 popu-

2753 1359 2890 1422 lum
2934 1358 3243 1425 volebant
3301 1359 3622 1440 proferre,
3668 1358 3782 1440 qui
3834 1358 3905 1422 in
3961 1358 4224 1425 officina
4277 1360 4391 1425 illa
4447 1362 4680 1425 fuerant

2752 1445 3031 1520 formati,
3077 1451 3340 1527 quanta,
3383 1443 3668 1522 obsecr0,
3717 1441 4106 1509 dexteritate
4149 1445 4492 1511 ecclesiam
4537 1444 4678 1511 aedi·

2751 1530 3080 1597 ficabant?
3147 1531 3248 1594 Ac
3290 1549 3375 1592 ne
3419 1529 3681 1612 singula
3732 1539 4117 1612 persequar,
4160 1552 4326 1613 quae
4369 1541 4531 1596 tunc
4571 1532 4679 1595 fue-

2752 1626 2909 1682 runt
2950 1618 3020 1680 in
3065 1617 3334 1697 Europa
3376 1616 3739 1691 conciones,
3785 1636 3953 1697 quae
3996 1616 4484 1699 simplicitatem
4531 1617 4678 1681 illam

2753 1710 3352 1784 repraesentarent,
3412 1701 3482 1764 in
3526 1721 3658 1782 qua
3695 1700 3949 1766 Paulus
3994 1701 4138 1765 vult
4173 1709 4310 1766 tota
4353 1703 4494 1766 vita
4538 1701 4678 1769 chri·

2755 1790 3037 1853 stianum
3084 1786 3402 1870 populum
3446 1786 3790 1868 occupari?
3857 1785 4001 1850 Imo
4045 1808 4211 1869 quae
4265 1788 4536 1852 omnino
4567 1788 4676 1864 fuit,

2755 1897 2837 1939 ex
2893 1896 3022 1957 qua
3069 1894 3204 1937 non
3248 1870 3441 1954 plura
3483 1872 3711 1936 deliria
3765 1874 4086 1936 referrent
4138 1873 4462 1951 aniculae,
4511 1893 4678 1957 quam

2756 1959 3157 2027 comminisci
3185 1966 3323 2021 toto
3349 1978 3576 2022 mense
3613 1956 3696 2022 ad
3731 1959 3949 2023 focum
3987 1980 4178 2022 suum
4215 1959 4528 2040 possent?
4589 1957 4678 2024 sio

2757 2047 2928 2111 enim
2965 2046 3101 2109 fere
3138 2043 3524 2109 distributae
3558 2049 3749 2108 erant
3784 2048 3902 2121 [fol.
3941 2049 4048 2121 28]
4089 2044 4455 2122 conciones,
4502 2055 4574 2109 ut
4603 2043 4678 2108 di·

2755 2129 2956 2196 midia
3009 2152 3162 2214 pars
3206 2128 3581 2212 caliginosis
3632 2128 3764 2193 illis
3808 2128 4180 2194 scholarum
4224 2131 4679 2213 quaestionibus

2756 2218 3042 2294 daretur,
3066 2236 3234 2299 quae
3268 2214 3497 2279 rudem
3534 2213 3939 2296 plebeculam
3980 2215 4570 2298 obstupefacerent:
4602 2214 4676 2279 al·

2755 2312 2897 2369 tera
2941 2324 3175 2368 suaves
3217 2300 3489 2366 fabellas
3504 2350 3517 2374 ‚
3576 2307 3692 2365 aut
3734 2321 3869 2365 non
3901 2302 4280 2365 inamoenas
4320 2301 4678 2383 speculatio-

2757 2410 2876 2454 nes
2922 2390 3317 2463 eontineret,
3365 2384 3598 2468 quibus
3656 2385 3879 2468 populi
3935 2386 4236 2451 alacritas
4292 2388 4674 2453 excitaretur.

2757 2476 3018 2541 Paucae
3053 2481 3310 2537 tantum
3347 2472 3614 2536 voculae
3648 2493 3732 2536 ex
3771 2470 3901 2536 Dei
3934 2472 4135 2537 verbo
4171 2474 4675 2557 aspergebantur,

2758 2582 2925 2643 quae
2977 2559 3178 2625 fidem
3234 2558 3475 2622 talibus
3533 2558 3952 2638 nugamentis
4000 2578 4120 2622 sua
4171 2559 4518 2638 maiestate
4555 2579 4676 2624 eon-

2758 2646 3076 2711 ciliarent.
3143 2644 3275 2710 Ubi
3331 2651 3553 2707 autem
3597 2644 3885 2726 primum
3930 2644 4138 2709 nostri
4183 2644 4453 2727 signum
4497 2653 4678 2709 sustu·

2758 2731 3005 2809 lerunt,
3049 2737 3385 2795 momento
3439 2750 3570 2793 uno
3622 2729 3952 2796 discussae
3996 2736 4151 2794 sunt
4192 2727 4367 2811 apud
4414 2750 4531 2796 nos
4568 2750 4677 2794 om·

2759 2838 2878 2882 nes
2921 2816 3073 2880 illae
3117 2816 3410 2881 offuciae.
3494 2814 3718 2880 Vestri
3754 2825 3973 2880 autem
4030 2816 4520 2880 concionatores
4675 2835 4682 2842 ·

2760 2904 2879 2967 tim
2924 2923 3008 2966 ex
3051 2922 3277 2966 eorum
3322 2899 3504 2965 libris
3546 2901 3641 2965 ita
3682 2900 4135 2982 profecerunt,
4180 2902 4425 2983 partim
4468 2923 4552 2985 pu
4591 2920 4678 2965 ors

2761 2998 2955 3072 atque
3032 2988 3738 3053 obmurmurationibus
3815 2987 4110 3052 omnium
4181 2989 4418 3066 coacti,
4486 3007 4678 3054 eorum

2761 3074 3059 3157 exemplo
3094 3075 3189 3138 ita
3226 3094 3296 3139 se
3331 3074 3837 3151 conformamut,
3865 3073 3916 3157 ¹)
3952 3084 4029 3138 ut
4062 3073 4257 3156 pleno
4291 3082 4554 3158 gutture
4586 3072 4677 3139 ad-

2759 3161 2891 3227 huc
2936 3161 3190 3243 spirent
3241 3170 3532 3224 veterem
3588 3159 3772 3224 illam
3826 3158 4278 3224 insulsitatem.
4339 3160 4437 3226 Ut
4469 3160 4524 3225 si
4563 3159 4678 3243 quis

2759 3247 3078 3312 rationem
3113 3243 3348 3329 agendi
3385 3253 3674 3310 nostram
3713 3264 3864 3310 cum
3905 3244 4039 3323 illa,
4081 3253 4277 3328 atque
4321 3246 4517 3310 etiam
4557 3264 4679 3312 cum

2705 3380 2710 3399 .
2760 3354 2838 3397 ea
2873 3353 3039 3414 quae
3074 3331 3268 3396 hodie
3311 3330 3496 3396 vobis
3533 3340 3633 3396 est
3665 3331 3738 3394 in
3763 3330 3991 3412 pretio,
4016 3340 4380 3414 comparet,
4423 3353 4549 3397 non
4579 3329 4678 3395 mi·

2760 3420 3013 3482 nimam
3067 3425 3131 3482 te
3191 3417 3378 3482 nobis
3433 3416 3748 3481 iniuriam
3803 3417 4033 3482 fecisse
4103 3425 4436 3501 agnoscat.
4517 3412 4680 3499 Quod

2762 3504 2818 3569 si
2863 3503 3056 3586 paulo
3101 3502 3380 3567 ulterius
3424 3502 3618 3567 Pauli
3661 3500 3866 3567 verba
3906 3510 4341 3585 prosequutus
4387 3525 4569 3582 esses,
4601 3502 4676 3565 fa-

2763 3590 2882 3655 cile
2941 3589 3156 3671 quivis
3210 3608 3374 3670 puer
3424 3587 3891 3666 intellexisset,
3952 3589 4024 3652 in
4076 3607 4199 3654 vos
4241 3590 4471 3672 procul
4511 3586 4681 3653 dubio

2763 3686 3161 3758 competere,
3229 3673 3404 3757 quod
3470 3673 3658 3739 nobis
3723 3675 3971 3739 crimen
4026 3674 4357 3759 impingis.
4435 3675 4680 3740 Inanem

2764 3762 2940 3826 enim
2991 3759 3472 3842 philosophiam
3533 3758 3669 3824 illie
3720 3758 3972 3824 Paulus
4037 3759 4509 3843 interpretatur
4558 3778 4684 3825 eam

2763 3867 2934 3923 esse,
2981 3866 3148 3928 quae
3191 3845 3333 3928 pias
3377 3844 3630 3909 animas
3676 3866 3793 3927 per
3835 3845 4332 3912 constitutiones
4373 3846 4681 3912 hominum

2763 3938 2832 3996 et
2872 3931 3196 3996 elementa
3246 3930 3447 3996 huius
3500 3930 3732 3995 mundi
3792 3929 4257 4013 depraedatur,
4314 3932 4541 4016 quibus
4580 3948 4680 3995 vos

2764 4016 3104 4083 ecclesiam
3147 4015 3541 4099 perdidistis.

2934 4103 3027 4167 Et
3069 4103 3209 4186 ipse
3253 4112 3364 4166 tuo
3406 4102 3641 4167 deinde
3677 4102 4046 4166 testimonio
4089 4123 4208 4167 nos
4250 4103 4551 4169 absolvis:
4585 4098 4678 4184 qui

2764 4190 2939 4253 inter
2982 4186 3290 4271 dogmata
3333 4198 3586 4266 nostra,
3634 4209 3799 4270 quae
3842 4188 4238 4271 exagitanda
4280 4190 4398 4254 tibi
4439 4185 4678 4261 duxisti,

2762 4274 3020 4339 nullum
3076 4275 3370 4356 profore„
3396 4274 3582 4338 cuius
3639 4272 3925 4357 cognitio
3973 4293 4105 4337 non
4148 4274 4235 4339 sit
4277 4274 4362 4339 ad
4401 4272 4679 4340 eeclesiae

2764 4360 3283 4425 aedificationem
3327 4360 3399 4423 in
3437 4359 3667 4441 primis
3709 4359 4093 4425 necessaria.
4159 4360 4353 4437 Fidei
4395 4358 4681 4426 iustifica-

2765 4446 3010 4510 tionem
3064 4448 3278 4528 primo
3338 4445 3478 4510 loco
3529 4445 3827 4528 attingis:
3888 4442 3970 4509 de
4022 4466 4154 4527 qua
4195 4445 4382 4513 nobis
4419 4446 4681 4528 primum

2762 4538 2829 4595 et
2881 4532 3272 4596 acerrimum
3327 4540 3659 4595 certamen
3725 4530 4061 4596 vobiscum
4127 4540 4243 4596 est.
4338 4532 4534 4597 Estne
4583 4525 4684 4592 illa

2764 4617 3028 4698 spinosa
3068 4624 3134 4681 et
3177 4616 3427 4682 inutilis
3480 4615 3814 4697 quaestio?
3896 4617 4016 4693 At,
4064 4615 4326 4683 sublata
4376 4617 4507 4682 eius
4549 4632 4684 4696 cog·-

2763 4702 3029 4781 nitione‚
3066 4710 3134 4767 et
3167 4701 3420 4768 Christi
3454 4700 3663 4785 gloria
3698 4701 4022 4766 exstincta
4065 4712 4184 4782 est,
4221 4714 4289 4768 et
4332 4701 4558 4769 abolita
4593 4717 4684 4763 re-

2760 4787 2948 4872 ligio,
2996 4794 3063 4853 et
3107 4788 3378 4854 ecclesia
3422 4785 3778 4865 destructa,
3836 4793 3904 4852 et
3954 4807 4104 4869 spes
4162 4788 4385 4855 salutis
4433 4788 4680 4869 penitus

2900 5095 2957 5161 1)
2999 5092 3093 5147 Sic
3115 5095 3284 5148 latini
3310 5096 3440 5151 libri
3459 5113 3655 5168 omnes,
3691 5104 3752 5153 ut
3785 5101 3993 5155 ironice
4015 5100 4216 5156 dictum
4248 5101 4509 5156 videam.
4567 5089 4684 5147 Gd-

2760 5165 2846 5218 lus
2880 5162 3119 5217 lucidius
3161 5163 3431 5220 reddidit.-
3477 5183 3672 5223 encore
3723 5182 3790 5223 ne
3838 5185 3896 5224 se
3944 5178 4074 5237 peut
4121 5169 4254 5224 faire
4291 5166 4440 5239 qu’ilz
4477 5177 4544 5218 ne
4578 5175 4684 5215 sen·

2762 5239 2880 5286 tent
2916 5234 2949 5286 a
2982 5231 3164 5300 pleine
3203 5249 3367 5302 gorge
3405 5242 3551 5291 ceste
3588 5235 3765 5292 vieille
3804 5237 4005 5292 bestise
4042 5244 4098 5291 et
4131 5241 4358 5294 asnerie.
