4984 5975
532 272 774 339 XLVI
1821 263 2366 335 TRAOTATUS
2411 261 2998 332 THEOLOGIGI
3039 260 3482 330 MINORES.

528 461 833 547 draginta
876 465 944 526 et
985 467 1147 527 octo.
1214 458 1508 526 Sadoleti
1551 457 1825 542 epistola
1864 453 2194 541 descripta
2236 460 2339 521 est
2376 453 2482 520 fol.
2528 457 2757 532 2-16,
2804 450 3062 519 Oalvini
3103 452 3439 535 responsio
3478 451 3588 517 fol.
3638 454 3887 517 17—48
3933 455 4128 519 recto.
4194 451 4535 537 Paginam

525 572 833 638 ultimam
876 579 1152 655 occupat
1190 548 1578 638 WendeIini
1619 568 1832 644 nostri
1873 568 2191 634 Nemesis.

833 682 1076 750 Paucis
1117 687 1266 766 post
1306 680 1638 748 mensibus
1680 699 1854 745 nova
1893 679 2236 763 utriusque
2277 677 2478 745 libelli
2521 674 2718 742 editio
2759 672 3004 759 prodiit
3046 673 3390 754 Genavae,
3447 674 3608 740 dum
3647 673 3966 743 Calvinus
4009 673 4228 741 adhuc
4268 675 4537 760 Argen·—

527 795 721 861 torati
763 793 1068 878 degebat,
1113 797 1185 859 in
1227 815 1357 878 qua
1397 792 1588 860 lectio
1629 792 2002 875 frequenter
2044 798 2301 856 mutata
2341 787 2881 874 deprehenditur,
2938 787 3034 851 ita
3084 786 3349 869 quidem
3402 795 3480 851 ut
3528 786 3867 871 aliquoties
3922 787 4343 855 emendatam
4385 807 4541 854 essa

528 906 869 984 fateamur,
914 927 1388 988 nonnunquam
1430 924 1589 970 vero
1625 910 1707 968 ut
1747 923 1873 986 quo
1915 903 2061 968 iure
2103 901 2174 967 id
2214 902 2460 969 factum
2504 902 2596 968 sit
2635 901 2869 965 merito
2911 896 3284 982 quaesieris.
3373 898 3632 966 Titulus
3666 906 3796 966 est:

827 1004 1251 1090 IACOBI
1304 1001 1317 1107 Ι
1372 1011 1844 1082 SADOLE'H
1901 1012 2203 1080 ROMA-
2226 1012 2236 1096 Ι
2259 1001 2348 1083 ni
2411 999 2882 1085 cardinal-is
2943 997 3341 1109 Epistola
3400 999 3510 1084 ad
3570 996 3726 1083 Se-
3763 997 4021 1113 {natum
4041 1009 4539 1101 Populumquef

533 1128 1028 1196 Geneuensem:
1077 1129 1086 1214 Ι
1139 1127 1293 1210 Qua
1327 1127 1397 1192 in
1431 1123 1867 1192 obedientiam
1900 1124 2188 1190 Romani
2221 1124 2436 1210 Pon-1
2461 1125 2654 1190 tificis
2698 1145 2807 1189 eos
2851 1126 3164 1195 reducere
3197 1131 3504 1193 conatur:
3555 1125 3568 1202 Ι
3616 1123 3700 1189 ad
3735 1123 4072 1206 exemplar
4102 1122 4321 1206 ipsum
4366 1116 4545 1195 Sus-t

533 1238 733 1308 deleti
767 1239 1123 1324 recognita
1177 1239 1187 1323 1
1275 1225 1616 1310 Ioannis
1680 1222 2014 1308 Caluini
2071 1223 2567 1335 Responsio.
2624 1228 2636 1333 Ι
2776 1236 3224 1306 GENEVAE
3266 1239 3275 1325 1
3312 1223 3581 1337 Apud
3705 1222 4215 1307 Michaelem
4332 1218 4539 1332 Syl-
4590 1242 4611 1252 ‘

527 1356 786 1440 nium.
843 1361 856 1466 Ι
909 1378 985 1432 M,
1020 1377 1086 1432 n.
1119 1377 1235 1431 xl..

833 1470 1081 1534 Forma
1123 1468 1352 1534 eadem
1394 1489 1471 1535 ac
1511 1467 1977 1551 praecedentis.
2068 1467 2236 1551 'typi
2281 1474 2505 1551 utpote
2548 1490 2951 1554 genevenses
2994 1469 3204 1536 multo
3255 1471 3536 1536 maiores
3595 1476 3662 1534 et
3714 1468 4175 1554 elegantiores,
4234 1465 4374 1531 eius
4418 1484 4536 1549 ge-

528 1581 708 1647 neris
750 1580 922 1664 quod
966 1601 1310 1646 romanum
1355 1587 1610 1647 vocant.
1699 1577 2184 1660 Quaterniones
2240 1593 2383 1644 octo
2425 1578 2669 1664 integri
2723 1588 2791 1646 et
2842 1581 3001 1646 noni
3053 1582 3184 1646 tria
3240 1588 3499 1646 tantum
3554 1579 3712 1646 folia
3764 1579 3976 1663 (a—i)
4032 1599 4168 1644 non
4223 1583 4504 1661 quatuor
4516 1600 4537 1655 ;

526 1693 807 1776 paginae
849 1700 1231 1759 numeratae
1283 1696 1419 1757 133.
1507 1691 1754 1774 Incipit
1796 1688 2064 1756 Calvini
2106 1691 2440 1773 responsio
2481 1712 2630 1775 pag.
2679 1698 2782 1757 45.
2848 1692 3101 1759 Ultima
3142 1693 3387 1777 pagina
3429 1712 3549 1758 suo
3593 1711 3869 1757 numero
3911 1688 4227 1756 destituta
4267 1687 4541 1756 exhibet

531 1801 1105 1888 subscriptionem:
1151 1803 1465 1869 Genevae
1508 1802 1872 1870 excudebat
1914 1800 2202 1867 Michael
2246 1800 2537 1887 Sylvius.
2590 1808 2772 1869 1540.
2865 1803 3057 1886 Quod
3115 1802 3327 1870 editor
3370 1803 3529 1871 dicit
3581 1803 3662 1869 de
3708 1800 4071 1886 exemplari
4114 1822 4234 1867 suo
4277 1799 4364 1866 ad
4406 1797 4536 1867 Sa-

530 1916 734 1984 doleti
775 1915 1227 1982 authenticum
1269 1915 1630 2000 recognito,
1687 1915 1759 1979 in
1801 1934 1878 1979 eo
1923 1913 2185 1998 egregie
2240 1915 2573 1981 mentitur.
2660 1916 2836 1981 Nam
2886 1938 2971 1983 ne
3023 1937 3232 1981 unum
3274 1914 3538 2000 quidem
3590 1913 3804 1980 locum
3859 1914 4224 1998 reperimus
4278 1912 4353 1975 in
4407 1931 4541 1994 quo

531 2028 614 2095 ab
658 2028 1181 2112 argentoratensi
1233 2035 1422 2093 textu
1479 2026 1563 2092 ad
1613 2025 2095 2111 lugdunensem
2138 2026 2503 2107 transierit;
2557 2028 2815 2110 saepius
2856 2048 3018 2094 vero
3058 2027 3228 2110 ipse,
3284 2035 3360 2093 ut
3401 2028 3536 2093 iam
3578 2026 3864 2093 diximus
3878 2078 3895 2105 ,
3952 2024 4034 2091 ab
4078 2032 4358 2108 utroque
4401 2022 4539 2089 dis-

528 2148 769 2221 crepat.
859 2138 1223 2223 Utramque
1266 2136 1617 2205 editionem
1660 2137 1956 2222 opusculi
2013 2136 2364 2203 calviniani
2416 2158 2540 2204 nos
2594 2139 2718 2222 ipsi
2775 2139 3212 2223 possidemus,
3267 2159 3550 2223 quarum
3601 2139 3780 2222 prior
3819 2135 4376 2223 argentoratensis
4428 2156 4541 2201 ra-

528 2249 790 2316 rissima
830 2258 950 2332 est,
995 2251 1382 2335 genevensis
1423 2270 1601 2329 vero,
1645 2250 1975 2315 nescimus
2017 2268 2103 2312 an
2145 2247 2385 2316 alicubi
2428 2250 2629 2315 etiam
2672 2252 3054 2335 reperiatur.

836 2364 1099 2429 Recusa
1138 2360 1421 2427 habetur
1462 2359 1758 2427 Sadoleti
1803 2359 2078 2445 epistola
2120 2381 2269 2426 cum
2314 2359 2580 2426 Oalvini
2616 2382 2930 2445 responso
2968 2363 3041 2427 in
3083 2361 3483 2451 collectione,
3505 2361 3786 2429 Gallasii
3832 2363 3995 2425 1552
4041 2380 4187 2444 pag.
4235 2360 4535 2424 94—129

529 2484 676 2543 tum
719 2473 896 2561 apud
935 2475 1182 2540 Bezam
1233 2478 1396 2539 1576
1441 2493 1590 2557 pag.
1640 2475 2006 2551 161-187;
2049 2471 2174 2538 Ed.
2230 2475 2393 2537 1597
2437 2493 2587 2557 pag.
2640 2476 3007 2553 132—1553
3051 2473 3228 2557 apud
3270 2471 3609 2540 Stoerium
3648 2493 3797 2557 pag.
3849 2475 4211 2552 114—-133,
4256 2470 4538 2555 denique

530 2589 602 2654 in
646 2586 931 2654 editione
972 2584 1561 2651 Amstelodamensi
1605 2605 1753 2669 pag.
1800 2587 2116 2649 99—115.

839 2697 1079 2764 Versio
1123 2696 1359 2782 gallica
1402 2695 1754 2779 separatim
1797 2693 2041 2778 prodiit
2081 2694 2213 2759 iam
2257 2714 2432 2760 anno
2481 2698 2644 2760 1540
2688 2694 3016 2777 Genevae,
3062 2695 3334 2761 absente
3371 2695 3666 2776 Calvino,
3711 2717 3942 2762 verum
3977 2704 4054 2762 ut
4088 2695 4350 2762 videtur
4384 2700 4543 2761 ante

530 2811 885 2878 editionem
927 2808 1219 2874 latinam.
1309 2808 1483 2874 Nam
1526 2807 1640 2891 qui
1692 2826 1837 2873 eam
1880 2805 2158 2872 confecit
2201 2811 2456 2871 textum
2500 2814 3111 2891 argentoratensem
3151 2828 3374 2891 presse
3417 2814 3731 2892 sequutus
3774 2815 3902 2889 est,
3960 2808 4330 2892 ubicunque
4373 2807 4545 2873 alter

530 2922 613 2990 ab
656 2920 862 2989 altero
906 2919 1198 2988 discedit.
1283 2920 1376 2985 Et
1416 2920 1546 2985 iam
1594 2917 1654 2984 d.
1703 2920 1804 2983 27.
1849 2915 1993 2984 Oct.
2040 2921 2202 2983 1539
2248 2916 2570 2988 Calvinus
2615 2917 2699 2983 ad
2740 2919 3084 2992 Farellum
3126 2918 3289 2987 haec
3333 2917 3560 2987 scribit
3599 2941 3768 3005 quae
3809 2920 3883 2985 in
3924 2919 4143 2988 codice
4182 2919 4544 3007 genevensi

416 3123 424 3130 ῃ
530 3034 840 3119 legimus:
901 3033 1255 3099 Vei-sionem
1308 3031 1608 3114 epistolae
1650 3051 1821 3097 mae
1864 3030 1951 3097 ad
1995 3029 2357 3098 Sadoldum
2397 3051 2527 3098 non
2555 3033 2749 3113 potui
2790 3032 2878 3098 ad
2913 3031 3104 3114 finem
3156 3053 3354 3115 usque
3395 3032 3689 3116 conferre.
3778 3032 4102 3117 Inteyrum
4156 3032 4327 3098 enim
4378 3032 4546 3098 diem

530 3145 889 3229 requirebat
926 3143 1104 3211 labor
1144 3144 1271 3210 ille.
1357 3142 1626 3225 Inspexi
1669 3149 1874 3209 tamen
1914 3147 1987 3208 ut
2024 3147 2218 3226 qus-tu
2252 3141 2459 3209 habito
2501 3143 2813 3210 iudicium
2854 3144 3115 3227 aliquod
3151 3143 3356 3227 facere
3397 3163 3663 3227 possm.
3755 3144 3901 3209 Non
3950 3143 4267 3236 displicet,-
4316 3144 4544 3210 nollem

534 3263 746 3323 tamen
789 3262 930 3323 ante
957 3256 1283 3337 publicari
1325 3275 1520 3339 quam
1560 3260 1832 3322 correcta
1867 3253 2079 3337 fuerit.
2166 3243 2570 3336 Deprehkndi
2617 3256 2786 3321 enim
2837 3255 3071 3322 alicubi
3111 3261 3392 3323 erratum
3432 3276 3579 3322 esse.
3677 3254 3904 3322 Vereor
3943 3260 4150 3322 tamen
4201 3276 4279 3322 ne
4316 3257 4380 3323 si
4419 3273 4546 3321 mo-

530 3373 710 3435 retur
753 3368 1092 3448 Antonius,
1142 3366 1468 3452 Piynaeus
1509 3371 1867 3447 mutaverint,
1909 3367 2022 3449 qui
2064 3367 2199 3431 iam
2236 3367 2399 3449 forte
2440 3366 2529 3432 ad
2568 3366 2932 3434 umbilicum
2970 3387 3169 3450 usque
3197 3367 3519 3451 perduxit.
3611 3367 3761 3433 Non
3803 3368 3970 3432 euim
4009 3369 4259 3434 tertiam
4287 3372 4543 3449 partem

530 3482 607 3547 in
647 3479 1061 3562 componendo
1104 3480 1241 3545 eius
1283 3480 1578 3562 temporis
1619 3479 1994 3559 consumpsi,
2036 3478 2206 3561 quod
2239 3479 2575 3560 praeteriit
2613 3499 2691 3543 ex
2732 3499 2855 3560 quo
2895 3479 3153 3561 scrispsit
3192 3500 3260 3545 se
3300 3480 3619 3561 incepisse.
3686 3479 3795 3544 Ex
3838 3479 3944 3544 his
3979 3485 4161 3563 patet
4193 3479 4355 3545 duas
4390 3500 4541 3545 ver·

534 3593 749 3659 siones
792 3588 992 3655 simul
1031 3600 1453 3674 praeparatas
1494 3591 1711 3669 fuisse,
1745 3579 2036 3655 ‘alteram
2079 3610 2120 3654 a
2161 3589 2474 3674 Pignaeo,
2523 3589 2798 3656 alteram
2837 3589 2919 3656 ab
2963 3591 3256 3658 Antonio
3299 3588 3584 3675 quodam
3598 3643 3615 3671 ,
3662 3613 3748 3657 an
3794 3587 4118 3657 Sonnerio
4131 3642 4148 3670 ,
4192 3589 4540 3657 nescimus.

532 3702 706 3771 Utra
748 3723 904 3769 vero
949 3722 1021 3767 re
1065 3723 1223 3767 vera
1264 3701 1438 3767 edita
1481 3701 1569 3767 sit
1605 3708 1672 3767 et
1714 3701 1825 3768 hic
1867 3708 2099 3781 exstet,
2144 3701 2523 3772 mortalium
2566 3723 2756 3768 nemo
2796 3699 2990 3769 hodie
3033 3701 3290 3768 dixerit.
3381 3702 3672 3771 Unicum
3713 3702 4050 3787 exemplar
4091 3704 4164 3768 in
4197 3700 4372 3787 quod
4413 3701 4547 3770 huc

533 3835 744 3898 usque
783 3812 1131 3881 incidimus
1173 3820 1473 3880 nostrum
1515 3820 1633 3893 est,
1680 3814 1863 3880 ouius
1905 3812 2137 3879 titulus
2179 3813 2275 3880 sic
2317 3813 2546 3880 habet:

842 3911 1366 3997 EPISTRE
1422 3909 1435 4015 Ι
1488 3925 1616 3990 DE
1663 3922 2014 4006 IAQVES
2063 3920 2345 3991 SADO-
2368 3920 2381 4010 ι
2403 3934 2551 3990 Lm
2588 3933 2977 4004 mauman,
3020 3934 3146 3990 EN·
3173 3921 3184 4010 Ι
3210 3920 3481 4025 uoyee
3544 3943 3656 3996 au
3717 3912 3984 3998 Senat
4046 3926 4149 4012 ‚et
4206 3914 4544 4028 Peuple

541 4044 649 4127 de
713 4041 1105 4127 Geneue:
1178 4046 1191 4152 Ι
1258 4041 1434 4123 Par
1493 4040 1867 4152 laquelle
1935 4040 2002 4123 il
2070 4041 2363 4124 tasche
2443 4040 2572 4125 les
2645 4040 2983 4124 reduire
3053 4038 3065 4144 Ι
3136 4044 3393 4126 soubz
3466 4042 3554 4126 la
3619 4044 4061 4155 puissance
4136 4044 4242 4128 de
4312 4042 4498 4127 ΓΕ·
4532 4041 4541 4156 Ι

533 4200 858 4283 uosque
922 4170 1028 4253 de
1088 4170 1470 4253 Romule.
1529 4167 1543 4273 Ι
1691 4182 1877 4247 Auec
1920 4180 1986 4245 la
2032 4181 2376 4264 Response
2428 4179 2510 4246 de
2548 4181 2758 4247 Iehan
2805 4180 3070 4247 Caluia:
3122 4182 3132 4267 Ι
3180 4182 3570 4250 translatees
3613 4183 3695 4249 de
3737 4184 3940 4249 Latin
3992 4206 4078 4251 en
4120 4184 4482 4269 Francoys.
4530 4183 4545 4266 Ι

534 4299 941 4413 Imprime
1009 4328 1061 4381 a
1120 4295 1475 4381 Geneue
1534 4327 1691 4410 par
1752 4295 2074 4380 Michel
2131 4298 2251 4381 d'u
2310 4297 2538 4380 Bois.
2595 4293 2608 4399 Ι
2661 4310 2755 4376 M.
2802 4308 2886 4375 D.
2931 4311 3084 4412 XL.

844 4422 1093 4488 Forma
1144 4423 1477 4489 octonaria
1528 4422 1762 4487 minor.
1867 4419 2349 4503 Quaterniones
2400 4440 2644 4486 novem
2693 4428 2765 4487 et
2814 4423 3188 4506 quinternio
3242 4444 3418 4489 unus
3472 4420 3724 4508 (ει-11).
3814 4422 4108 4506 Paginae
4161 4431 4550 4491 numeratae

540 4536 682 4598 161.
775 4531 1071 4599 Sadoleti
1107 4532 1387 4617 epistola
1426 4533 1672 4619 legitur
1711 4553 1861 4619 pag.
1908 4536 2138 4599 3—48.
2227 4530 2494 4598 Calvini
2535 4534 2869 4617 responsio
2919 4533 3148 4617 incipit
3190 4554 3338 4618 pag.
3385 4538 3486 4599 49.
3575 4532 3662 4598 111
3713 4534 3847 4598 fine
3901 4532 4168 4618 legitur:
4225 4535 4549 4619 Imprime

532 4651 579 4711 a
620 4644 893 4713 Geneve
934 4665 1056 4728 par
1092 4643 1339 4712 Michel
1384 4644 1473 4712 du
1513 4646 1698 4730 Boys
1735 4645 1800 4712 le
1838 4644 1959 4711 VI.
2005 4644 2087 4711 de
2131 4645 2334 4723 Mars,
2378 4644 2472 4710 M.
2519 4644 2604 4709 D.
2647 4644 2797 4711 XL.
2865 4645 3135 4711 Folium
3176 4645 3480 4711 ultimum
3522 4645 3596 4709 in
3640 4643 3823 4710 albis.
3887 4643 4143 4711 Eadem
4180 4648 4397 4713 versio
4440 4667 4563 4712 re·—

536 4778 698 4823 cusa
741 4765 846 4823 est
884 4758 959 4821 iu
1002 4777 1273 4841 oon-pore
1314 4755 1801 4842 opusculorum
1844 4756 2077 4843 guuioo
2127 4758 2290 4821 1566
2333 4775 2479 4839 pag.
2533 4759 2869 4821 131—175
2910 4765 2980 4823 ut
3027 4760 3185 4820 1611
3230 4775 3377 4840 pag.
3430 4758 3786 4848 149—200.
4306 4739 4309 4744 '
