4984 5975
614 316 730 378 127

602 500 829 565 multis
887 497 1261 565 custodibus
1308 517 1470 577 opus
1506 496 1659 572 erit,
1709 494 1819 558 ubi
1861 502 1924 557 te
1978 492 2177 557 semel
2230 491 2314 557 ad
2367 512 2549 556 meas

601 606 833 669 capsas
877 583 1242 649 admisero?
1303 583 1414 664 qui
1454 603 1586 645 nen
1631 581 1838 644 solum
1887 600 1970 643 ne
2013 577 2170 660 quid
2216 577 2546 654 6116116168,

605 670 721 737 sed
756 672 952 736 etiam
987 691 1071 734 ne
1107 666 1261 751 quid
1297 668 1570 744 auferas,
1610 664 2071 731 custodiendus
2116 663 2245 728 sis?
2315 663 2552 727 Erant

604 767 672 822 et
718 755 1046 833 custodeS,
1095 755 1204 837 qui
1249 751 1574 818 iudicibus
1635 760 1700 815 et
1753 749 2080 833 quaestori
2133 746 2548 832 apponeban-

603 852 743 921 tur,
791 863 993 925 quum
1035 840 1398 905 sententiae
1444 837 1788 902 tabellares
1830 837 1899 899 in
1956 854 2195 898 urnam
2250 833 2548 898 coniicie-

604 928 863 1004 bantur,
901 933 1220 1009 quantum
1258 944 1524 1007 possum
1563 922 1866 1005 colligere
1911 942 1994 985 ex
2034 920 2174 984 loeo
2210 916 2545 983 Paediani.

604 1012 885 1097 Singuli,
910 1010 1139 1095 inquit,
1166 1009 1413 1074 iudices
1453 1009 1845 1073 sententiam
1880 1003 1960 1070 de
1996 1005 2219 1068 tabula
2254 1025 2550 1085 pronun·
2586 1031 2598 1046 ·

612 1099 877 1166 ciabant
919 1100 990 1162 in
1033 1096 1385 1161 levioribus
1429 1094 1670 1171 causis,
1718 1100 1784 1157 et
1827 1092 1908 1156 ob
1953 1088 2020 1154 id
2064 1091 2282 1172 ipsum
2338 1109 2549 1171 neque

603 1191 779 1263 nota,
816 1204 1029 1266 neque
1056 1178 1323 1247 custode
1359 1200 1521 1261 opus
1555 1180 1692 1242 fuit.
1755 1179 2113 1242 Possumus
2157 1184 2224 1239 et
2250 1174 2549 1239 custodes

605 1270 937 1354 appellare
975 1277 1200 1333 autore
1222 1263 1507 1342 Budae0,
1545 1285 1704 1346 quos
1741 1263 1981 1328 Graeci
2020 1260 2400 1346 α’ντιγραφεῖς
2436 1281 2549 1324 vo-

605 1364 787 1434 cant,
843 1355 910 1418 id
961 1362 1088 1429 est,
1143 1350 1694 1436 antigrapharios‚
1752 1370 1868 1413 seu
1913 1346 2548 1412 contrarotulatores.

610 1441 799 1522 Quae
836 1441 1054 1505 omnia
1098 1437 1464 1521 significata
1506 1436 1579 1499 in
1622 1436 1797 1500 idem
1838 1431 2154 1499 recidunt.

779 1524 1141 1590 Maximum
1194 1523 1287 1586 ita
1334 1521 1546 1586 haben
1636 1520 1765 1585 His
1810 1520 2008 1583 etiam
2050 1516 2550 1601 cognominibus

606 1611 1044 1677 adulabantur
1087 1608 1222 1673 suis
1268 1607 1536 1673 Caesari
1581 1628 1658 1671 us
1701 1606 2021 1683 Romani,
2061 1605 2132 1675 in
2175 1601 2570 1683 exemplum'

608 1699 710 1763 sui
744 1698 940 1772 Iovis,
988 1696 1093 1761 eui
1138 1695 1494 1776 antiquitus
1536 1691 1917 1756 indiderant
1949 1689 2111 1755 haec
2145 1686 2546 1771 cognomina.

607 1783 837 1850 Cicero
881 1782 1045 1846 libro
1089 1780 1177 1844 II.
1227 1778 1306 1844 de
1348 1778 1607 1843 Natura
1649 1777 1947 1854 deorum,
1991 1775 2218 1840 Iovem
2261 1793 2301 1836 a
2344 1772 2550 1861 maio-

607 1868 790 1934 ribus
825 1869 1144 1949 optimum
1186 1864 1551 1929 maximum
1595 1862 1840 1928 dietum
1884 1859 2099 1938 tradit,
2146 1860 2298 1942 quia
2339 1859 2551 1921 maius

607 1963 708 2022 est
751 1955 824 2018 et‘
859 1953 1108 2037 gratius
1152 1950 1460 2033 prodesse
1503 1947 1832 2024 omnibus,
1877 1968 2074 2029 quam
2131 1965 2283 2026 opes
2336 1944 2549 2007 maxi-

604 2062 747 2106 mas
781 2039 1038 2104 habere.
1113 2036 1303 2102 Idem
1338 2035 1410 2099 in
1446 2035 1738 2099 oratione
1774 2055 1892 2116 pre
1929 2031 2145 2095 Deme
2172 2048 2320 2094 sua:
2368 2027 2549 2109 Que-

606 2129 779 2193 circa
813 2131 897 2203 te‚
935 2122 1330 2205 Capitoline,
1369 2142 1562 2205 quem
1605 2129 1872 2202 propter
1911 2116 2226 2181 beneficia
2267 2114 2551 2197 populus

607 2232 919 2277 romanus
965 2209 1312 2291 optimum,
1361 2218 1626 2288 propter
1670 2206 1807 2268 vim
1849 2203 2211 2267 maximum
2255 2201 2551 2265 nomina-

606 2297 720 2362 vi't.
809 2295 1069 2361 Plinius
1113 2295 1185 2357 in
1241 2293 1679 2374 Panegyrico:
1737 2290 1880 2355 Iam
1937 2287 2095 2370 quid
2151 2294 2287 2350 tam
2341 2285 2549 2362 civile,

607 2391 744 2448 tam
787 2381 1187 2446 senatorium
1211 2399 1425 2461 „quam
1468 2376 1633 2441 illud
1678 2373 1971 2440 additum
2015 2397 2055 2438 a
2090 2374 2277 2438 nobis
2320 2370 2553 2454 optimi

607 2466 1010 2553 cognomen?
1035 2466 1307 2530 iustisne
1345 2461 1425 2527 de
1461 2463 1672 2528 causis
1709 2467 1972 2526 senatus
1998 2445 2414 2542 'populusque
2448 2479 2553 2524 ro-

606 2575 842 2619 manus
885 2551 1116 2635 optimi
1161 2551 1280 2615 tibi
1325 2569 1682 2633 cognomen
1743 2545 2020 2611 adiecit?
2110 2546 2432 2610 Paratum
2485 2541 2554 2606 id

609 2639 891 2723 quidem,
930 2645 994 2702 et
1029 2639 1099 2701 in
1135 2636 1349 2700 medio
1393 2636 1698 2717 positum,
1745 2653 1992 2712 nevum
2034 2638 2272 2695 tamen.
2317 2635 2330 2670 ·'
2367 2627 2554 2693 Scias

607 2725 939 2794 neminem
984 2730 1136 2786 ante
1174 2722 1523 2797 meruisse,
1581 2717 1752 2802 qued
1812 2739 1945 2786 non
1991 2723 2132 2780 erat
2174 2715 2554 2798 excogitan-

608 2809 794 2887 dum,
837 2810 895 2873 si
928 2809 1077 2891 quis
1120 2807 1484 2870 meruisset.
1577 2805 1683 2868 An
1727 2803 1931 2866 satius
1971 2802 2098 2865 fuit
2139 2800 2393 2867 felicem
2439 2820 2554 2864 vo-

608 2895 799 2960 care?
846 2892 1017 2976 quod
1062 2914 1189 2956 non
1233 2891 1556 2968 moribus,
1616 2888 1730 2954 sed
1775 2889 2071 2951 fortunae
2127 2883 2355 2950 datum
2411 2883 2552 2948 est?

610 2978 834 3047 Satius
877 2999 988 3043 ma
1082 3000 1209 3054 um,
1257 2977 1359 3040 eui
1404 2975 1554 3058 plus
1599 2973 1902 3051 invidiae,
1948 2993 2146 3055 quam
2186 2970 2555 3053 pulchritu-

610 3064 781 3130 dinis
825 3000 1037 3128 inest&
1128 3062 1252 3126 Ille
1293 3083 1531 3144 parens
1576 3059 1918 3123 hominum
1968 3058 2393 3140 deorumque,
2440 3077 2554 3138 ep-

609 3146 1239 3232 timiprius‚-deinde
1261 3147 1532 3211 maximi
1567 3147 1830 3210 nomine
1853 3144 2105 3210 colitur.
2175 3141 2326 3223 Quo
2365 3164 2555 3225 prae·

610 3237 848 3302 clarior
890 3235 1041 3299 laus
1085 3243 1226 3311 tua,
1268 3253 1462 3316 quem
1503 3253 1636 3296 non
1679 3232 2199 3296 minus-constat
2238 3229 2557 3310 optimum

610 3343 770 3402 esse,
807 3341 1001 3404 quam
1039 3319 1419 3384 maximum.
1491 3317 1846 3382 Suetonius
1881 3317 1952 3381 in
1990 3314 2322 3399 Caligula:
2361 3313 2556 3380 Com-

608 3407 909 3492 pluribus
953 3402 1445 3490 cognominibus
1488 3402 1860 3484 assumptis
1949 3401 2126 3466 Nam
2167 3409 2235 3466 et
2277 3400 2447 3482 pius,
2494 3407 2560 3463 et

610 3504 967 3560 castrorum
1017 3491 1220 3568 filius,
1291 3498 1359 3554 et
1406 3498 1592 3572 pater
1660 3489 2068 3554 exercituum
2085 3537 2098 3562 ,
2151 3505 2218 3551 et
2272 3488 2557 3568 optimus

609 3580 940 3645 maximus
976 3577 1221 3644 Caesar
1264 3574 1631 3641 vecabatur.
1720 3573 1893 3638 Vide
1929 3576 2009 3637 ut'
2042 3573 2218 3637 inter
2253 3594 2323 3637 se
2367 3570 2557 3636 dissi·

611 3667 810 3731 deant
864 3661 1285 3747 Tranquillus
1342 3669 1408 3725 et
1462 3659 1727 3725 Plinius
1781 3680 2059 3741 quornm
2115 3657 2284 3723 alter
2348 3658 2560 3741 primo

612 3753 894 3817 Traiane
935 3748 1326 3814 attributum
1374 3746 1602 3828 optimi
1645 3765 2005 3829 cognomen
2047 3745 2346 3821 affirmat,
2394 3743 2563 3809 alter

612 3840 810 3902 etiam
831 3835 1175 3919 Caligulae
1199 3832 1489 3898 delatum
1514 3830 1736 3907 tradit,
1765 3832 1879 3913 qui
1899 3831 2108 3895 multo
2144 3842 2296 3894 ante
2332 3830 2562 3894 Traia-

615 3945 772 3987 num
812 3922 1179 4003 imperavit.

619 4132 766 4207 [pag.
819 4128 964 4202 120]
1340 4123 1642 4192 CAPUT
1683 4123 1842 4188 XX.

786 4262 1060 4329 Duabus
1080 4261 1153 4326 de
1172 4264 1384 4327 causis
1391 4262 1629 4343 punire
1639 4261 1934 4341 princeps
1954 4260 2120 4332 solet,
2144 4260 2205 4326 si
2225 4264 2336 4323 aut
2353 4279 2417 4323 se
2431 4258 2566 4323 vin-

612 4351 796 4428 dicat,
833 4352 944 4413 aut
975 4348 1193 4413 alium
1287 4346 1490 4412 Prius
1522 4348 1599 4412 de
1632 4348 1780 4426 ipsa
1803 4351 1991 4428 parte
2022 4345 2361 4424 disseram,
2403 4364 2567 4425 quae

613 4437 828 4519 ipsum
863 4434 1168 4515 contingit.
1259 4432 1614 4515 Difficilius
1647 4436 1735 4495 est
1767 4432 1930 4495 enim
1965 4431 2279 4496 moderari
2313 4431 2422 4494 ubi
2462 4431 2566 4495 do-

615 4521 738 4586 lori
778 4520 1024 4585 debetur
1054 4519 1222 4596 ultio,
1265 4540 1454 4600 quam
1489 4519 1597 4583 ubi
1628 4516 1915 4597 eaeemplo.
1975 4515 2444 4598 Supervacuum
2478 4520 2567 4580 est
2603 4564 2608 4568 -

614 4606 724 4671 hoc
766 4607 893 4671 loeo
926 4605 1268 4683 admonere,
1304 4624 1381 4668 ne
1417 4603 1605 4685 facile
1644 4603 1869 4681 credat,
1915 4608 1985 4666 ut
2023 4622 2237 4667 verum
2279 4602 2563 4680 eoecaectiat

614 4696 685 4756 ut
725 4691 1106 4756 innocentiae
1139 4690 1365 4771 faveat,
1409 4693 1478 4752 ut
1518 4693 1826 4771 appareat
1864 4708 1988 4753 uon
2030 4689 2244 4752 minus
2284 4707 2415 4753 rem
2457 4689 2563 4771 aqi

613 4777 712 4842 rei
739 4775 1189 4860 periclitantis,
1233 4795 1424 4856 quam
1465 4775 1710 4839 iudicis.
1797 4773 1935 4839 Hoc
1987 4778 2191 4838 autem
2242 4775 2328 4840 ad
2384 4774 2565 4838 iusti-

615 4864 801 4943 tiam,
844 4883 969 4927 uon
1011 4860 1098 4926 ad
1150 4860 1529 4926 clementiam
1572 4862 1863 4940 pertinet.
1957 4860 2146 4925 Nunc
2186 4860 2370 4924 illum
2424 4859 2567 4924 hor-

614 4955 850 5027 tamur,
881 4952 949 5013 ut
980 4947 1306 5028 manifeste
1336 4945 1546 5010 laesus
1577 4946 1860 5010 animum
1895 4947 1966 5010 iu
1991 4950 2286 5028 potestate
2326 4944 2563 5022 habeat,

616 5040 673 5101 et
701 5054 1002 5116 poenam,
1041 5034 1103 5099 si
1142 5038 1246 5098 tuo
1277 5030 1525 5113 poterit,
1564 5030 1767 5095 donet:
1807 5034 1912 5097 sin
1966 5033 2209 5109 minuS,
2262 5035 2564 5111 temperet,

616 5120 906 5205 lonyeque
937 5121 1024 5186 sit
1055 5121 1125 5183 in
1167 5119 1322 5197 suis,
1366 5136 1557 5198 quam
1596 5116 1672 5183 iu⁴
1710 5117 1937 5182 alienis
1978 5116 2355 5182 exorabilior
2397 5117 2564 5179 iniu-

614 5208 755 5275 riis.
847 5205 1020 5272 Nam
1060 5203 1575 5288 quemadmodum
1616 5221 1738 5266 non
1782 5209 1870 5266 est
1925 5205 2138 5285 nmqni
2192 5203 2394 5266 animi
2451 5203 2564 5281 qui

2250 293 2378 370 DE
2421 302 2970 371 CLEMENTIA

4483 303 4591 364 128

2653 491 2728 555 de
2772 491 2975 556 alieno
3008 488 3290 554 liberalis
3324 493 3433 562 est,
3489 489 3597 554 sed
3639 488 3746 552 ille
3788 488 3919 570 qui,
3965 488 4129 570 quod
4171 486 4358 551 alteri
4402 486 4596 566 donat,

2652 576 2777 641 sibi
2819 575 3119 641 detrahit:
3163 575 3256 639 ita
3298 574 3640 639 elemerztem
3684 574 3901 638 vocabo
3947 594 4067 638 uon
4124 573 4195 636 iu
4244 572 4450 636 alieno
4504 573 4601 638 do-

2653 663 2780 726 lore
2821 662 3088 742 facilest,
3127 660 3236 725 sed
3271 680 3411 724 eum
3447 661 3556 744 qui
3589 681 3784 741 quum
3827 660 3967 728 suis
4010 657 4291 724 stimulis
4335 659 4594 739 θεωρίω-

2652 751 2773 820 tur,
2809 767 2933 811 uon
2955 746 3228 827 prosilit,
3266 746 3378 825 qui
3418 745 3706 827 intelliyit
3744 745 3959 828 mayni
4002 743 4206 808 animi
4249 762 4398 820 esse,
4446 743 4601 806 iniu—

2652 833 2794 897 rias
2835 833 2906 896 iu
2947 851 3195 895 summa
3226 832 3509 911 potentia
3544 832 3716 910 pati,
3753 850 3861 894 nee
3903 831 4251 911 quidquam
4293 848 4440 906 6336,
4481 828 4600 911 ylo-

2653 919 2889 982 riosius
2924 918 3217 998 principe
3260 918 3511 997 impune
3553 918 3736 980 laesa

2823 1002 3101 1066 Partitio
3138 1002 3296 1066 haec
3339 1001 3615 1065 multam
3657 1000 3840 1065 addit
3880 1000 4419 1082 perspicuitatem
4462 1018 4600 1064 ora-

2653 1089 2945 1166 tioni,‚et
2986 1088 3299 1151 maiorem
3343 1086 3629 1162 adderet,
3677 1087 3732 1151 si
3777 1087 3979 1150 totius
4024 1086 4241 1167 operis
4278 1105 4601 1149 summam

2652 1172 3207 1255 complecteretur.
3310 1173 3632 1237 Poterant
3684 1173 3861 1237 enim
3913 1171 4033 1236 sub
4088 1170 4248 1241 hacc
4313 1169 4604 1235 membra

2652 1259 3001 1323 convenire
3035 1279 3200 1340 quae
3238 1264 3370 1321 tote
3391 1277 3583 1407 egere
3620 1257 3953 1340 disputata
3980 1264 4151 1322 sunt.
4208 1254 4604 1338 Quanquam

2653 1363 2787 1408 nen
2823 1342 3253 1427 improbanda
3287 1349 3386 1407 est
3475 1362 3711 1409 enecae
3747 1342 4114 1426 dispositio:
4164 1342 4293 1426 qui·
4319 1341 4602 1423 primum

2654 1428 2735 1493 de
2777 1449 2849 1492 re
2892 1428 2964 1493 in
3031 1450 3271 1512 genere
3323 1428 3657 1506 disseruit,
3707 1451 3883 1494 nunc
3939 1429 4011 1491 in
4071 1428 4347 1492 formam
4404 1427 4603 1510 parti·

2656 1515 2884 1593 1161118,
2942 1535 3108 1596 quae
3158 1515 3439 1596 sparsim
3481 1513 3656 1578 dicta
3697 1524 3878 1592 sunt,
3936 1513 4179 1597 digerit
4222 1519 4291 1577 et
4334 1512 4598 1597 colligit.

2652 1599 2717 1663 N
2722 1620 2850 1664 unc
2904 1599 3285 1682 compendio
3343 1600 3745 1683 explicemus
3790 1599 4228 1682 partitionem.
4334 1596 4450 1664 Sic
4507 1597 4603 1662 di-

2652 1685 2960 1749 lemmate
3024 1684 3297 1769 colligit:
3353 1685 3459 1750 1118
3534 1685 3786 1752 duabus
3837 1686 4050 1751 causis
4110 1685 4419 1766 princeps
4484 1703 4603 1766 pu-

2652 1771 2774 1849 nit,
2833 1779 2971 1852 661,
2998 1780 3072 1834 ut
3120 1771 3429 1835 iniuriam
3478 1792 3667 1836 suam
3709 1771 4090 1849 ulciscatur,
4140 1778 4258 1834 aut
4301 1768 4601 1835 alienam.

2654 1854 2996 1936 Quantum
3018 1853 3100 1919 ad
3122 1858 3411 1938 primum
3432 1856 3803 1922 membrum
3824 1857 4079 1934 attinet,
4115 1854 4238 1922 hoc
4272 1855 4372 1919 illi
4414 1875 4603 1937 prae·

2654 1951 2828 2006 stare
2872 1949 3088 2023 potest
3130 1941 3447 2007 vindicta:
3485 1949 3598 2005 aut
3642 1942 3947 2007 solatium
3988 1941 4085 2005 illi
4128 1941 4323 2006 affert
4378 1960 4601 2024 accep·

2653 2038 2758 2092 tae
2794 2027 3087 2101 iniuriae,
3125 2037 3240 2091 aut
3281 2028 3354 2092 in
3390 2027 3716 2110 reliquum
3750 2028 4185 2093 securitatem.
4274 2026 4603 2092 Neutrum

2654 2115 2723 2178 in
2759 2113 3121 2195 principem
3155 2112 3386 2179 cadere
3430 2111 3637 2178 debet.
3728 2113 3881 2178 Non
3922 2112 4127 2197 igitur
4168 2111 4345 2178 licite
4389 2113 4601 2195 punit,

2655 2206 2730 2262 ut
2759 2218 2842 2262 86
2884 2197 3188 2264 vindicet.
3256 2199 3478 2264 Miner
3519 2200 3832 2282 probatur
3874 2199 3979 2264 his
4014 2197 4393 2277 rationibus,
4433 2196 4605 2281 quod

2655 2283 2972 2366 principis
3006 2284 3268 2349 fortuna
3287 2285 3495 2350 maior
3517 2291 3635 2362 est,
3672 2305 3868 2367 quam
3889 2292 3967 2349 ut
3998 2283 4118 2348 tali
4140 2283 4373 2349 solatio
4396 2290 4601 2368 egeat,

2655 2371 2756 2435 vis
2790 2370 3210 2450 manifestior,
3249 2391 3444 2454 quam
3479 2385 3557 2436 ut
3595 2370 3749 2436 inde
3792 2371 4166 2451 opinionem
4187 2368 4311 2434 sibi
4356 2370 4607 2434 virium

2657 2467 2943 2537 quaerat,
2982 2465 3051 2519 et
3083 2455 3420 2521 similibus.
3504 2457 3606 2520 De
3653 2457 3857 2521 altero
3894 2455 4214 2521 membro:
4270 2454 4610 2520 vindican-

2657 2550 2769 2605 tur
2789 2540 3063 2605 alierum
3084 2543 3383 2618 offensae,
3410 2548 3526 2607 aut
3559 2550 3635 2606 ut
3653 2544 3764 2624 qui
3786 2543 4012 2607 intulit
4048 2541 4359 2606 iniuriam
4392 2561 4605 2623 poena

2665 2624 3071 2703 emendetur,
3102 2635 3217 2691 aut
3248 2635 3326 2691 ut
3349 2627 3462 2691 alii
3485 2626 3783 2711 exemplo
3806 2627 4280 2705 deterreantur,
4310 2642 4427 2691 aut
4461 2626 4612 2693 sub—

2661 2711 2812 2777 latis
2858 2711 3049 2775 malis
3094 2713 3452 2777 securiores
3494 2712 3651 2776 beni
3685 2715 3933 2779 vivant.
3999 2713 4187 2778 Haec
4215 2714 4348 2778 tria
4375 2714 4614 2779 melius

2659 2806 3084 2879 praestantur
3140 2797 3373 2862 leviori
3413 2819 3637 2881 poena,
3686 2820 3883 2882 quam
3926 2799 4240 2883 graviori,
4288 2805 4440 2878 [pag.
4460 2806 4608 2875 121]

2660 2884 2863 2966 igitur
2906 2890 3008 2947 est
3050 2904 3305 2948 summo
3350 2885 3491 2950 iure
3535 2882 4001 2950 decedendum.
4057 2883 4318 2949 Deinde
4352 2884 4614 2969 singula

2659 2989 2778 3052 per
2819 2975 3041 3052 partes
3075 2970 3472 3053 exsequitur.

2796 3084 2801 3089 ·
2834 3054 3197 3136 Difficilius
3232 3062 3320 3123 est
3354 3056 3691 3140 moderari]
3735 3057 3909 3138 Quia
3943 3063 4100 3123 tune
4135 3058 4445 3139 princeps
4482 3077 4616 3122 non

2661 3163 2732 3206 86
2776 3141 3139 3224 principem
3182 3148 3472 3225 reputat,
3518 3142 3633 3208 sed
3675 3143 3862 3225 quasi
3912 3163 4020 3208 res
4073 3144 4161 3208 sit
4215 3163 4367 3207 cum
4423 3142 4614 3209 hoste

2659 3226 2940 3309 capitali,
2969 3226 3283 3311 quidquid
3305 3236 3520 3311 petest
3542 3230 3914 3313 excogitare
3938 3228 4141 3307 dolor,
4174 3228 4611 3294 machinatur.

2837 3314 3307 3394 Supervacuum
3341 3320 3429 3378 est
3469 3315 3576 3378 hoc
3612 3312 3765 3400 loco]
3815 3313 4210 3399 Παράληψις,
4258 3334 4375 3379 seu
4420 3336 4614 3413 prae-

2659 3400 2906 3476 teritiO,
2951 3399 3068 3464 ubi
3109 3401 3299 3482 quasi
3337 3400 3936 3482 praetermittentes
3978 3401 4326 3483 quaedam,
4373 3399 4614 3465 nihilo-

2659 3490 2880 3549 minus
2901 3484 3195 3564 dicimus,
3231 3497 3308 3550 ut
3338 3485 3445 3549 hie
3467 3506 3537 3550 se
3557 3486 3829 3551 reticere
3851 3486 4044 3570 fingit
4061 3487 4276 3552 officia
4300 3486 4613 3562 iustitiae,

2662 3569 2836 3654 quod
2871 3571 2956 3636 ad
2988 3592 3131 3636 rem
3163 3579 3575 3654 praesentem
3608 3593 3743 3636 non
3776 3572 4046 3636 faciant:
4084 3571 4200 3637 sed
4237 3582 4466 3636 tamen
4510 3572 4613 3636 in-

2662 3657 2857 3720 terim
2900 3656 3178 3723 iudicem
3221 3657 3547 3735 admonet,
3592 3665 3669 3722 ut
3706 3677 3935 3722 eorum
3978 3658 4299 3723 rationem
4349 3657 4612 3723 habeat.

2840 3742 2941 3807 Ne
2978 3742 3165 3824 facile
3198 3762 3265 3807 cr
3476 3741 3670 3823 Quod
3713 3744 3847 3809 fere
3880 3745 3974 3808 ita
4007 3750 4459 3825 comparatum
4496 3751 4613 3820 est,

2664 3836 2741 3892 ut
2783 3846 2972 3910 aures
3007 3849 3173 3911 quae
3216 3834 3373 3894 sunt
3459 3829 3810 3895 elatoribus
3852 3829 4134 3911 patulae,
4179 3829 4444 3894 clausae
4482 3829 4618 3894 sint

2665 3914 2949 3978 veritati.
3019 3912 3158 3980 Cur
3179 3923 3403 3980 autem
3423 3915 3727 3997 princeps
3749 3915 4110 3981 accusatori
4147 3914 4385 3994 credat,
4423 3915 4618 3980 cuius

2668 4020 2802 4063 non
2845 3999 3261 4078 conscientia,
3297 4000 3845 4083 quemadmodum
3881 4001 3974 4064 ait
4015 3999 4268 4077 Celsus,
4314 3998 4432 4065 sed
4479 4001 4619 4066 vic-

2666 4085 2837 4151 toria
2879 4096 2981 4151 est
3021 4086 3429 4168 praemium?
3517 4086 3864 4153 Praeclare
3912 4107 4067 4170 ergo
4122 4086 4457 4165 Iulianus,
4505 4085 4619 4169 661

2668 4168 2985 4254 Cephidio
3019 4173 3379 4238 accusatori
3413 4170 3673 4249 dicenti,
3708 4172 3773 4236 N
3775 4193 3857 4236 on
3900 4172 4143 4253 peterit
4184 4192 4425 4237 nocens
4469 4170 4620 4255 6618

2668 4277 2811 4323 6886
2844 4277 3137 4339 68666111,
3175 4259 3231 4324 81
3267 4278 3510 4342 negare
3545 4258 3889 4336 suffecerit,
3926 4257 4295 4340 respondit:
4332 4257 4425 4322 Et
4470 4257 4620 4340 quis

2666 4342 2982 4408 innocens
3025 4365 3167 4409 esse
3217 4345 3485 4428 poterit,
3541 4345 3600 4409 81
3653 4364 3991 4409 accusasse
4048 4341 4367 4409 sufficiet?
4426 4350 4623 4408 autor

2669 4428 3065 4493 Ammianus
3086 4426 3517 4495 Marcellinus
3538 4429 3644 4494 lib.
3671 4428 3934 4494 XVIII.
3972 4429 4066 4493 Et
4086 4429 4335 4494 Mimus
4356 4428 4616 4494 Publii:

2906 4513 3185 4569 Difficilem
3221 4522 3439 4584 oportet
3472 4532 3655 4569 aurem
3689 4515 3889 4569 habere
3925 4513 3997 4568 ad
4033 4514 4271 4569 erimina.

2854 4599 2933 4666 Ut
2972 4621 3188 4666 verum
3230 4602 3500 4667 excutiat
3584 4600 3768 4666 Nihil
3804 4601 4192 4666 coniecturis
4236 4608 4353 4665 aut
4399 4599 4620 4682 suspi-

2669 4686 2964 4751 cionibus
3001 4686 3265 4766 tribuat,
3310 4707 3442 4751 non
3486 4687 3890 4770 litigantium
3933 4686 4150 4753 verbis
4194 4683 4393 4750 fidem
4432 4705 4620 4750 arro-

2668 4780 2810 4921 ἓως,
2860 4771 2974 4838 sed
3030 4772 3391 4838 manifestis
3440 4772 3933 4854 probationibus
3988 4773 4336 4837 veritatem
4376 4770 4620 4836 eliciat.

2740 4879 2863 4923 anc
2934 4860 3330 4923 sententiam
3390 4859 3672 4942 eleganti
3729 4857 4020 4923 carmine
4075 4857 4454 4940 complexus
4522 4864 4625 4922 est

2669 4942 3068 5027 Pheeylides
3110 4953 3302 5026 poeta
3345 4963 3645 5026 graecus:
4408 5018 4423 5025 ,

2838 5025 2992 5091 Μηδὲ
3028 5025 3187 5089 δίκην
3220 5024 3439 5096 δικάσῃς
3473 5029 3605 5097 πρὶν
3639 5021 3854 5097 ἀμφοῖν
3885 5030 4075 5096 μῦθον
4110 5019 4354 5096 iacebam.

2840 5112 3235 5180 Innocentiae
3273 5114 3511 5203 faveat]
3575 5114 3855 5197 Semper
3896 5114 4311 5181 innocentem
4356 5113 4623 5193 habeat,

2669 5221 2866 5282 quem
2899 5203 3242 5267 manifeste
3264 5216 3607 5268 nocentem
3640 5223 3774 5267 non
3795 5199 4313 5285 deprehenderit,
4348 5212 4625 5284 promp-
