4984 5975
481 314 714 439 XLII&
1099 340 1104 347 ·
1659 316 2207 386 ΤΒΔΟΤΑΤΠΒ
2252 314 2841 384 THEOLOGIOI
2880 313 3325 383 MINORES.

485 516 558 576 et
601 508 855 575 duabus
895 506 1157 593 paginis
1200 506 1415 592 primo
1462 508 1604 576 loco
1646 507 1866 593 ipsum
1912 506 2406 574 catechismum
2449 504 2625 593 (pag.
2672 510 2831 570 1-5
2842 507 2906 589 1)
2952 505 3313 584 continent,
3357 510 3503 570 tum
3546 504 3700 570 huic
3734 504 4149 572 subiunctam
4183 506 4502 591 antiquis-

487 621 728 688 simam
767 618 1263 686 confessionem
1306 620 1376 686 in
1420 642 1619 705 quam
1676 620 1853 687 cives
1908 639 2312 705 genevenses
2363 639 2591 684 omnes
2635 626 2703 684 et
2744 619 2854 703 qui
2908 616 3032 685 sub
3073 615 3472 702 reipublicae
3515 616 3760 682 ditione
3813 615 4097 701 agebant
4137 618 4357 685 iurare
4398 618 4500 685 iu-

486 731 817 799 bebantur
858 731 1036 816 (pag.
1087 731 1390 815 52—62).
2079 806 2088 815 ,

797 842 884 907 In
937 842 1092 908 folio
1145 842 1381 908 ultimo
1433 852 1609 909 recto
1658 841 1975 927 leguntur
2027 841 2216 908 haec:
2273 839 2776 923 BASILEAE,
2826 841 2929 907 IN
2984 838 3274 919 OFF1-1
3302 849 3476 905 CINA
3518 848 3837 905 ROBERTI
3880 848 4212 922 WIN'I'ER,
4250 849 4263 919 1
4298 851 4501 907 Almo

485 964 570 1019 Μ.
605 964 674 1018 D.
710 964 1019 1020 XXXVIII.
1056 961 1068 1031 Ι
1105 953 1340 1019 Mense
1374 953 1633 1019 Martio.
1679 989 1768 999 —
1799 952 1886 1017 In
1930 952 2157 1019 eodem
2200 952 2351 1018 folio
2397 974 2585 1018 verso
2627 953 3026 1037 conspicitur
3058 952 3309 1037 effigies
3344 951 3690 1018 Minervae
3727 951 4021 1037 galeatae
4055 952 4498 1037 hastataeque,

442 1112 450 1123 ,
486 1065 730 1131 miram
772 1063 1104 1149 quandam
1147 1064 1649 1130 similitudinem
1692 1066 1983 1130 referens
2026 1064 2203 1130 illius
2246 1084 2411 1147 quae
2454 1065 2527 1128 in
2569 1063 2744 1131 calce
2786 1064 3039 1147 primae
3080 1063 3526 1130 Institutionis
3567 1063 3812 1128 latinae
3854 1070 4155 1149 apparet,
4201 1065 4501 1131 officinae

488 1176 785 1243 'rhomae
827 1176 1080 1242 Plateri
1133 1182 1201 1241 et
1241 1175 1654 1242 Balthasaris
1696 1176 1886 1242 Lasii
1942 1175 2263 1242 emblema
2318 1174 2656 1261 (Prologg.
2703 1172 2872 1260 opp.
2921 1173 3184 1243 omini
3226 1176 3411 1242 mom.
3455 1175 3509 1241 1.
3556 1196 3702 1261 pag.
3748 1174 4043 1261 xxx).-
4099 1152 4187 1241 si'
4228 1196 4363 1242 non
4416 1175 4499 1242 ab

485 1287 722 1355 iisdem
766 1286 1193 1373 typographis
1236 1296 1513 1371 uterque
1555 1286 1726 1353 liber
1768 1304 2049 1353 excusus
2093 1294 2211 1367 est,
2258 1294 2453 1354 certe‘
2479 1309 2564 1353 ex
2608 1285 2838 1353 eadem
2881 1287 3144 1354 officina
3186 1285 3458 1371 prodiit,
3516 1286 3877 1371 iisdemque
3929 1288 4111 1372 typis
4163 1288 4501 1371 utriusque

484 1399 804 1483 praefatio
849 1419 1164 1482 expressa
1206 1405 1322 1464 est.
1414 1395 1610 1479 Quod
1653 1398 1864 1484 ipsius
1907 1398 2164 1464 Plateri
2205 1400 2657 1465 testimonium
2704 1400 3050 1465 confirma
3090 1398 3164 1463 in
3207 1398 3753 1484 autobiographia
3796 1419 3942 1478 sua,
3989 1420 4030 1464 a
4072 1400 4217 1464 viro
4261 1398 4498 1465 doctis-

489 1510 656 1577 simo
700 1508 1028 1576 Fechtero
1070 1508 1441 1576 Basileensi
1485 1510 1680 1588 edita,
1727 1531 1876 1595 pag.
1924 1513 2007 1574 89
2050 1530 2223 1593 seqq.
2270 1511 2643 1592 referentis,
2690 1511 2999 1577 societate
3042 1509 3519 1595 typographica
3558 1530 3757 1594 quam
3810 1511 3983 1577 circa
4037 1530 4283 1575 annum
4334 1513 4498 1576 1535

486 1642 640 1686 cum
681 1619 898 1686 tribus
943 1620 1209 1707 collegis
1223 1674 1240 1701 ,
1285 1621 1515 1701 Lasio,
1573 1619 1871 1707 Oporino
1917 1627 1985 1686 et
2023 1620 2337 1686 Wintero
2378 1622 2637 1702 inierat,
2683 1643 2816 1688 non
2856 1623 2953 1687 ita
2992 1621 3190 1707 longe
3246 1627 3397 1707 post
3447 1622 3817 1704 pactionem
3869 1622 4109 1687 factam
4164 1619 4498 1702 dissoluta,

485 1753 559 1798 se
613 1752 879 1797 omnem
931 1753 1123 1799 suam
1173 1732 1644 1817 supellectilem
1686 1732 1997 1798 Wintero
2055 1731 2422 1799 tradidisse.
2511 1732 2679 1798 Inde
2734 1734 2939 1818 igitur
2994 1732 3111 1798 illa
3165 1731 3565 1800 catechismi
3618 1734 3829 1799 nostri
3881 1753 4033 1798 cum
4075 1733 4500 1800 Institutione

486 1843 703 1927 prima
744 1844 815 1907 in
861 1846 1040 1930 typis
1085 1845 1420 1930 signisque
1464 1845 1818 1930 conspicua
1862 1844 2296 1910 necessitudo.
2386 1846 2608 1929 Atque
2646 1845 2809 1912 haec
2851 1844 2933 1910 de
2977 1852 3253 1910 externa
3292 1843 3447 1911 libri
3488 1845 3699 1925 forma
3742 1844 3916 1910 dicta
3958 1844 4304 1926 sufficiant.

795 1956 1034 2021 Restat
1089 1964 1168 2021 ut
1221 1955 1301 2021 de
1355 1956 1646 2022 eiusdem
1701 1954 1987 2021 editione
2041 1957 2337 2041 principe
2394 1956 2717 2023 nonnulla
2771 1957 3170 2023 adiiciamus.
3258 1956 3405 2022 Iam
3463 1977 3547 2021 ex
3600 1954 3778 2020 tituli
3835 1963 4063 2022 tenore
4115 1955 4263 2022 luce
4317 1962 4502 2042 patet

485 2065 745 2148 clarius,
789 2065 968 2132 hunc
1009 2066 1498 2134 catechismum
1541 2068 1612 2132 in
1656 2089 1848 2133 usum
1894 2067 2151 2134 scholae
2206 2075 2402 2153 atque
2453 2067 2762 2136 ecclesiae
2816 2069 3207 2154 genevensis
3265 2090 3305 2133 a
3347 2066 3628 2143 calvino
3685 2068 4124 2150 conscriptum
4139 2119 4155 2146 ,
4213 2069 4500 2151 primum

485 2177 720 2262 gallice
762 2175 1102 2263 prodiisse.
1193 2178 1320 2246 cui
1363 2179 1737 2244 testimonio
1780 2200 2154 2264 quanquam
2197 2201 2317 2265 per
2356 2201 2426 2246 se
2471 2180 2834 2247 certissimo
2879 2182 2933 2247 si
2979 2180 3107 2246 duo
3151 2179 3283 2245 alia
3324 2178 3655 2258 addimus,
3710 2178 3981 2243 minime
4024 2185 4245 2245 actum
4287 2179 4500 2244 acturi

486 2294 603 2354 aut
644 2287 841 2373 plane
886 2310 1443 2373 supervacaneum
1486 2289 1735 2374 aliquid
1779 2289 2018 2357 facturi
2061 2292 2249 2358 nobis
2292 2290 2625 2371 videmur,
2683 2292 3071 2377 praesertim
3111 2312 3315 2375 quum
3361 2311 3526 2375 quae
3580 2289 3859 2356 aliorum
3902 2290 4297 2374 scriptorum
4343 2291 4501 2356 affe·

488 2421 710 2467 remus
750 2400 893 2467 loca
936 2400 1016 2467 de
1060 2408 1281 2468 nostro
1325 2401 1449 2468 hoc
1491 2401 1711 2468 libello
1757 2405 2182 2470 tractantium
2197 2455 2214 2483 ,
2262 2402 2345 2469 de
2389 2411 2684 2489 tempore
2728 2426 2848 2470 nos
2892 2403 3201 2471 certiores
3243 2400 3517 2467 reddere
3556 2402 3811 2486 possint
3852 2421 3981 2485 quo
4026 2401 4263 2486 gallica
4305 2402 4504 2469 editio

486 2511 645 2579 olim
686 2514 976 2597 primum
1020 2513 1199 2599 typis
1242 2512 1559 2599 evulgata
1599 2513 1816 2580 fuerit.
4492 2494 4495 2503 ’

794 2623 880 2688 In
923 2625 1063 2690 vita
1105 2622 1370 2691 Calvini
1422 2625 1656 2710 gallice
1715 2646 1888 2691 anno
1933 2630 2097 2690 1565
2154 2625 2331 2691 edita
2383 2632 2453 2692 et
2502 2626 2705 2711 vulgo
2758 2624 3102 2691 Theodoro
3156 2625 3376 2691 Bezae
3430 2624 3681 2690 tributa
3732 2624 3849 2689 sed
3901 2625 4045 2710 ipso
4097 2626 4279 2691 Beza
4334 2632 4506 2692 teste

485 2735 757 2802 Nicolao
801 2734 1184 2802 colladonio
1223 2735 1575 2803 tribuenda
1625 2737 1785 2804 haec
1834 2736 2151 2822 leguntur
2192 2737 2264 2821 (b
2308 2737 2353 2820 ij
2400 2739 2648 2821 verso):
2702 2735 2791 2801 Et
2841 2737 3061 2802 advint
3113 2740 3244 2801 tout
3293 2736 3417 2802 ceci
3460 2736 3589 2802 Pan
3639 2738 3824 2801 1536
3865 2757 3953 2801 au
4002 2741 4505 2803 commencement

484 2848 563 2913 de
610 2845 990 2929 Septembre:
1039 2848 1208 2912 mais
1261 2868 1348 2912 un
1394 2869 1525 2930 peu
1580 2840 1771 2930 apr'es
1813 2847 1866 2912 il
1901 2849 2003 2931 fut
2057 2848 2238 2913 aussi
2292 2849 2462 2927 esleu
2512 2847 2799 2914 Pasteur.
2889 2847 3121 2913 Estant
3172 2848 3346 2913 ainsi
3399 2846 3646 2912 declar&
3692 2845 3964 2912 Pasteur
4014 2853 4073 2914 et
4112 2846 4386 2915 Docteur
4425 2868 4503 2914 en

485 2963 640 3025 ceste
683 2956 902 3042 quise
953 2977 1098 3024 avec
1152 2959 1417 3044 legitime
1474 2958 1721 3026 electiora
1775 2964 1834 3025 et
1885 2958 2300 3043 approbation
2343 2959 2396 3025 il
2436 2959 2657 3026 dressa
2698 2980 2789 3025 un
2830 2958 2998 3042 lm'ef
3034 2960 3408 3043 formulaire
3448 2960 3525 3026 de
3565 2958 3905 3043 confession
3947 2964 4005 3026 et
4042 2959 4119 3026 de
4157 2959 4504 3044 discipline,

473 3090 645 3155 pour
684 3070 924 3135 donner
963 3070 1226 3152 quelque
1261 3071 1465 3153 forme
1508 3070 1550 3135 ὰ
1592 3077 1754 3146 ceste,
1787 3070 2005 3156 quise
2058 3072 2498 3137 nouvellement
2547 3072 2802 3137 dressee.
2892 3070 2970 3138 Il
3019 3072 3097 3153 fit
3147 3073 3327 3139 aussi
3377 3093 3467 3137 un
3526 3070 3927 3152 Catechisme,
3981 3092 4107 3138 non
4152 3093 4276 3155 pas
4329 3071 4504 3156 celuy

486 3203 606 3266 que
646 3201 810 3247 nous
852 3201 1045 3248 avons
1087 3181 1506 3266 auiourdhuy,
1549 3183 1822 3267 compost}
1853 3203 1986 3266 par
2028 3183 2360 3249 denzandes
2402 3189 2462 3247 et
2498 3203 2837 3266 response-s,
2879 3184 3049 3249 mais
3091 3205 3179 3248 un
3225 3190 3402 3250 autre
3440 3188 3758 3249 contenent
3797 3183 4129 3249 seulement
4150 3205 4283 3266 par
4313 3184 4506 3266 briefs

484 3294 856 3360 sommaires
896 3292 986 3357 les
1015 3294 1411 3376 principum>
1446 3295 1694 3378 point-ta
1736 3295 1812 3360 de
1854 3294 1920 3359 la
1962 3294 2242 3377 reliqion.
2334 3294 2423 3360 Et
2463 3296 2731 3361 dautant
2779 3315 2897 3376 que
2949 3295 3058 3379 luy
3111 3301 3166 3360 et
3219 3316 3319 3360 ses
3374 3314 3789 3380 compaqnons
3832 3293 4164 3361 Minis-tres
4213 3298 4508 3380 voyoyent

485 3426 603 3489 que
643 3404 870 3471 c'estoit
910 3424 999 3469 un
1040 3404 1312 3487 mespris
1351 3405 1464 3471 des
1505 3425 1854 3473 sacremens
1895 3407 1973 3473 de
2008 3407 2279 3473 reoevoir
2321 3406 2411 3472 les
2447 3427 2599 3491 qens
2642 3408 2685 3472 ὰ
2726 3408 2793 3473 la
2840 3405 3011 3484 cene,
3058 3407 3238 3489 qu'on
3280 3428 3357 3473 ne
3395 3411 3564 3473 seust
3600 3407 3742 3472 s’ile
3784 3411 4038 3490 avoyent
4078 3407 4337 3474 renone-e
4368 3426 4506 3471 auce

485 3516 825 3593 idolatrie-s,
867 3515 950 3581 ils
990 3516 1309 3597 requirent
1348 3516 1439 3583 les
1478 3516 1860 3602 Maqistrats
1904 3517 1982 3582 de
2008 3538 2321 3602 procurer
2362 3539 2477 3600 que
2521 3518 2577 3584 le
2605 3518 2834 3601 peuple
2875 3523 3074 3583 estant
3115 3519 3355 3601 appelle
3397 3540 3534 3601 par
3574 3517 3836 3585 dioeains
3892 3518 4100 3584 iurast
4153 3518 4221 3584 la
4272 3516 4503 3599 confes-

486 3628 630 3694 sion
669 3628 746 3694 de
782 3628 906 3710 foy.
999 3625 1083 3693 Ge
1126 3628 1237 3709 qui
1276 3628 1377 3710 fut
1418 3628 1634 3694 trouve
1675 3629 1822 3711 bon,
1879 3634 1934 3694 et
1991 3634 2189 3695 edant
2245 3629 2519 3697 ordonn&
2548 3651 2683 3713 par
2723 3629 2781 3695 le
2827 3628 3095 3709 consen,
3141 3630 3198 3695 le
3227 3631 3458 3713 peuple
3496 3652 3540 3714 y
3580 3630 3735 3696 obeit
3785 3629 4213 3714 alaiqrement,
4271 3647 4504 3694 comme

486 3739 847 3823 luy-mesine
889 3738 977 3805 l'a
1020 3740 1205 3805 escrit
1245 3759 1321 3803 en
1360 3760 1484 3804 une
1531 3738 1797 3823 Prefaee
1840 3742 2001 3823 qu’il
2040 3741 2158 3806 mit
2199 3742 2416 3808 audiet
2458 3739 2860 3822 Gateehisme,
2903 3743 2958 3810 le
2993 3743 3240 3825 faisant
3268 3743 3429 3825 puis
3486 3763 3674 3827 apres
3725 3743 4055 3824 imprimet·
4095 3760 4172 3805 eu
4215 3738 4412 3804 Latin
4456 3738 4503 3804 ὰ

491 3848 690 3915 Basle
730 3850 863 3917 l’an
911 3855 1096 3916 1538
1137 3872 1227 3918 au
1268 3852 1429 3916 mois
1467 3852 1544 3916 de
1586 3850 1791 3917 Mars.
1880 3853 2065 3919 Haec
2107 3852 2236 3919 ille.

796 3961 883 4026 In
927 3961 1068 4028 vita
1110 3961 1372 4027 Calvini
1413 3962 1623 4028 latina
1663 3985 1830 4048 quae
1872 3985 1946 4030 re
1988 3986 2151 4032 vera
2184 3987 2225 4030 a
2268 3964 2613 4030 Theodoro
2653 3966 2833 4031 Beza
2875 3986 3048 4030 anno
3097 3969 3260 4029 1575
3300 3965 3672 4048 conscripta
3714 3971 3842 4044 est,
3898 3962 3983 4030 ad
4036 3983 4285 4029 annum
4334 3965 4501 4027 1536

489 4074 694 4139 fenne
735 4071 966 4138 eadem
1011 4075 1080 4138 in
1124 4072 1584 4157 compendium
1627 4074 1892 4142 redacta
1949 4077 2396 4160 reperiuntur:
2459 4077 2637 4143 Tune
2692 4077 2871 4162 (post
2925 4076 3435 4161 disputationem
3490 4075 3992 4142 lausannensem
4046 4076 4151 4140 cui
4200 4074 4504 4142 interfuit

489 4183 837 4262 calvinus)
885 4185 1055 4250 edita
1096 4190 1187 4250 est
1224 4205 1267 4250 a
1315 4184 1574 4251 Calvino
1615 4186 1997 4253 christianae
2039 4187 2353 4254 doetrinae
2389 4189 2698 4271 quaedam
2739 4188 2929 4254 veluti
2967 4189 3264 4271 formula,
3303 4189 3566 4255 vicedunt
3609 4188 3937 4271 emeryenti
3979 4207 4013 4252 e
4043 4190 4330 4269 papatus
4370 4206 4504 4251 sor-

487 4295 673 4362 dibus
708 4297 1033 4379 yenevensi
1074 4297 1360 4362 eeclesiae
1403 4298 1874 4365 accomodata.
1967 4298 2244 4366 Addidit
2284 4300 2472 4365 etiam
2520 4298 3000 4381 catechismum,
3044 4322 3168 4367 non
3209 4301 3393 4366 illum
3436 4302 3507 4366 in
3549 4300 3936 4384 quaestiones
3976 4302 4031 4363 et
4071 4297 4505 4380 responsiones

487 4406 897 4473 ‹listributum
938 4427 1120 4492 quem
1162 4427 1325 4473 nune
1376 4408 1694 4491 habemus,
1747 4410 1858 4476 sed
1913 4411 2116 4476 alium
2170 4411 2359 4476 multo
2408 4411 2771 4494 breviarent,
2811 4413 3164 4496 praecipua
3220 4413 3547 4496 reliyionis
3598 4412 3805 4494 capita
3857 4409 4258 4490 complexum.
4346 4408 4503 4492 Ipse

489 4517 770 4602 denique
824 4516 1147 4584 calvinus
1199 4520 1269 4583 in
1323 4520 1599 4604 epistola
1653 4520 1736 4586 ad
1797 4521 2186 4607 Grynaeum
2228 4523 2492 4588 Bernae
2548 4524 2820 4607 scripta,
2874 4532 3025 4607 post
3076 4522 3404 4609 synodum
3460 4523 3565 4588 die
3616 4527 3709 4587 14.
3756 4521 3919 4587 Maii
3979 4520 4269 4586 habitam
4323 4537 4505 4585 anno

495 4633 680 4709 1537,
724 4631 922 4695 inter·
939 4630 1068 4695 alia
1113 4630 1273 4697 haec
1316 4631 1501 4698 dicit:
1552 4631 2000 4718 Puryationem
2041 4633 2355 4700 duntaxat
2396 4655 2556 4716 quae
2588 4656 2751 4717 prae
2791 4636 3085 4701 manibus
3126 4641 3260 4702 erat
3301 4635 3632 4702 obiecimus
3674 4633 4220 4717 (accusationibus
4254 4631 4504 4699 scilicet

487 4741 673 4807 Petri
718 4740 971 4824 Caroli)
1025 4763 1153 4823 qua
1184 4742 1322 4824 piis
1363 4744 1647 4809 omnibus
1701 4764 1776 4810 ae
1831 4745 2092 4828 inteqris
2146 4746 2309 4810 viris
2359 4746 2661 4826 satisfieri
2713 4747 2955 4813 abunde
2995 4753 3220 4830 posset.
3313 4745 3712 4829 Gon-scriptus
3765 4747 3932 4810 enim
3985 4746 4300 4827 aliquanto
4354 4746 4502 4807 ante

491 4851 923 4918 catechismus
964 4874 1006 4917 a
1047 4853 1223 4919 nobis
1259 4854 1499 4936 fuerat,
1552 4856 1777 4940 yallice
1832 4858 2023 4921 etiam
2076 4858 2307 4936 editus,
2364 4857 2473 4921 ubi
2511 4857 2626 4922 sub
2666 4880 2797 4923 una
2840 4858 2970 4924 Dei
3011 4859 3279 4924 essentia
3323 4865 3508 4925 caett.
3598 4858 3879 4942 Legitur
3922 4856 4085 4923 haec
4137 4852 4415 4940 epistola
4457 4874 4503 4918 a

489 4965 668 5029 Beza
709 4961 886 5029 edita
930 4962 1029 5029 ed.
1076 4964 1331 5031 Genev.
1377 4988 1437 5050 p.
1487 4971 1642 5047 362;
1686 4968 1885 5034 Laus.
1929 4988 1991 5051 p.
2049 4972 2158 5048 10;
2200 4969 2415 5034 Amat.
2463 4990 2524 5051 p.
2574 4973 2716 5036 227.

802 5072 1060 5156 Quibus
1105 5097 1187 5141 ex
1232 5078 1624 5145 testimoniis
1665 5077 1856 5158 haec,
1902 5081 1972 5144 ni
2017 5080 2339 5158 fallimur,
2382 5086 2529 5143 tuto
2573 5080 2790 5164 colligi
2831 5088 3126 5165 possunt.
3214 5082 3442 5148 Primo
3485 5080 3873 5165 opusculum
3914 5086 4211 5146 nostrum
4258 5075 4341 5144 ab
4383 5097 4505 5142 au-

489 5201 632 5252 tore
678 5186 800 5252 sub
845 5187 1047 5252 finem
1091 5189 1248 5254 anni
1301 5194 1464 5254 1536
1510 5188 1617 5255 vel
1661 5190 1850 5255 initio
1910 5192 2246 5273 sequentis
2290 5190 2524 5275 gallice
2564 5192 3008 5276 conscriptum
3064 5192 3441 5278 editumque
3484 5215 3657 5276 esse3
3701 5192 3967 5270 deinde,
4020 5188 4317 5256 additum
4358 5207 4506 5255 esse
