4984 5975
649 326 778 387 359

649 513 736 579 de
803 511 1225 578 sacramentis
1292 521 1542 594 septem
1610 511 1678 574 in
1743 531 1949 593 regno
2015 532 2223 594 papae
2275 519 2612 593 receptum

649 604 775 678 est,
819 619 936 681 pro
979 596 1201 662 fabula
1243 618 1319 662 ac
1361 595 1705 661 mendacio
1749 595 2086 662 habemus.

1300 800 1427 866 DE
1473 799 1971 867 BAPTISMO.

823 937 1206 1021 Baptismus
1250 947 1597 1002 externum
1641 943 1743 1002 est
1787 938 2068 1020 signum,
2116 958 2244 1020 quo
2286 936 2615 1002 Dominus

651 1031 953 1102 testatur,
992 1045 1062 1088 se
1096 1023 1266 1088 velle
1299 1045 1421 1087 nos
1456 1025 1529 1087 in
1565 1022 1847 1087 filiorum
1882 1023 2096 1088 locum
2131 1035 2449 1105 cooptare,
2496 1045 2615 1089 ceu

653 1110 906 1176 Christi
962 1109 1083 1174 filii
1139 1110 1242 1173 sui
1308 1108 1618 1174 membra.
1715 1109 1946 1191 Itaque
2008 1110 2196 1174 nobis
2240 1110 2309 1172 in
2374 1130 2450 1173 eo
2510 1131 2613 1173 re-

650 1203 1109 1279 praesentatur
1153 1205 1566 1276 peccatorum
1612 1203 1987 1259 nostrorum
2034 1196 2369 1278 purgatio,
2415 1216 2612 1276 quam

652 1283 725 1346 in
771 1280 1024 1346 Christi
1082 1283 1404 1364 sanguine
1457 1281 1855 1345 obtinemus:
1925 1281 2342 1345 mortificatio
2395 1282 2614 1345 carnis

652 1377 951 1445 nostrae,
1010 1387 1205 1449 quam
1242 1368 1709 1448 consequimur
1752 1388 1836 1430 ex
1882 1367 2021 1430 eius
2077 1375 2441 1442 morte,‚ut-
2487 1366 2615 1449 ipsi

653 1454 727 1517 in
787 1459 1125 1535 posterum
1180 1474 1296 1534 per
1351 1454 1656 1535 spiritum
1711 1473 1907 1534 quem
1963 1450 2146 1515 dedit
2197 1451 2384 1516 nobis
2429 1453 2612 1516 viva-

652 1560 822 1602 mus,
925 1537 1204 1617 Quando
1260 1560 1414 1603 vero
1483 1540 1551 1602 in
1607 1537 1927 1603 eiusmodi
1973 1537 2258 1614 foedere,
2318 1542 2464 1616 [pag.
2506 1541 2612 1615 58]

656 1624 830 1707 quod
882 1624 1223 1688 nobiscum
1278 1625 1599 1706 percussit
1651 1623 2009 1700 Dominus,
2069 1622 2309 1688 liberos
2361 1645 2612 1705 quoque

655 1719 935 1786 nostroe,
983 1709 1197 1774 adhuc
1240 1710 1545 1786 infantes,
1593 1709 1969 1791 complexus
2016 1721 2142 1785 est,
2192 1710 2452 1792 signum
2498 1731 2613 1773 ex·

657 1803 918 1859 ternum
962 1796 1106 1858 iure
1152 1794 1281 1859 illis
1328 1795 1796 1859 communicari
1843 1816 1977 1859 non
2014 1794 2403 1860 dubitamus.

1181 2001 1307 2063 DE
1355 1998 1716 2065 SANC'PA
1760 1999 2089 2065 COENA.

828 2135 1052 2201 Coena
1102 2136 1370 2201 Domini
1431 2137 1693 2218 signum
1752 2146 1877 2213 est,
1956 2157 2082 2218 quo
2109 2133 2271 2202 “sub
2322 2158 2494 2220 pane
2547 2144 2615 2201 et

655 2224 811 2287 vino
850 2243 1094 2297 veram,
1132 2221 1246 2285 sed
1271 2221 1682 2302 spiritualem
1704 2223 2380 2302 communicationem,
2413 2245 2611 2305 quam

653 2309 725 2372 in
770 2308 911 2372 eius
955 2327 1223 2389 corpore
1267 2317 1333 2371 et
1376 2309 1699 2390 sanguine
1741 2307 2077 2384 habemus,
2124 2309 2314 2374 nobis
2349 2330 2610 2392 reprae-

654 2401 885 2458 sentat.
975 2394 1184 2457 Porro
1230 2392 1588 2457 secundum
1625 2393 1766 2457 eius
1803 2393 2196 2471 institutum,
2237 2396 2416 2460 inter
2448 2393 2610 2459 fide-

653 2479 750 2544 les
796 2478 1314 2543 distribuendam
1361 2493 1685 2560 putamuS,
1729 2491 1804 2543 ut
1838 2480 2205 2561 quicunque
2230 2479 2496 2546 Christo
2539 2482 2611 2544 in

651 2565 859 2629 vitam
895 2586 1081 2629 suam
1115 2565 1247 2628 frui
1281 2564 1535 2640 volunt,
1574 2584 1718 2628 eam
1753 2564 1949 2628 simul
1986 2566 2397 2648 participent.
2464 2566 2611 2631 Iam

651 2672 809 2716 vero
853 2672 1059 2733 quum
1102 2650 1303 2714 missa
1355 2649 1607 2732 papalis
1650 2650 2070 2716 maledictum
2111 2659 2179 2715 et
2221 2651 2649 2717 diabolicum

653 2737 1001 2801 inventum
1068 2737 1291 2812 fuerit,
1371 2737 1437 2799 in
1507 2736 1915 2800 eversionem
1978 2738 2281 2820 mysterii
2348 2753 2610 2803 sanctae

653 2841 897 2887 coenae
942 2823 1321 2899 confictum,
1383 2822 1572 2886 nobis
1617 2821 2086 2886 exsecrabilem
2132 2844 2273 2888 esse
2316 2844 2611 2907 pronun-

654 2907 925 2984 ciamuS,
970 2928 1104 2971 non
1147 2927 1333 2971 secus
1378 2927 1452 2971 ac
1489 2905 1920 2971 idololatriam
1957 2928 1997 2970 a
2030 2908 2173 2972 Deo
2210 2908 2607 2974 damnatam.

651 2991 861 3076 quue
915 2993 1140 3057 multis
1197 2993 1595 3057 rationibus:
1654 3014 1919 3076 nempe,
1976 3004 2301 3075 quatenus
2346 3017 2462 3078 pro
2505 3017 2609 3060 sa-

653 3078 898 3142 crificio
938 3079 1011 3141 in
1055 3078 1568 3161 redemptionem
1608 3079 1979 3143 animarum
2015 3080 2412 3157 aestimatur,
2451 3101 2610 3163 qua-

638 3176 847 3227 ‘tenus
906 3164 1106 3228 etiam
1159 3163 1348 3247 panis
1405 3164 1536 3228 illic
1582 3163 1711 3228 Dei
1767 3164 1906 3230 loco
1965 3163 2292 3231 adoratur.
2382 3167 2609 3232 Etiam

653 3256 729 3312 ut
770 3256 1261 3331 praetereamus
1303 3248 1662 3314 horrendas
1704 3249 1865 3314 alias
1907 3249 2344 3333 blasphemias
2388 3260 2456 3317 et
2499 3275 2609 3317 su-

651 3335 1100 3416 perstit-iones,
1148 3355 1224 3399 ac
1267 3355 1545 3418 pravum
1590 3335 1797 3400 divini
1843 3337 2026 3401 verbi
2072 3338 2345 3402 abusum
2363 3391 2379 3417 ,
2438 3337 2609 3421 quod

649 3420 787 3487 illic
833 3421 1097 3500 frustra,
1141 3420 1326 3485 nullo
1360 3442 1512 3486 cum
1546 3422 1778 3500 fructu,
1815 3422 2125 3504 nullaque
2159 3423 2609 3491 aedificatione

651 3517 1028 3589 usurpatur.

933 3711 1061 3776 DE
1102 3709 1535 3777 HUMANIS
1581 3711 2334 3781 TRADITIONIBUS.

828 3848 1015 3928 Quae
1073 3848 1456 3913 retinendae
1511 3859 1826 3914 externae
1877 3849 2296 3916 ecclesiarum
2340 3851 2608 3935 politiae

653 3935 1058 3999 necessariae
1113 3943 1270 3999 sunt
1312 3935 1520 4017 leges,
1581 3954 1656 4000 ac
1701 3934 2023 4001 duntaxat
2064 3935 2149 4000 ad
2190 3958 2449 4020 pacem,
2496 3936 2608 4003 de-

655 4039 885 4083 corum
933 4030 1126 4101 atque
1171 4019 1467 4084 ordinem
1522 4021 1589 4084 in
1637 4019 2164 4086 Christianorum
2212 4030 2401 4088 coetu
2453 4026 2610 4088 reti-

652 4103 945 4169 nendum
998 4104 1358 4186 pertinent,
1414 4126 1533 4188 pro
1588 4106 1895 4170 humanis
1960 4107 2417 4173 traditionibus
2474 4129 2608 4173 non

654 4190 988 4256 ducimus:
1027 4211 1226 4271 quum
1261 4192 1382 4256 sub
1418 4191 1708 4275 generali
1745 4193 2021 4274 apostoli
2057 4204 2399 4276 praecepto
2432 4214 2609 4261 com-

653 4274 1174 4357 prehendantur,
1212 4297 1339 4358 quo
1377 4277 1683 4342 decenter
1717 4288 1785 4342 et
1820 4277 2049 4342 ordine
2086 4281 2228 4363 geri
2254 4280 2475 4344 omnia
2511 4282 2611 4345 in-

653 4374 757 4426 ter
796 4383 916 4427 nos
959 4361 1157 4426 iubet.
1247 4362 1495 4426 Verum
1533 4385 1699 4445 quae
1742 4364 1814 4427 in
1849 4363 1972 4429 hoc
2014 4366 2315 4431 feruntur
2358 4387 2432 4431 ac
2476 4374 2610 4431 sta-

653 4456 969 4524 tuuntur,
1015 4458 1093 4511 ut
1136 4449 1565 4512 conscientias
1607 4450 1992 4532 illaqueent,
2038 4463 2114 4515 ut
2157 4452 2612 4517 necessitatem

653 4555 882 4598 earum
926 4553 1150 4597 rerum
1193 4532 1516 4611 injiciant,
1563 4556 1730 4617 quae
1775 4557 1905 4600 non
1951 4546 2110 4600 sunt
2153 4558 2192 4601 a
2235 4538 2378 4601 Deo
2420 4559 2609 4619 prae-

653 4628 907 4701 ceptae,
978 4628 1054 4681 ut
1111 4618 1357 4684 cultum
1413 4621 1540 4684 Dei
1597 4623 1855 4704 erigant
1905 4621 2109 4685 alium
2166 4643 2359 4704 quam
2414 4644 2610 4706 quem

653 4706 794 4787 ipse
840 4703 1153 4787 postulat:
1210 4706 1363 4786 quia
1416 4709 1563 4787 [pag.
1604 4713 1709 4787 59]
1770 4706 2193 4772 christianam
2238 4708 2610 4774 libertatem

655 4790 1062 4877 imminuunt
1103 4798 1170 4853 et
1213 4789 1495 4869 violant,
1552 4812 1673 4856 ceu
1730 4791 2022 4858 Satanae
2075 4814 2392 4876 perversa
2449 4794 2610 4879 dog·

654 4884 863 4955 mata,
920 4876 1329 4940 damnamus.
1430 4874 1656 4957 Quum
1714 4880 2040 4944 Dominus
2087 4879 2262 4945 clare
2317 4902 2608 4963 pronun-

655 4964 811 5040 ciet,
858 4962 1105 5025 frustra
1147 4982 1217 5025 se
1260 4961 1381 5027 coli
1426 4958 1738 5029 doctrinis
1783 4965 1862 5030 ab
1906 4965 2280 5031 hominibus
2324 4966 2603 5031 traditis.

656 5048 807 5129 Quo
844 5068 1119 5112 numero
1154 5048 1528 5129 reponimus
1563 5051 1816 5115 votivas
1853 5052 2429 5135 peregrinationes,
2467 5073 2607 5115 mo-

653 5134 994 5211 nachatus,
1030 5133 1323 5198 ciborum
1361 5133 1754 5211 discrimina,
1781 5138 2182 5202 matrimonii
2218 5137 2608 5221 prohibitio-

651 5241 826 5299 nem,
872 5219 1306 5285 auricularem
1352 5219 1838 5300 confessionem,
1884 5232 1950 5287 et
1981 5222 2049 5287 id
2085 5245 2298 5306 genus
2333 5223 2603 5306 reliqua.

2317 319 2998 389 CATECHISMUS.

4514 324 4622 386 360

3371 509 3498 574 DE
3540 505 4019 596 EchEsrA„

2891 645 3183 710 Tametsi
3226 647 3418 710 unica
3461 655 3563 709 est
3605 644 3858 709 Christi
3900 644 4198 723 ecclesia,
4256 643 4393 709 fieri
4432 654 4628 709 tamen

2719 753 2851 796 non
2894 731 3083 795 aliter
3127 753 3314 814 posse
3491 731 3774 796 oscimus
3790 782 3804 807 ,
3850 732 4010 814 quin
4053 730 4339 795 fidelium
4380 752 4629 795 conven-

2720 824 2826 883 tus
2867 818 2939 881 in
2982 817 3169 882 varia
3212 817 3351 881 loca
3442 815 3903 893 istribuantur,
3951 835 4226 899 quorum
4267 815 4495 898 singuli
4532 837 4630 881 vo-

2718 912 2951 969 cantur
2993 902 3320 968 ecclesiae.
3409 903 3502 966 Et
3545 924 3699 968 vero
3742 924 3946 985 quum
3981 924 4111 967 non
4156 923 4374 966 omnes
4413 903 4634 983 pariter

2718 997 2941 1054 coetus
2997 989 3068 1051 in
3123 989 3390 1053 nomine
3438 987 3708 1053 Domini
3763 988 4188 1067 conveniant,
4242 989 4395 1069 quin
4445 987 4632 1069 potius

2720 1075 3016 1159 plerique
3072 1072 3155 1137 ad
3209 1075 3424 1157 ipsum
3486 1075 3621 1139 suis
3677 1073 4033 1156 sacrilegiis
4092 1072 4505 1157 polluendum
4542 1093 4633 1137 co—

2719 1169 3000 1243 guntur,
3056 1161 3485 1225 certissimam
3546 1159 4011 1224 discernendae
4055 1159 4308 1225 Christi
4359 1156 4633 1223 ecclesiae

2719 1255 2945 1310 notam
2989 1254 3056 1310 et
3096 1255 3410 1310 tesseram
3456 1266 3599 1310 esse
3634 1245 3807 1309 hanc
3842 1253 4247 1327 reputamus:
4285 1253 4360 1308 ut
4390 1243 4513 1308 illic
4548 1243 4633 1306 iu·-

2720 1333 3009 1396 dicemus
3052 1352 3196 1396 esse
3230 1332 3588 1407 ecclesiam,
3627 1333 3737 1396 ubi
3775 1353 3938 1413 pure
3972 1352 4047 1396 ac
4084 1329 4360 1395 fideliter
4392 1328 4635 1392 verbum

2716 1417 2988 1481 Domini
3030 1416 3483 1494 adnunciatur,
3530 1416 3793 1481 auditur
3828 1425 3895 1482 et
3927 1423 4281 1483 servaturz'
4304 1415 4413 1481 ubi
4447 1435 4634 1479 sacra-

2719 1510 2942 1567 menta
3005 1503 3295 1585 legitime
3360 1502 3935 1582 administrantur,
4001 1511 4331 1584 utcunque
4381 1500 4637 1564 multum

2720 1587 2930 1654 adhuc
2974 1589 3541 1670 imperfectionum
3585 1597 3653 1652 et
3686 1588 3990 1671 lapsuum
4028 1588 4343 1671 supersit,
4386 1596 4459 1650 ut
4500 1588 4636 1649 vitia

2718 1695 3055 1758 nunquam
3110 1676 3177 1738 in
3228 1675 3349 1738 hac
3398 1675 3533 1737 vita
3601 1675 3776 1738 inter
3834 1675 4133 1739 homines
4192 1674 4635 1754 abstergentur.

2718 1760 2984 1836 Contra,
3032 1761 3143 1824 ubi
3187 1760 3603 1843 evangelium
3644 1783 3767 1826 nec
3813 1761 4217 1834 adnunciari,
4274 1779 4393 1822 nec
4432 1757 4635 1835 audiri,

2717 1868 2836 1911 nec
2892 1846 3093 1928 recipi
3149 1845 3482 1920 videmus,
3538 1845 3671 1912 illic
3715 1846 3966 1910 nullam
4010 1845 4421 1929 agnoscimus
4459 1842 4637 1908 eccle-

2716 1932 2848 1997 siae
2882 1932 3144 1997 faciem.

3106 2119 3228 2184 DE
3271 2120 4278 2187 EXCOMMUNICA'PIONE.

2889 2238 3216 2319 Quoniam
3273 2260 3431 2304 vcro
3504 2261 3837 2324 nunquam
3897 2241 4132 2305 desunt
4182 2242 4313 2307 Dei
4369 2261 4441 2305 ac
4494 2239 4642 2305 sacri

2716 2325 2853 2389 eius
2900 2326 3083 2390 verbi
3126 2334 3635 2408 contemptores,
3695 2327 3867 2409 apud
3911 2349 4070 2409 quos
4113 2328 4285 2392 nihil
4327 2324 4639 2402 monendO,

2715 2410 3144 2489 exhortandO,
3182 2411 3722 2492 reprehendendo
3760 2414 4121 2495 proficitur:
4169 2413 4483 2496 asperiori
4515 2432 4645 2476 cum

2715 2496 2843 2560 illis
2886 2497 3316 2581 castigatione
3363 2498 3691 2582 agendum
3726 2497 4041 2564 ducimus.
4129 2500 4213 2562 In
4256 2500 4438 2563 hunc
4474 2517 4643 2561 usum

2713 2583 3398 2648 excommunicationis
3438 2583 3869 2667 disciplinam,
3916 2607 4055 2649 rem
4092 2595 4389 2650 sanctam
4414 2582 4644 2649 acfide-

2714 2667 2885 2733 libus
2930 2667 3258 2746 salubrem
3295 2678 3641 2735 testamur:
3689 2678 3763 2735 ut
3796 2691 4028 2735 revera
4062 2691 4197 2734 non
4234 2678 4381 2737 sine
4414 2670 4645 2735 ratione

2717 2776 2756 2818 a
2784 2754 3095 2817 ·Domino
3156 2755 3459 2818 instituta
3512 2756 3652 2819 fuit.
3752 2757 3884 2821 Hic
3943 2766 4161 2821 autem
4221 2758 4378 2821 finis
4421 2765 4539 2833 est,
4573 2774 4676 2826 ne⁴

2714 2840 2977 2921 impura
3035 2861 3153 2903 sua
3197 2840 3695 2919 consuetudine,
3749 2843 4055 2925 flagitiosi
4109 2841 4319 2907 bonos
4375 2847 4515 2923 [pag.
4550 2841 4643 2916 60]

2714 2923 3089 3007 inquinent:
3136 2946 3221 2990 ne
3266 2924 3564 2992 dedecori
3601 2928 3737 2993 sint
3769 2929 3913 2994 Deo
3958 2936 4026 2993 et
4060 2927 4390 3007 ecclesiae,
4436 2937 4506 2992 ut
4542 2946 4646 3009 pu-

2715 3011 2871 3076 dore
2916 3012 3149 3076 suffusi
3195 3012 3541 3093 aliquando
3587 3016 3987 3097 resipiscant.
4081 3013 4502 3098 Quapropter
4547 3034 4646 3076 ex-

2713 3096 2937 3180 pedire
3013 3097 3442 3176 arbitramur,
3510 3109 3586 3163 ut
3647 3101 4009 3167 secundum
4072 3102 4201 3167 Dei
4266 3102 4643 3173 institutum,

2714 3203 2943 3248 omnes
2985 3183 3413 3249 manifestarii
3454 3184 3835 3250 idololatrae
3848 3237 3864 3265 ,
3908 3187 4241 3270 sacrilegi,
4290 3183 4645 3261 homicidae,

2713 3269 2918 3346 fures,
2979 3279 3400 3349 scortatores,
3460 3271 3605 3335 falsi
3659 3282 3887 3350 testes,
3943 3273 4268 3351 seditiosi,
4329 3275 4663 3345 rixatores·

2713 3355 3197 3433 obtrectatores,
3243 3376 3678 3438 percussores,
3716 3356 3972 3435 ebriosi,
4010 3358 4399 3438 decoctores,
4437 3368 4502 3422 et
4520 3358 4644 3422 eius

2712 3441 2961 3505 formae
3006 3442 3263 3518 caeteri,
3311 3442 3440 3507 nisi
3482 3444 3550 3506 in
3579 3443 3756 3507 viam
3801 3465 3871 3508 se
3915 3446 4301 3527 receperint,
4348 3444 4461 3510 ubi
4502 3442 4646 3525 legi-

2716 3526 2874 3591 time
2917 3526 3164 3591 fuerint
3217 3526 3570 3605 admoniti,
3630 3550 3666 3593 e
3720 3529 4014 3594 fidelium
4071 3533 4399 3596 consortio
4450 3542 4644 3594 exter·

2713 3612 3068 3691 minentur,
3116 3611 3320 3679 donec
3366 3614 3851 3697 resipiscentiae
3896 3616 4088 3700 signa
4132 3616 4451 3682 dederint.

3181 3817 3309 3883 DE
3354 3818 3842 3885 MINISTRIS
3882 3821 4193 3887 VERBI.

2883 3937 3033 4001 Non
3084 3937 3243 4003 alios
3303 3948 3682 4021 reputamus
3727 3940 4034 4007 ecclesiae
4092 3950 4416 4025 pastores,
4471 3959 4651 4025 quam

2711 4022 2876 4089 fidos
2919 4024 3101 4088 verbi
3144 4025 3273 4089 Dei
3315 4026 3670 4103 ministros,
3718 4037 3785 4089 et
3827 4027 3939 4109 qui
3982 4026 4235 4093 Christi
4253 4048 4545 4113 gregem
4585 4046 4651 4089 eo

2710 4116 3011 4193 pascant,
3085 4108 3404 4189 docende,
3472 4110 3913 4189 admonendo,
3968 4114 4381 4193 consolando,
4427 4113 4650 4179 exhor-

2716 4194 2943 4272 tand0,
3002 4194 3570 4277 reprehendendO,
3633 4205 3831 4280 prout
3897 4200 4250 4265 necessitas
4304 4198 4651 4283 postularit.

2713 4281 3010 4346 Rursum
3030 4332 3044 4359 ,
3091 4281 3318 4346 eodem
3361 4283 3591 4361 verbe,
3650 4283 3833 4349 falsis
3891 4284 4202 4350 doctrinis
4246 4285 4546 4351 omnibus
4584 4303 4651 4348 ac

2712 4365 2999 4431 Satanae
3071 4368 3452 4449 imposturis
3524 4378 3791 4433 strenue
3850 4371 4194 4449 resistant,
4251 4371 4421 4437 nihil
4465 4371 4652 4452 scrip-

2715 4460 2901 4516 turae
2943 4453 3220 4534 puritati
3262 4453 3343 4517 de
3390 4475 3510 4519 sua
3552 4452 4014 4533 admiscentes,
4075 4478 4195 4523 nec
4238 4481 4363 4523 sua
4414 4456 4653 4524 somnia

2714 4546 2832 4602 aut
2872 4537 3212 4605 mendacia
3253 4541 3653 4623 ingerentes.
3752 4542 3893 4605 Nec
3945 4541 4123 4606 aliud
4166 4544 4499 4627 quidpiam
4540 4542 4653 4606 im·

2713 4623 2883 4706 perii
2936 4624 3045 4689 vel
3098 4625 3470 4690 autoritatis
3524 4626 3657 4689 illis
3710 4625 4092 4705 deferimus,
4157 4651 4355 4712 quam
4408 4638 4486 4694 ut
4533 4626 4653 4693 Dei

2712 4709 3026 4792 populum
3080 4711 3205 4775 sibi
3263 4712 3584 4777 creditum
3638 4711 3867 4777 eodem
3922 4716 4121 4780 verbo
4165 4714 4520 4791 deducant,
4560 4733 4653 4777 re-

2713 4804 2875 4878 gant
2918 4804 2987 4860 et
3028 4795 3466 4861 moderentur.
3557 4796 3764 4862 Cuius
3798 4799 4239 4865 ministerium
4275 4801 4436 4866 dum
4478 4820 4654 4865 exer-

2713 4890 2878 4959 cent,
2924 4882 3029 4945 ius
3074 4881 3322 4947 habent
3365 4902 3441 4946 ac
3482 4891 3870 4964 potestatem
3913 4887 4206 4965 iubendi,
4252 4884 4652 4969 prohibendi,

2710 4966 3135 5050 promittendi
3185 4973 3250 5031 et
3293 4968 3624 5032 minandi:
3684 4976 3762 5034 ut
3805 4970 3946 5035 sine
3988 4972 4131 5053 ipso
4174 4972 4343 5049 nihil
4388 4980 4651 5049 tentare,

2711 5073 2925 5135 neque
2970 5051 3240 5135 aggredi
3283 5062 3575 5136 possunt,
3630 5064 3748 5120 aut
3791 5055 4045 5122 debent.
4132 5059 4343 5124 Porro
4385 5068 4463 5123 ut
4502 5057 4652 5122 fide-

2708 5137 2807 5203 les
2850 5137 3034 5204 verbi
3067 5138 3421 5218 ministros,
3459 5162 3590 5205 non
3627 5163 3813 5207 secus
3856 5151 4052 5226 atque
4084 5144 4289 5227 ipsius
4324 5143 4455 5210 Dei
4492 5165 4650 5209 nun-

2710 5224 2844 5288 cios
2899 5243 2974 5288 ac
3026 5223 3276 5307 legatos
3332 5227 3750 5310 suscipimus,
3796 5250 3955 5311 quos
4001 5229 4273 5312 perinde
4318 5252 4396 5296 ac
4440 5228 4651 5294 Deum
