4984 5975
599 252 727 315 495

779 435 995 518 Neque
1048 436 1166 501 erit
1205 431 1465 516 difficile
1506 433 1615 498 hoc
1655 430 1977 496 concilium
2017 427 2339 502 celebrare,
2383 426 2548 507 quod

601 544 810 590 omnes
841 522 947 604 pii
1008 521 1282 586 homines
1336 519 1646 583 continuis
1672 515 1967 597 precibus
2020 519 2076 578 et
2127 512 2289 578 votis'
2326 535 2367 577 a
2411 512 2548 577 Deo

598 610 693 675 vel
713 628 951 674 summo
967 605 1253 686 pontifice
1287 604 1651 687 efflagitant,
1686 607 1756 665 ut
1781 603 1944 667 inter
1976 600 2139 664 alios
2168 598 2315 681 fecit
2352 597 2547 679 paulo

550 741 565 750 «
600 700 740 760 ante
779 713 893 758 rex
942 690 1239 756 Potoniae
1272 709 1393 771 per
1426 688 1764 771 proprium
1808 687 2091 770 leyatum.

771 813 995 888 Recte,
1044 809 1228 873 nulla
1282 809 1460 873 enim
1504 828 1794 890 unquam
1841 804 2214 872 celebrandi
2260 805 2351 887 pii
2394 824 2549 869 con·

599 898 731 965 61111
774 896 1124 962 difficultas
1172 895 1418 959 6666116
1474 894 1600 958 fuit
1613 944 1628 967 ,
1681 915 1803 958 nec
1853 890 2047 956 hodie
2089 892 2282 967 foret,
2340 889 2468 954 nisi
2512 908 2553 952 a

597 984 906 1068 pontifice
951 1001 1223 1046 romano
1266 980 1532 1063 eiusque
1575 978 1893 1044 creaturis
1907 1028 1921 1055 ,
1983 974 2219 1059 quibus
2262 975 2346 1040 ad
2388 974 2552 1057 legi-

598 1072 828 1135 timam
885 1068 1171 1150 aliquam
1226 1065 1664 1149 cognitionem
1708 1060 2098 1129 descendere
2140 1058 2552 1126 intolerabile

601 1162 717 1233 est,
760 1151 1250 1236 impedirentur.
1321 1150 1500 1216 Vere
1542 1151 1716 1214 enim
1752 1147 2003 1231 pridem
2042 1167 2270 1212 616666
2307 1147 2402 1229 1111
2433 1144 2575 1218 116-,

601 1242 814 1306 mines
857 1238 1185 1304 continuis
1226 1235 1296 1301 id
1337 1236 1636 1319 precibus
1679 1243 1746 1299 et
1788 1234 1959 1300 votis
1999 1233 2402 1315 flagitarunt,
2437 1229 2556 1297 sed

600 1336 679 1391 ut
733 1326 1050 1391 hactenus
1105 1323 1351 1387 frustra
1406 1321 1474 1385 id
1519 1321 1762 1386 factum
1802 1320 1948 1397 fuit,
1992 1319 2088 1383 ita
2126 1318 2293 1382 nihil
2335 1317 2407 1381 in
2451 1318 2553 1380 fu-

600 1421 831 1476 turum
888 1409 1122 1473 melius
1176 1406 1602 1492 sperandum,
1656 1407 1784 1470 nisi
1836 1404 2167 1488 principes
2212 1405 2339 1485 ipsi
2388 1400 2552 1466 illud

602 1498 811 1563 invito
848 1495 1154 1578 pontifice
1198 1493 1493 1559 indicant
1535 1501 1600 1557 et
1635 1492 1985 1557 celebrent.

777 1667 1207 1748 Inprimisque
1262 1666 1391 1745 ipsi
1445 1663 1856 1745 confoederati
1907 1660 2174 1742 foederis
2217 1661 2348 1725 sive
2390 1658 2555 1740 liyae

602 1753 935 1819 cathobicae
965 1772 1088 1832 per
1129 1771 1310 1832 quos,
1360 1756 1431 1814 ut
1471 1769 1674 1829 supra
1718 1748 1966 1824 dictum,
2014 1747 2085 1809 in
2126 1767 2250 1811 uno
2294 1743 2556 1810 articulo

601 1840 996 1904 constitutum
1039 1841 1127 1900 est
1169 1840 1224 1900 et
1267 1837 1565 1912 iuratum,
1610 1839 1680 1898 ut
1719 1833 1907 1897 velint
1946 1832 2090 1896 totis
2132 1830 2375 1896 viribus
2416 1829 2559 1893 suis

594 1934 943 2007 procurare
976 1920 1302 1987 concilium
1334 1921 1495 2001 quod
1528 1920 1598 1983 in
1630 1918 1840 1984 diaeta
1873 1917 2313 1997 ratisponensi,
2350 1920 2421 1978 ut
2455 1934 2560 1979 su-

594 2030 727 2092 pra
753 2009 1016 2073 dictum
1078 2012 1192 2084 est,
1258 2006 1392 2071 sine
1446 2005 1778 2070 autoritate
1832 2023 2156 2069 caesareae
2210 2001 2561 2066 maiestatis

601 2095 731 2177 fuit
770 2093 1132 2158 conclusum.

779 2213 1053 2280 Utinam
1096 2210 1219 2275 1166
1262 2209 1487 2274 foedus
1506 2217 1520 2229 ’
1543 2230 1674 2273 non
1729 2209 1939 2292 magis
1991 2206 2075 2271 ad
2133 2203 2560 2270 deterrendos

606 2320 647 2364 a
681 2297 895 2365 studio
931 2295 1406 2362 reformationis
1439 2294 1645 2359 bonos
1681 2296 1768 2358 sit
1801 2294 2198 2369 institutum,
2244 2310 2441 2374 quam
2475 2287 2561 2353 ad

606 2382 993 2468 corrigenda
1042 2403 1159 2464 per
1202 2380 1558 2446 concilium
1602 2380 1766 2444 vitia
1809 2378 2260 2445 ecclesiastica.
2351 2375 2563 2442 Geor-

606 2471 753 2555 gius
796 2468 1058 2552 quidem
1103 2465 1431 2532 Saxoniae
1476 2465 1629 2545 dux,
1674 2473 1751 2530 61
1790 2465 1897 2530 1116
1932 2462 2246 2532 articulus
2281 2460 2362 2526 de
2406 2483 2559 2525 con-

607 2556 756 2623 cilio
791 2556 1206 2630 insereretur,
1245 2560 1434 2616 autor
1467 2552 1608 2626 fuit,
1655 2550 1767 2616 sed
1788 2570 1914 2636 666
1951 2548 2169 2614 animo
2192 2567 2344 2612 eum
2376 2567 2560 2612 crea-

608 2651 798 2706 turae
840 2640 1167 2722 pontificis
1208 2646 1353 2702 tum
1393 2637 1804 2715 admiserint,
1860 2636 2057 2699 etiam
2103 2634 2158 2698 si
2197 2633 2323 2716 ipsi
2368 2631 2561 2697 dissi-

608 2726 1001 2800 mulassent,
1100 2723 1224 2788 uod
1272 2744 1402 2788 non
1444 2723 1756 2800 fecerunt,
1803 2729 2026 2786 tamen
2069 2740 2177 2784 res
2219 2718 2363 2802 ipsa
2400 2718 2560 2782 satis

608 2810 983 2876 testaretur.
1127 2808 1361 2873 616666
1402 2809 1579 2872 661111
1616 2807 1739 2873 1166
1784 2806 2031 2871 11611661
2107 2805 2315 2869 1161166
2354 2803 2561 2867 refor-

609 2897 895 2961 matione
939 2901 1287 2979 urgentur,
1334 2891 1505 2976 quod
1549 2891 1877 2976 Georgius
1920 2892 2084 2956 facie
2167 2886 2561 2972 t,'polliceri

611 2981 957 3049 concilium
1014 2979 1186 3064 quod
1254 3000 1324 3044 se
1379 2999 1638 3061 semper
1684 2999 1801 3061 pro
1850 2976 2044 3043 libitu
2111 2996 2300 3059 posse
2354 2976 2561 3057 impe·

616 3068 756 3132 dire
794 3088 930 3131 non
975 3066 1293 3130 dubitant.

793 3238 1064 3319 Tempus
1100 3238 1264 3300 enim
1286 3240 1695 3317 opportunum
1730 3239 1833 3313 est,
1871 3254 2022 3298 nam
2044 3253 2236 3313 quum
2270 3252 2563 3296 caesarea

614 3326 913 3389 maiestas
948 3328 1003 3387 et
1044 3321 1607 3389 christianissimus
1648 3341 1758 3385 rex
1800 3319 2132 3384 Gallorum
2165 3323 2312 3383 sunt
2355 3319 2423 3381 in
2455 3316 2565 3381 hoe

612 3404 879 3495 tractatu
910 3410 1099 3490 pacis
1114 3458 1128 3486 ,
1181 3407 1363 3472 cuius
1404 3408 1652 3489 sperari
1683 3410 1884 3487 potest
1945 3404 2108 3487 (Deo
2152 3403 2367 3486 damte)
2408 3402 2564 3484 finis

612 3497 913 3578 optimus,
959 3495 1223 3574 dumque
1264 3497 1440 3558 tanta
1481 3493 1641 3557 inter
1677 3493 2030 3557 maiestates
2070 3509 2225 3553 suas
2263 3488 2436 3570 facta
2478 3491 2569 3551 est

615 3582 963 3647 coniunctio
1005 3580 1390 3657 animorum,
1443 3583 1500 3641 et
1540 3583 1623 3642 tot
1662 3577 1845 3660 siqua
1888 3575 2331 3640 benevolentiae
2372 3572 2566 3638 omni-

615 3667 731 3733 bus
795 3673 1037 3731 ostensa
1053 3717 1066 3743 ,
1133 3666 1411 3729 omnium
1440 3663 1918 3743 provinciarum
1977 3681 2242 3726 suarum
2284 3659 2566 3743 praelati

615 3755 735 3830 [fol.
784 3758 886 3829 36]
934 3756 1061 3816 tuto
1103 3756 1157 3813 et
1198 3750 1500 3815 commode
1541 3751 1751 3813 venire
1782 3751 2086 3831 poterunt.

788 3869 974 3935 Sicut
1034 3869 1382 3934 concilium
1427 3869 1742 3951 pontificii
1783 3869 1969 3951 pium
2011 3875 2080 3931 et
2121 3887 2351 3932 verum
2395 3864 2566 3931 6616·

613 3955 793 4022 brari
825 3956 1116 4037 cupiunt,
1154 3955 1247 4019 ita
1289 3953 1575 4032 student,
1614 3961 1690 4018 ut
1722 3952 2098 4018 monarchis
2131 3953 2308 4016 inter
2344 3972 2415 4016 66
2450 3971 2569 4033 1161·

613 4039 835 4105 6111616
877 4042 1237 4105 conveniat.
1328 4038 1531 4122 Atqui
1588 4040 1642 4105 61
1696 4039 1951 4105 66661111
1992 4035 2365 4104 celebrandi
2407 4043 2568 4102 tunc

615 4125 863 4209 optima
902 4134 1001 4190 est
1036 4127 1508 4209 opportunitaS,
1555 4125 1711 4190 dum
1746 4124 1792 4189 ii
1828 4123 1957 4190 duo
1992 4121 2399 4201 monarchae,
2443 4122 2568 4186 im-

613 4221 875 4294 perator
907 4218 973 4276 et
993 4234 1111 4275 rex
1139 4210 1500 4288 Gallorum,
1529 4211 1703 4276 inter
1738 4232 1807 4275 66
1841 4219 1999 4274 sunt
2031 4207 2409 4275 concordes:
2455 4208 2568 4290 qui

612 4298 859 4362 factum
897 4304 1015 4375 est,
1052 4307 1127 4360 ut
1149 4318 1353 4378 quum
1387 4306 1821 4361 mantuanum
1856 4317 2048 4360 suum
2083 4293 2429 4360 concilium
2464 4295 2569 4357 16-

615 4379 892 4447 dixisset
932 4382 1181 4447 Paulus
1226 4381 1488 4460 tertius,
1548 4402 1679 4464 quo
1725 4390 2019 4464 tempore
2062 4380 2192 4445 duo
2232 4380 2341 4444 isti
2386 4380 2569 4463 prin-

615 4468 793 4550 cipes
832 4469 1216 4550 gravissime
1255 4467 1429 4533 inter
1464 4488 1534 4531 se
1578 4467 2033 4551 confligebant,
2076 4473 2143 4531 et
2174 4465 2247 4529 in
2286 4466 2568 4548 speciem

616 4553 819 4618 etiam
862 4552 1188 4618 celebrare
1209 4554 1588 4635 coepissent,
1635 4554 1857 4618 statim
1889 4558 2084 4635 atque
2118 4550 2421 4617 induciae
2457 4550 2570 4616 de-

615 4638 920 4704 cennales
952 4639 1127 4703 inter
1160 4660 1268 4704 eos
1303 4640 1696 4722 compositae
1741 4647 1911 4715 suut,
1963 4638 2370 4703 revocaverit
2405 4659 2567 4721 6666

616 4723 984 4801 Mantuam,
1033 4731 1106 4788 ut
1147 4724 1336 4791 fucus
1378 4725 1750 4790 nationibus
1795 4726 2009 4802 fieret,
2054 4723 2366 4801 miserat,
2414 4744 2569 4789 666·

616 4808 965 4893 6111661666
1009 4810 1102 4875 616
1146 4809 1501 4887 distulerit,
1544 4818 1619 4874 ut
1664 4831 1924 4875 omnem
1970 4809 2109 4875 eius
2155 4828 2339 4890 spem
2383 4810 2570 4892 peni·

618 4901 726 4960 tus
770 4894 1221 4961 abscinderet?

788 5049 1043 5116 Accedit
1084 5052 1341 5132 insuper
1380 5050 1681 5114 securitas
1714 5050 2229 5115 conscientiarum
2270 5045 2575 5128 inprimis

616 5153 946 5200 caesareae
981 5137 1077 5201 vel
1094 5137 1307 5220 regiae
1330 5136 1695 5214 maiestatis,
1724 5135 1948 5200 deinde
1979 5134 2364 5215 reliquorum
2388 5133 2573 5212 prin-

2092 236 2624 306 OONSILIUM
2658 236 2948 303 PAULI
2990 234 3117 301 ΠΙ.

4474 237 4597 298 496

2650 425 2863 506 cipum
2904 423 3358 502 catholicorum,
3402 424 3513 504 qui
3547 424 3616 487 in
3641 423 3921 506 privatis
3953 421 4315 487 tractatibus
4351 421 4600 503 aliquid

2651 510 2742 574 vel
2784 508 3130 593 approbare
3162 508 3257 573 vel
3287 509 3646 591 permittere
3673 514 3946 590 possent,
3981 507 4079 573 vel
4106 507 4265 590 forte
4306 507 4469 588 ipsis
4499 508 4600 571 in-

2652 596 2800 661 vitis
2839 596 3274 673 decerneretur,
3318 594 3483 675 quod
3523 600 3690 670 esset¹
3718 595 3787 659 in
3828 613 4126 677 inaquam
4159 591 4290 657 Dei
4329 593 4604 673 offensio-

2651 701 2790 746 nem
2831 686 2887 745 et
2927 682 3290 744 animarum
3322 681 3682 760 perniciem,
3726 684 3796 744 ut
3837 699 4037 760 supra
4081 679 4315 742 dictum
4356 683 4462 742 est.

2825 826 3007 890 Eant
3049 845 3225 890 1111116
3267 825 3379 908 661
3420 827 3795 907 pontificem
3851 846 3935 890 ne
4023 830 4099 887 nt
4138 823 4218 888 de
4262 819 4608 888 servandis

2655 911 3064 978 conscientiis
3087 930 3231 975 esse
3246 911 3617 976 sollicitum.
3670 910 3773 975 Ne
3805 910 3917 993 661
3985 910 4161 974 66116
4194 906 4613 991 6666111166116

2656 997 2966 1063 ecclesiae
3017 996 3480 1061 reformatione
3534 1003 3805 1080 peccent
3856 996 3948 1079 pii
3988 995 4320 1077 principes
4336 1044 4351 1071 ,
4410 1002 4480 1057 et
4535 994 4612 1070 in

2655 1104 2733 1148 66
2767 1081 3233 1147 conscientiam
3285 1102 3474 1147 suam
3525 1082 3844 1159 saucient,
3911 1079 4167 1145 mavult
4226 1079 4398 1145 hanc
4453 1098 4612 1142 con-

2657 1168 2996 1233 scientiam
3038 1187 3254 1232 6616111
3298 1167 3443 1232 Deo
3487 1173 3555 1231 et
3596 1167 3975 1231 hominibus
4018 1167 4368 1240 sustinere,
4414 1173 4499 1228 ut
4541 1184 4612 1228 se

2658 1261 2885 1318 autore
2926 1272 3060 1317 non
3115 1251 3324 1316 solum
3376 1274 3506 1317 non
3564 1252 3979 1336 corrigantur
4032 1250 4379 1316 manifesta
4424 1251 4609 1327 vitia,

2657 1359 2824 1421 quae
2860 1339 2932 1401 in
2966 1338 3307 1404 ecclesiam
3353 1339 3754 1416 invaserunt,
3782 1337 3897 1402 sed
3940 1336 4225 1419 quotidie
4261 1336 4460 1400 etiam
4492 1356 4609 1399 au-

2656 1433 2957 1508 geantur.
3049 1421 3224 1504 Quid
3266 1423 3439 1488 6111111
3485 1423 3662 1488 611611
3698 1431 3798 1489 661
3838 1423 4305 1489 correctionem
4341 1421 4615 1486 reiicere

2655 1512 2727 1573 in
2772 1509 3151 1587 concilium,
3197 1529 3392 1591 quam
3435 1530 3626 1573 omne
3668 1507 4037 1592 corrigendi
4080 1506 4377 1573 studium
4420 1526 4613 1589 pror-

2659 1616 2770 1660 sus
2814 1593 3136 1676 abiicere?
3225 1595 3325 1659 Ac
3369 1593 3615 1658 bellum
3656 1603 3831 1658 certe
3874 1601 4338 1677 argumentum
4382 1590 4613 1656 obten-

2660 1679 2862 1744 ditur:
2900 1687 3168 1762 possent
3202 1679 3447 1762 aliquid
3484 1680 3859 1763 approbare,
3895 1678 4004 1745 vel
4039 1675 4392 1744 concedere
4425 1677 4614 1759 prin·

2660 1768 2866 1847 cipes,
2926 1774 3147 1848 posset
3201 1764 3445 1846 aliquid
3487 1765 3715 1830 invitis
3771 1765 3929 1848 ipsis
3974 1764 4267 1840 decerni,
4325 1761 4499 1845 quod
4539 1763 4614 1827 in

2661 1871 2972 1935 magnam
3037 1851 3298 1916 cederet
3371 1849 3501 1914 Dei
3563 1851 3987 1915 offensionem
4073 1858 4141 1915 et
4235 1847 4611 1913 animarum

2663 1936 3033 2019 perniciem.
3123 1936 3205 2002 Id
3248 1957 3405 2020 ergo
3443 1937 3716 2019 periculi
3761 1944 3838 2000 ut
3881 1937 4107 2013 vitent,
4153 1933 4427 2000 concilio
4463 1949 4602 1997 me-

2660 2023 2790 2087 lius
2844 2033 2945 2086 est
3010 2022 3251 2087 6111616.
3292 2021 3676 2105 corrigenda
3742 2021 4059 2105 delegare.
4176 2019 4345 2084 Eius
4410 2038 4603 2102 porro

2663 2107 3064 2174 convocandi
3085 2107 3430 2172 arbitrium
3463 2128 3663 2190 penes
3686 2107 4061 2189 pontificem
4101 2106 4211 2171 sit:
4250 2105 4397 2186 61116
4434 2105 4609 2168 66116

2663 2193 2917 2258 (16111161
2970 2191 3251 2258 fideliter
3294 2193 3603 2257 daturum
3650 2213 3913 2275 operam
3928 2244 3944 2270 ,
3989 2199 4063 2256 ut
4103 2193 4312 2274 primo
4351 2209 4612 2272 61166116

2664 2278 2768 2343 die
2822 2279 3132 2362 cogatur?
3223 2279 3474 2360 Nempe
3519 2279 3945 2343 indictionem
4010 2275 4244 2342 saltem
4306 2281 4613 2339 mantua-

2664 2386 2818 2429 nam
2863 2362 3319 2447 promulgabit,
3363 2384 3531 2447 quae
3564 2385 3719 2428 mox
3760 2363 3835 2426 in
3877 2364 4133 2427 fumum
4171 2360 4377 2426 abeat·
4465 2359 4610 2425 Iam

2663 2451 2860 2515 nimis
2903 2449 3267 2515 meticulosi
3325 2459 3483 2514 sunt
3535 2449 3891 2533 principes,
3946 2448 4076 2513 nisi
4121 2468 4193 2511 se
4236 2447 4419 2511 omni
4459 2445 4611 2510 reli-

2661 2536 2858 2619 gione
2902 2535 3144 2601 solutos
3188 2533 3489 2610 credant,
3548 2536 3657 2600 ubi
3700 2535 3773 2599 16
3813 2541 3954 2599 tam
3996 2532 4257 2597 fidelem
4291 2531 4608 2597 vicarium

2664 2642 2735 2687 se
2779 2621 3298 2685 exoneraverint.
3385 2620 3569 2684 Nihil
3607 2619 3783 2685 enim
3826 2618 4099 2685 dubium
4141 2626 4242 2683 est
4256 2669 4272 2695 ,
4319 2617 4483 2699 quin
4521 2619 4610 2681 sic

2665 2728 2706 2771 a
2741 2706 2978 2772 iudicio
2997 2707 3125 2770 Dei
3161 2705 3540 2771 liberentur.
3610 2707 3814 2788 Atqui
3836 2703 4198 2788 periculum
4220 2701 4404 2781 illud,
4442 2701 4612 2784 quod

2664 2794 2790 2858 iste
2834 2798 2948 2869 [fol.
2975 2795 3082 2869 37]
3120 2798 3258 2856 tam
3292 2789 3698 2857 formidabile
3732 2791 3904 2868 facit,
3952 2811 4034 2854 ne
4070 2788 4225 2872 quid
4267 2808 4608 2871 perperam

2667 2877 3056 2942 decernatur
3099 2885 3215 2940 aut
3255 2874 3673 2956 concedatur,
3733 2875 3923 2960 quale
3965 2884 4066 2940 est
4106 2874 4229 2940 hoc
4271 2871 4604 2955 tempore?

2664 2964 2913 3030 Petunt
2953 2963 3130 3027 enim
3152 2969 3604 3045 protestantes,
3630 2970 3708 3027 ut
3741 2961 3825 3027 ad
3850 2980 4165 3039 normam,
4191 2980 4391 3044 quam
4414 2957 4606 3025 semel

2664 3051 2853 3116 Deus
2906 3068 3024 3130 per
3079 3048 3399 3130 apostolos
3452 3050 3673 3131 posuit
3722 3066 3789 3113 et
3840 3048 4160 3130 sanguine
4205 3045 4456 3110 Christi
4511 3045 4604 3110 6111

2666 3135 3103 3212 confirmavit,
3149 3133 3456 3200 ecclesiae
3500 3134 3956 3199 reformentur.
4043 3133 4156 3197 An
4200 3130 4604 3215 evangelium

2665 3219 2841 3304 quod
2876 3221 3058 3284 Deus
3094 3220 3272 3284 omni
3304 3227 3644 3285 creaturae
3679 3219 3889 3284 voluit
3920 3215 4282 3301 praedicari
4317 3226 4455 3281 tam
4500 3216 4602 3280 ob-

2667 3325 2933 3372 scurum
2995 3312 3123 3383 est,
3189 3314 3266 3369 ut
3319 3306 3652 3371 nesciatur
3714 3326 3842 3387 quo
3885 3325 4005 3370 666
4050 3301 4289 3368 ducat?
4379 3302 4602 3366 Nonne

2667 3390 3005 3474 exemplar
3044 3389 3217 3474 quod
3262 3412 3611 3473 sequamur
3665 3391 3982 3456 habemus
4024 3390 4093 3453 16
4136 3388 4347 3454 veteri
4390 3396 4455 3452 et
4493 3408 4600 3470 pu·

2665 3479 2839 3543 riore
2882 3475 3195 3543 ecclesia?
3285 3476 3522 3540 Nonne
3577 3484 3843 3542 exstant
3895 3483 3962 3540 et
4004 3473 4268 3540 decreta
4311 3483 4598 3539 veterum

2666 3564 3087 3629 conciliorum
3131 3571 3198 3626 et
3235 3570 3497 3645 patrum
3541 3561 3905 3627 sententiae
3948 3560 4110 3626 eatis
4152 3559 4369 3624 clarae
4385 3610 4400 3637 ,
4449 3576 4599 3641 quae

2669 3649 2982 3714 adiuvare
3025 3669 3144 3712 nos
3188 3659 3254 3711 et
3298 3647 3483 3729 quasi
3529 3647 3808 3730 dirigere
3845 3644 3927 3710 611
3961 3665 4229 3729 66611616
4263 3640 4598 3728 poterunt?

2668 3732 2776 3800 Ad
2820 3733 2984 3799 haec
3028 3753 3115 3797 an
3159 3742 3465 3815 putamus
3506 3733 3732 3798 fallere
3776 3732 4139 3809 Christum,
4183 3751 4387 3812 quum
4430 3728 4607 3812 spiri-

2670 3830 2811 3884 tum
2868 3840 3063 3885 suum
3104 3818 3449 3901 pollicetur
3493 3818 3822 3897 omnibus,
3882 3818 3991 3901 qui
4037 3838 4120 3881 ex
4163 3814 4358 3882 corde
4400 3818 4604 3899 ipsum

2666 3904 3163 3970 invocaverint?
3251 3906 3378 3968 Tot
3421 3904 3838 3970 adminiculis
3884 3924 4087 3987 quum
4130 3921 4250 3966 nos
4297 3901 4607 3966 Dominus

2670 3992 3032 4068 confirmet,
3076 3990 3198 4055 1166
3241 4011 3448 4055 66616
3488 3990 4097 4057 terriculamentum
4129 4007 4252 4052 666
4294 3985 4607 4071 percellet,

2672 4098 2754 4142 ne
2799 4097 2987 4159 opem
3031 4076 3202 4141 ferre
3245 4076 3555 4142 ecclesiae
3609 4084 3902 4140 extremo
3956 4072 4242 4156 periculo
4300 4069 4606 4137 laboranti

2673 4161 3048 4239 audeamus,
3094 4162 3458 4247 timendum
3498 4182 3656 4239 6666,
3698 4182 3783 4226 66
3817 4159 3973 4243 quid
4017 4179 4357 4242 perperam
4398 4161 4604 4223 incon·

2673 4248 2843 4312 66116
2865 4268 3136 4313 16111666
3167 4249 3472 4330 pontifice
3508 4249 3640 4312 fiat.
3713 4247 3993 4311 Interim
4026 4265 4226 4328 quum
4259 4254 4397 4309 tota
4418 4244 4605 4307 ferme

2675 4333 2906 4417 religio
2964 4332 3139 4416 apud
3193 4333 3493 4398 homines
3547 4333 3861 4416 canpsa,
3920 4331 4002 4396 ad
4060 4340 4424 4395 extremam
4462 4347 4605 4411 quo·

2676 4418 3022 4485 dammodo
3078 4421 3334 4484 ruinam
3377 4419 3676 4497 inclinet,
3734 4439 3937 4501 quum
3989 4416 4263 4481 ecclesia
4304 4416 4509 4481 lacera
4546 4419 4606 4476 et

2674 4505 3002 4588 discerpta
3043 4504 3240 4570 fidem
3273 4512 3568 4571 nostram
3612 4502 3934 4586 imploret,
3980 4502 4329 4586 sponsione
4365 4498 4602 4584 pontifi·

2675 4592 2767 4656 cis
2812 4591 3066 4655 suffulti
3111 4592 3356 4656 securis
3399 4592 3637 4654 animis
3681 4587 4216 4654 connivebimus‘?

2857 4812 3032 4894 Quod
3085 4815 3145 4879 si
3199 4813 3285 4878 ad
3337 4811 3668 4877 concilium
3732 4813 4019 4877 reiectum
4069 4810 4214 4890 erit,
4281 4810 4618 4874 maiestates

2676 4918 2828 4964 suae
2870 4905 2927 4963 et
2967 4898 3200 4980 reliqui
3241 4917 3449 4963 omnes
3488 4896 3794 4962 vacabunt
3833 4897 4002 4963 omni
4044 4896 4249 4978 culpa.

2763 5034 2772 5041 ⁴
2852 5043 3061 5125 Quasi
3117 5063 3274 5108 vero
3316 5062 3611 5125 unquam
3659 5041 4032 5108 habendum
4077 5043 4193 5120 sit,
4249 5042 4304 5106 si
4349 5045 4618 5124 potestas

2680 5130 2811 5195 illis
2858 5127 3310 5193 demandetur.
