4984 5975
2081 343 2818 414 PROLEGOMENA.
3783 363 3788 388 ¹
4154 351 4488 424 XXXIII

763 530 1119 597 Caeterum
1163 527 1244 596 de
1300 532 1768 597 commentario
1812 532 1956 615 ipso
1999 531 2267 616 eiusque
2320 532 2543 601 indole
2586 556 2719 601 non
2772 541 2876 602 est
2913 533 3087 619 quod
3128 535 3252 603 hoc
3289 536 3432 603 loco
3492 538 3703 607 fusius
3742 539 4056 611 dicamus.
4140 542 4290 609 Iam
4332 566 4475 611 mo-

446 643 717 711 nuimus
761 663 913 709 eum
952 642 1163 726 magis
1207 640 1464 708 dicendi
1507 642 1805 708 formulis
1847 642 2251 727 explicandis
2295 643 2587 725 studere,
2634 645 2868 730 quibus
2913 644 3172 713 Seneca
3211 649 3458 731 passim
3500 651 3938 734 peculiaribus
3981 660 4050 720 et
4086 653 4310 722 minus
4352 657 4473 722 tri-

447 756 537 823 tis
580 775 743 820 usus
785 761 915 835 est,
971 774 1171 837 quam
1212 753 1340 837 ipsi
1382 753 1534 820 libri
1607 765 2000 838 argumento
2043 755 2404 823 tractando.
2497 755 2683 839 Quas
2725 764 2949 825 tamen
2994 772 3218 842 partes
3273 780 3406 826 non
3444 755 3660 845 plane'
3684 763 3990 849 neglig-it,
4044 765 4180 832 imo
4223 739 4471 850 passim

441 868 534 936 iis
577 865 953 951 diligentius
1019 865 1283 932 insistit.
1373 864 1654 934 Oriticas
1720 887 1878 932 vero
1921 869 2366 951 quaestiones,
2412 890 2576 953 quas
2619 868 2923 936 hodierni
2980 877 3526 938 commentatores
3579 875 3866 940 maxime
3907 884 4146 943 curant
4198 878 4468 946 omnino

440 978 793 1063 praeterit;
839 977 920 1043 de
955 977 1257 1056 editione,
1299 998 1466 1062 quae
1498 976 1627 1061 ipsi
1669 984 1927 1045 textum
1951 979 2413 1064 suppeditavit,
2458 1001 2545 1046 ne
2583 980 2861 1049 verbum
2896 980 3160 1066 quidem
3197 980 3359 1049 dicit
3370 1007 3389 1064 3
3435 981 3516 1049 de
3555 985 3970 1053 emendanda
4012 1007 4097 1053 ex
4140 988 4468 1056 codicibus

441 1089 726 1156 lectione
779 1109 1119 1172 nunquam
1163 1090 1434 1173 cogitat3
1477 1089 1595 1156 vix
1639 1090 1839 1155 semel
1899 1098 2013 1155 aut
2055 1091 2296 1157 iterum
2341 1091 2668 1158 variatam
2710 1092 3056 1195 signifieat.
3114 1093 3343 1159 Pauca
3384 1102 3547 1160 sunt
3588 1116 3754 1179 quae
3797 1096 3882 1162 ad
3924 1097 4075 1164 libri
4120 1099 4468 1168 historiam

440 1199 912 1268 illustrandam
955 1222 1040 1267 ex
1074 1199 1383 1267 thesauro
1408 1198 1671 1267 Oalvini
1706 1201 2038 1285 epistolioo
2071 1200 2204 1267 huc
2244 1203 2482 1269 afferre
2523 1223 2889 1286 possumus,
2937 1210 3131 1287 atque
3174 1203 3245 1269 id
3288 1206 3492 1271 semel
3535 1205 3781 1274 dixisse
3825 1209 4111 1277 sufficiat
4142 1210 4468 1278 Nostrum

443 1314 782 1380 rarissime
822 1312 897 1377 in
937 1311 1149 1379 literis
1190 1313 1276 1378 ad
1329 1312 1573 1378 amicos
1618 1311 1788 1379 datis
1843 1312 1924 1378 de
1966 1314 2104 1380 suis
2159 1314 2366 1398 ipsius
2409 1313 2597 1382 libris
2640 1314 2751 1380 vel
2805 1314 3165 1383 scribendis
3209 1316 3317 1384 vel
3350 1316 3541 1384 editis
3575 1319 3783 1386 verba
3822 1320 4066 1400 facere,
4119 1341 4336 1404 neque
4380 1321 4463 1388 ab

444 1426 694 1492 exteris
709 1477 725 1504 ,
783 1424 981 1491 simili
1028 1425 1369 1491 occasione
1410 1423 1631 1489 oblata
1644 1473 1660 1500 ‚
1719 1424 1982 1491 eosdem
2023 1424 2120 1491 ita
2160 1427 2538 1509 frequenter
2590 1426 2847 1492 laudari
2892 1434 2968 1493 ut
3006 1424 3160 1493 inde
3217 1447 3387 1510 quae
3429 1427 3513 1493 ad
3570 1450 3799 1495 eorum
3839 1431 4161 1516 originem
4214 1440 4283 1497 et
4324 1432 4461 1498 fata

443 1539 782 1623 pertinent
835 1536 1200 1603 accuratius
1254 1533 1502 1601 discere
1559 1555 1776 1618 queas.
1868 1534 2064 1618 Quod
2118 1537 2201 1602 ad
2245 1536 2366 1602 hos
2418 1538 2490 1602 in
2546 1535 2872 1605 Senecam
2910 1540 3415 1604 commentarios
3471 1541 3734 1622 attinet,
3792 1561 4023 1609 eorum
4073 1543 4213 1626 ipse
4269 1550 4466 1609 autor

437 1648 748 1715 meminit
799 1649 871 1738 in
911 1646 1164 1713 duabus
1218 1645 1429 1712 literis
1471 1643 1555 1710 ad
1606 1645 2040 1714 Franciscum
2082 1646 2431 1714 Danielem
2490 1648 3011 1716 iureconsultum
3053 1649 3571 1718 aurelianensem
3627 1651 3815 1719 datis.
3916 1653 4000 1719 In
4051 1654 4271 1738 priore
4324 1654 4466 1739 epi-

438 1760 622 1826 stola
639 1759 918 1826 Parisiis
942 1782 998 1825 a.
1025 1759 1084 1825 d.
1131 1742 1218 1824 X.
1245 1757 1384 1824 Gal.
1409 1757 1626 1824 Maias
1661 1757 1860 1842 (citra
1884 1757 2157 1828 dubium
2189 1758 2349 1824 anni
2377 1759 2573 1846 1532)
2611 1767 2881 1826 exarata
2914 1760 3011 1826 ita
3037 1760 3355 1845 loquitur:
3417 1763 3698 1828 Tandem
3728 1764 3896 1831 iacta
3929 1769 4023 1830 est
4054 1766 4216 1831 alea.
4269 1763 4469 1832 Exie-

443 1877 601 1936 runt
630 1870 1061 1938 commentarii
1097 1870 1221 1935 mei
1262 1870 1335 1934 in
1349 1868 1543 1935 libros
1568 1867 1832 1935 Sevaecae
1873 1868 1951 1935 de
1991 1870 2323 1951 clementia,
2350 1872 2460 1938 sed
2501 1873 2660 1938 meis
2702 1871 3068 1954 sumptibus.
3134 1871 3261 1954 Qui
3291 1873 3449 1956 plus
3470 1875 3780 1956 pecuniae
3821 1876 4238 1942 exhauserunt
4270 1897 4463 1960 quam

439 1981 561 2049 tibi
599 1981 983 2066 persuaderi
1024 1982 1250 2065 possit.
1339 1981 1527 2046 Nunc
1566 2001 1803 2047 omnem
1844 2002 2099 2066 operam
2151 1982 2229 2048 do
2283 1987 2355 2048 ut
2404 1981 2656 2067 aliquid
2706 1983 3050 2067 colliyatur.
3137 1982 3404 2067 Aliquot
3443 1986 3842 2069 professores
3896 1987 4162 2053 excitavi
4216 1973 4290 2053 iu
4341 1987 4461 2057 hac

440 2095 593 2160 urbe
631 2094 744 2176 qui
772 2094 1196 2178 praeleyerent
1236 2093 1308 2158 iu
1348 2077 1589 2158 scholis.
1660 2091 2068 2177 Bituriyibus
2108 2095 2311 2161 amico
2339 2095 2647 2177 persuasi
2688 2099 2760 2160 ut
2797 2098 3149 2178 suqyestum
3191 2096 3608 2162 conscenderet
3647 2096 3736 2164 ad
3764 2097 4090 2181 publicam
4120 2098 4463 2182 professio-

439 2227 601 2273 nem.
694 2205 797 2273 Tu
841 2207 1030 2272 etiam
1070 2205 1233 2271 mihi
1271 2204 1559 2271 nonnihil
1601 2205 1980 2271 commodare
2009 2205 2268 2286 poteris.
2330 2204 2409 2271 Si
2448 2226 2572 2272 uon
2602 2205 2971 2291 yravaberis
3010 2204 3121 2272 hoc
3161 2205 3345 2273 dabis
3385 2208 3576 2272 ceteri
3613 2208 3930 2274 amicitiae
3971 2213 4233 2289 nostrae,
4265 2231 4462 2293 prae-

436 2319 663 2385 sertim
702 2338 896 2401 quum
935 2318 1094 2384 citra
1132 2317 1614 2384 existimationis
1654 2322 1797 2381 tuae
1840 2316 2240 2398 dispendium
2281 2315 2391 2384 hoc
2432 2316 2713 2399 officium
2741 2321 3075 2398 praestare
3127 2316 3300 2384 nobis
3332 2319 3548 2399 poss-is
3591 2320 3755 2401 quod
3784 2320 4037 2401 publico
4078 2321 4269 2390 eiiam
4311 2321 4465 2390 bono

430 2431 604 2516 forte
642 2451 960 2497 cessurum
999 2431 1100 2497 sit.
1192 2428 1267 2497 Si
1310 2430 1605 2495 dolueris
1647 2428 1756 2493 hoc
1796 2448 1895 2492 me
1936 2426 2222 2510 beneficio
2266 2426 2669 2514 obstrinqere,
2709 2428 2955 2493 mittam
2993 2433 3239 2496 centum
3281 2429 3704 2511 exmplaria,
3762 2435 3876 2495 aut
3915 2436 4059 2512 quot
4101 2430 4216 2498 tibi
4251 2434 4463 2501 vis-m

430 2544 652 2626 fuerit.
742 2539 1897 2624 Interimhabehoctibiexemplar,
1956 2539 2625 2623 quoddumaccipis‚
2678 2540 4204 2625 neputesdictamametibialiquamleyem.
4311 2544 4460 2612 Volo

424 2676 559 2741 per
607 2675 707 2720 me
759 2653 876 2719 tibi
934 2655 1148 2720 omnia
1191 2673 1322 2719 esse
1367 2652 1561 2718 libera
1605 2659 1794 2718 caett.
1881 2652 2128 2717 Exstat
2170 2650 2381 2717 altera
2424 2667 2679 2735 quoque
2722 2651 2805 2716 ad
2851 2650 3135 2717 eundem
3178 2650 3455 2742 epistola
3471 2703 3489 2731 ,
3541 2652 3617 2718 in
3657 2650 3875 2722 codice
3917 2653 4290 2736 genevensi,
4310 2740 4314 2743 ‚
4334 2676 4455 2722 an-

438 2788 608 2835 num
655 2769 823 2833 1530
864 2786 1026 2850 prae
1074 2786 1145 2831 se
1188 2766 1406 2856 ferens
1450 2762 1667 2829 aliena
1708 2761 2026 2828 nimirum
2067 2783 2272 2829 manu
2316 2768 2736 2842 annotatum,
2792 2782 2992 2846 quam
3033 2768 3258 2829 tamen
3299 2760 3386 2828 ad
3428 2761 3714 2829 eundem
3759 2785 4009 2830 annum
4061 2768 4222 2829 1532
4259 2759 4457 2833 adeo-

431 2901 568 2965 que
626 2877 710 2944 ad
766 2876 1047 2944 eundem
1090 2896 1385 2942 mensem
1432 2875 1680 2959 referre
1722 2893 1858 2941 non
1902 2872 2300 2940 dubitamus.
2391 2873 2477 2941 In
2520 2893 2650 2960 qua
2704 2874 2883 2940 inter
2925 2873 3056 2940 alia
3097 2873 3262 2941 haec
3305 2873 3649 2959 leguntur:
3695 2873 3881 2940 Libri
3927 2873 4192 2942 Senecae
4231 2874 4306 2940 de
4345 2876 4461 2941 cle-

432 2990 971 3060 mactandam
1025 2989 1239 3057 excusi
1305 2992 1453 3053 sunt
1503 2988 1661 3054 meis
1721 2985 2071 3072 sumpfibus
2123 2992 2179 3053 et
2231 3008 2370 3054 mea
2431 3007 2638 3069 opera.
2730 2985 2919 3055 Nunc
2973 2985 3437 3055 mandamns
3491 2987 4452 3072 uudiquecolliyaburpecuuia

431 3125 602 3189 quae
651 3104 723 3171 in
762 3107 1052 3185 sumptus
1092 3102 1380 3185 impensa
1424 3103 1541 3179 est,
1593 3099 1816 3165 demde
1868 3104 1941 3164 ut
1992 3099 2176 3166 salva
2231 3100 2318 3165 sit
2379 3120 2523 3165 mea
2577 3099 2970 3167 existamio.
3062 3096 3357 3164 Primum
3428 3098 3614 3165 velim
3656 3097 3815 3163 mihi
3866 3104 3938 3163 ut
3975 3097 4290 3165 rescribas
4331 3121 4452 3182 quo

429 3216 655 3301 favore
691 3214 790 3282 vel
826 3214 1066 3299 friyore
1107 3212 1341 3294 excepti
1378 3209 1647 3295 fuerint,
1704 3216 1836 3276 ham
1877 3216 1948 3276 ut
1989 3211 2398 3278 Laudn'uum
2438 3211 2709 3277 inducas
2749 3211 2820 3276 in
2849 3210 3343 3294 praelectionem.
3435 3209 3628 3276 Mitto
3670 3209 3759 3276 ad
3797 3214 3854 3276 te
3893 3231 4093 3276 uuum
4132 3211 4455 3294 misplac-

430 3328 604 3411 quod
631 3348 826 3411 penes
864 3331 921 3392 te
959 3329 1224 3393 maneat.
1309 3322 1475 3390 Alia
1516 3323 1786 3406 quinque
1827 3323 2077 3388 curabis
2120 3322 2420 3390 mittenda
2460 3321 2792 3407 Bituriyes
2833 3329 3023 3390 caett.
3104 3320 3283 3389 Sunt
3321 3322 3393 3387 in
3436 3321 3543 3388 his
3591 3320 3885 3406 epistolis
3918 3313 4239 3404 quaedam
4282 3344 4453 3408 quae

434 3448 511 3506 et
552 3440 696 3524 ipsa
737 3432 1205 3507 commentario
1249 3457 1414 3520 opus
1455 3433 1721 3515 habent,
1766 3456 1980 3519 neque
2021 3433 2211 3501 facile
2252 3435 2666 3520 perspexeris
2704 3454 2870 3517 quae
2913 3434 3003 3500 sit
3045 3432 3317 3500 alterius
3362 3434 3529 3499 ratio
3573 3433 3659 3498 ad
3699 3433 3996 3499 alteram.
4066 3432 4324 3501 Verum
4370 3434 4453 3501 de

430 3551 544 3619 his
584 3552 909 3619 disserere
962 3550 1163 3618 huius
1208 3550 1335 3617 loci
1377 3572 1515 3617 non
1557 3554 1686 3628 est,
1744 3568 1948 3631 quum
2003 3544 2088 3613 ad
2127 3555 2425 3613 nostram
2478 3568 2622 3612 rem
2659 3566 2797 3612 non
2848 3544 3110 3612 faciant.
3199 3544 3495 3610 Tertiam
3540 3565 3697 3613 vero
3741 3545 4117 3628 epistolam,
4175 3565 4452 3631 eamque

430 3663 909 3732 dedicatoriam
949 3664 1127 3729 infra
1167 3664 1495 3748 integram
1538 3658 1752 3726 textui
1793 3660 2158 3740 praefixam
2200 3640 2502 3725 habebis*
2621 3646 2635 3651 “

744 3774 1099 3859 Pergimus
1143 3774 1227 3840 ad
1265 3773 1561 3842 libellum
1605 3773 1821 3855 ipsum
1858 3769 2228 3836 accuratius
2265 3768 2787 3836 describendum.
2877 3767 3139 3834 Titulus
3184 3768 3246 3834 ei
3285 3767 3402 3835 hic
3438 3774 3569 3834 est:

744 3874 846 3957 L,
921 3870 1315 3957 ANNEI
1388 3874 1579 3960 SE..
1611 3872 1620 3989 1
1651 3880 1983 3961 NEGAE,
2026 3870 2404 3947 ΒΟΜΑΝΙ
2447 3878 2849 3948 ΒΕΝΑΤΟ-
2873 3873 2884 3964 Ι
2907 3888 3043 3961 me,
3083 3888 3180 3945 Ac
3212 3887 3649 3945 Pmosorm
3685 3878 4064 3964 onmem-1
4080 3868 4224 3975 mi,
4254 3867 4456 3953 libri

432 4007 609 4090 duo
656 4005 761 4088 de
805 4002 1278 4111 clementia,
1334 4004 1445 4088 ad
1484 4004 1573 4087 N
1573 4035 1663 4089 e—
1688 4002 1697 4120 Ι
1720 4034 2015 4089 renem
2057 4006 2545 4091 Caesarem:
2603 4002 2615 4108 Ι
2667 4016 2938 4082 Ioannis
2965 4015 3229 4084 Caluini
3251 4016 3319 4081 N
3319 4016 3711 4083 ouiodunaei
3746 4017 4234 4084 commentariis
4267 4017 4457 4085 illus-

430 4130 612 4195 trati.
666 4130 680 4215 Ι
736 4136 1050 4205 (Embloma
1068 4135 1398 4203 nundinis.)
1438 4126 1449 4214 Ι
1487 4137 1741 4195 TEGVM
1793 4140 2086 4196 HABITA.
2141 4138 2151 4207 Ι
2198 4130 2476 4197 Parisiis
2511 4124 2705 4213 ‘apud
2753 4127 3173 4194 Ludouicum
3216 4126 3563 4213 Gyaneum
3613 4126 3734 4193 sub
3772 4128 3782 4212 Ι
3821 4126 4073 4194 duobus
4112 4128 4327 4197 Gallis
4376 4132 4451 4197 in

426 4242 550 4311 via·
586 4239 918 4308 Iacobaea.
959 4239 971 4324 Ι
1016 4242 1196 4303 1532.
2847 4312 2850 4319 J

748 4350 1049 4432 Quatuor
1103 4357 1258 4414 sunt
1308 4348 1463 4416 folia
1513 4353 2009 4435 praeliminaria
2062 4374 2338 4437 quorum
2403 4324 2720 4436 primum⁸
2735 4351 3036 4433 titulum,
3092 4350 3221 4418 duo
3277 4352 3617 4436 sequentia
3673 4351 3920 4417 autoris
3976 4352 4446 4435 praefationem

426 4465 523 4532 ad
570 4463 926 4532 Claudium
955 4461 1421 4545 Hangestium,
1466 4461 1770 4530 abbatem
1813 4462 1883 4531 S.
1911 4464 2116 4550 Eligii
2158 4465 2224 4531 N
2223 4462 2716 4543 oviodunensis,
2760 4462 3039 4529 Parisiis
3082 4464 3293 4548 pridie
3336 4463 3562 4529 Nonas
3606 4463 3874 4548 Apriles
3926 4466 4087 4527 1532
4133 4463 4449 4545 scriptam

426 4577 792 4654 continent,
838 4573 1149 4639 ultimum
1191 4573 1398 4639 vitam
1421 4571 1711 4641 Senecae
1754 4583 2037 4656 enarrat,
2083 4597 2280 4661 quam
2303 4598 2388 4642 ex
2435 4574 2627 4640 bonis
2672 4575 3014 4641 autoribus
3053 4596 3126 4640 se
3171 4573 3609 4656 desumpsisse
3654 4581 3843 4640 autor
3884 4574 4134 4640 asserit.
4191 4574 4448 4640 'sextus

428 4696 600 4755 sunt
639 4686 942 4772 plagulae
977 4684 1217 4771 vig-inti
1257 4686 1330 4750 in
1371 4686 1585 4752 forma
1623 4689 2043 4770 quaternaria
2083 4689 2325 4753 minori
2373 4687 2634 4771 (a—v),
2679 4687 2962 4771 paginae
3005 4693 3388 4752 numeratae
3438 4688 3578 4766 157,
3624 4694 3759 4752 tres
3803 4685 4096 4769 reliquae
4136 4685 4212 4750 in
4255 4685 4445 4754 albis.

422 4800 523 4867 In
577 4801 708 4865 fine
761 4797 1033 4881 legitur:
1075 4797 1350 4863 Parisiis
1406 4819 1491 4863 ex
1544 4798 1805 4866 officina
1856 4774 2399 4886 chalcographica
2453 4797 2782 4865 Ludovici
2826 4797 3078 4885 Cyanei
3094 4849 3110 4875 ,
3166 4815 3341 4862 anno
3397 4795 3635 4863 salutis
3687 4803 3950 4863 nostrae
3991 4795 4446 4878 MDXXXH,

420 4933 663 4980 mense
699 4909 934 4995 Aprili.
1020 4908 1148 4977 Oui
1190 4907 1653 4994 subscriptioni
1695 4911 2039 4980 subiicitur
2079 4912 2627 4997 paucissimorum
2670 4924 3037 4977 erratorum
3079 4909 3455 4993 recognitio.
3531 4908 3825 4977 Senecae
3870 4914 4131 4974 textum
4174 4908 4258 4974 ad
4301 4907 4440 4974 edi·

421 5024 688 5090 tionem
723 5022 990 5089 Erasmi
1033 5020 1407 5103 secundam,
1451 5042 1625 5089 anno
1676 5012 1836 5090 1'529
1882 5024 2183 5091 Basileae
2227 5023 2401 5109 apud
2440 5023 2846 5089 Frobenium
2887 5030 2955 5088 et
2995 5021 3416 5105 Hervagium
3455 5022 3864 5105 impressam,
3910 5019 4295 5104 simpliciter
4336 5041 4441 5086 re-

416 5154 672 5203 cusum
722 5134 923 5199 fuisse
979 5134 1403 5217 cognovimus
1467 5134 1811 5202 collatione
1862 5135 2154 5220 plurium
2208 5136 2508 5202 locorum
2564 5141 2633 5201 et
2679 5133 3040 5200 editionum
3093 5132 3418 5200 instituta.
3507 5133 3713 5220 'I'ypis
3768 5130 3882 5197 ille
3924 5132 4120 5215 paulo
4176 5131 4444 5198 maiori-

416 5249 562 5315 bus
604 5254 909 5311 exaratus
942 5243 1203 5329 legitur,
1244 5247 1430 5312 cuius
1464 5238 1744 5332 sing'ulis
1788 5247 2110 5333 capitibus
2143 5248 2409 5317 Calvini
2442 5246 2950 5323 commentarius
2985 5245 3239 5313 minore
3277 5247 3658 5313 charactere
3691 5241 4039 5310 distinctus
4075 5242 4442 5309 subiicitur.

647 5344 867 5404 calm
889 5361 1075 5416 opera.
1156 5346 1270 5404 Vol.
1317 5348 1380 5406 V.
3979 5344 4028 5399 Ε
