4984 5975
360 358 429 420 57
1795 347 2085 413 LIBER
2126 347 2181 413 1.
2260 324 2576 415 ‘esrum
2616 343 2700 410 v2
2747 345 2867 411 Π.
4258 350 4339 411 58

1081 586 1383 655 OAPU'P
1426 587 1547 652 VI.

520 708 802 792 Ooqitate,
846 710 918 772 in
959 709 1075 783 hac
1118 707 1394 787 civitate,
1450 710 1522 772 in
1567 727 1692 787 qua
1734 708 1921 772 turba
1950 728 2076 788 per
2116 707 2292 771 latis-

357 800 513 863 sima
555 795 792 859 itinera
834 795 974 859 sine
1017 793 1476 858 intermissione
1518 794 1790 872 defluens·
1832 793 2101 870 eliditur,
2146 813 2292 873 quo·

354 885 463 948 ties
500 880 748 961 aliquid
789 879 1039 958 obstitit,
1084 879 1249 961 quod
1291 898 1547 944 cursum
1589 879 1724 943 eius
1739 928 1754 956 ,
1798 878 1980 943 velut*
2004 879 2294 942 torrentis

355 967 581 1049 rapidi,
623 970 1007 1042 moraretur,
1051 966 1124 1028 in
1160 984 1287 1045 qua
1330 964 1531 1028 tribus
1573 965 1778 1029 eodem
1820 968 2086 1045 tempore
2127 963 2291 1027 thea-

352 1055 464 1117 tris
501 1052 641 1116 viae
672 1050 1102 1131 postulantur,
1146 1051 1218 1113 in
1260 1071 1387 1131 qua
1420 1050 1802 1114 consumitur
1836 1050 2146 1130 quidquid
2180 1055 2294 1113 ter-

350 1140 439 1202 ris
475 1137 758 1202 omnibus
790 1141 1050 1202 aratur.-
1087 1141 1322 1217 quanta
1364 1136 1632 1201 solitudo
1676 1140 1729 1198 et
1770 1136 2030 1198 vastitas
2070 1135 2292 1217 futura

355 1226 443 1300 sit,
484 1223 545 1288 si
585 1221 748 1286 nihil
790 1221 1181 1302 relinquitur,
1241 1226 1389 1301 [pag.
1430 1225 1539 1299 46]
1590 1221 1722 1285 nisi
1761 1221 1923 1301 quod
1965 1221 2158 1285 iudex
2201 1240 2292 1285 se-

349 1328 524 1374 verus
578 1307 924 1373 absolverit.
1018 1307 1517 1388 Quotusquisque
1570 1326 1648 1370 eoe
1701 1307 2128 1386 quaestoribus
2183 1311 2290 1384 est,

349 1395 450 1476 qui
491 1415 615 1459 non
668 1414 740 1457 ea
801 1394 945 1474 ipsa
989 1392 1115 1476 leqe
1155 1398 1455 1470 teneatur,
1500 1413 1627 1473 qua
1670 1392 2040 1472 quaeritur?
2137 1391 2294 1472 Quo-

348 1481 707 1561 tusquisque
748 1483 1065 1544 accusator
1106 1483 1285 1543 vocat
1325 1477 1508 1558 eulpa
1526 1477 1562 1541 ‚9
1630 1476 1718 1541 Et
1758 1478 1965 1541 nescio
1997 1498 2086 1542 an
2119 1496 2293 1542 nemo

348 1566 426 1630 ad
465 1565 746 1630 dandam
786 1566 1033 1630 veniam
1075 1563 1397 1646 difficilior
1437 1568 1542 1642 est,
1583 1583 1774 1645 quam
1815 1563 1926 1642 qui
1968 1562 2152 1627 illam
2184 1583 2292 1642 pe-

348 1657 466 1716 tere
505 1651 768 1730 saepius
809 1650 1049 1715 meruit.
1145 1649 1550 1714 Peccavimus
1590 1667 1826 1725 omnes,
1887 1647 2007 1712 alii
2044 1648 2291 1730 qravia,

347 1736 459 1800 alii
497 1735 762 1813 leviora,
806 1737 930 1802 alii
974 1755 1051 1799 ex
1094 1733 1425 1813 destinato,
1471 1734 1591 1799 alii
1630 1735 1786 1815 forte
1827 1727 2121 1814 impulsi.
2181 1737 2295 1798 aut

344 1822 541 1886 aliena
596 1823 883 1903 nequitia
930 1820 1154 1902 ablati.-
1206 1821 1324 1885 alii
1378 1821 1446 1883 in
1504 1820 1678 1884 bonis
1722 1820 2005 1885 consiliis
2049 1839 2293 1899 parum

342 1907 577 1990 fortiter
634 1909 917 1972 stetimus
930 1953 946 1979 ‚
1011 1910 1066 1971 et
1130 1907 1538 1971 innocentiam
1603 1905 1790 1970 inviti
1844 1925 1918 1970 ao
1967 1906 2295 1974 renitentes

334 1993 755 2075 perdidimus.
851 1991 979 2065 Nec
1021 1992 1442 2073 delinquimus
1496 1996 1762 2070 tantum,
1817 1992 1926 2056 sed
1967 2011 2166 2072 usque
2208 1991 2294 2056 ad

343 2084 683 2143 &tremum
728 2079 866 2142 aevi
907 2078 1343 2159 delinquimus.
1432 2076 1649 2142 Etiam
1695 2078 1756 2141 si
1789 2078 1931 2157 quis
1975 2081 2105 2141 tam
2150 2076 2293 2139 bene

334 2165 631 2247 puryavit
696 2165 1010 2241 animum,
1076 2168 1146 2226 ut
1209 2162 1370 2226 nihil
1433 2162 1751 2226 obturbare
1814 2182 1955 2226 eum
2013 2161 2291 2243 amplius

329 2251 527 2329 possit
571 2270 652 2314 ac
691 2249 950 2331 fallere,
996 2248 1080 2312 ad
1121 2249 1527 2313 innocentiam
1572 2253 1774 2311 tamen
1804 2248 2114 2328 peccando
2144 2268 2292 2330 per-

341 2336 513 2399 venit.

500 2421 705 2485 Nunc
749 2441 866 2503 per
912 2418 1409 2502 descriptionem
1456 2417 1742 2483 ostendit
1777 2418 2045 2497 Seneca,
2090 2437 2287 2500 quam

341 2507 420 2570 sit
470 2506 759 2589 principi
818 2506 1255 2570 necessarium
1308 2502 1617 2586 quosdam
1676 2505 1745 2568 in
1790 2525 2138 2568 numerum
2184 2523 2288 2566 re·-

338 2590 669 2674 linquere,
729 2600 795 2656 et
847 2590 930 2655 ad
989 2598 1246 2673 tempus
1292 2589 1585 2654 tolerare.
1676 2587 1750 2654 Si
1796 2589 1940 2671 quis
1985 2589 2158 2653 enim
2205 2588 2290 2653 ad

336 2677 558 2742 vivum
623 2697 921 2743 resecare
976 2675 1139 2741 velit
1186 2683 1474 2739 strumas
1528 2682 1596 2738 et
1653 2676 1938 2740 vomicas
1982 2676 2285 2752 civitatis,

338 2761 569 2826 bonam
627 2769 886 2845 partem
931 2761 1279 2826 exhauriat
1321 2766 1593 2843 oportet.
1683 2757 1875 2841 Quod
1920 2767 1996 2824 ut
2034 2759 2288 2825 facilius

334 2849 656 2999 {³5ss}ss
683 2846 1430 3018 ἕξὲῗὶθὲἒᾝοὲἓέθῗῖ
1430 2847 1538 2997 ³11?
1536 2866 1816 3015 ¹5:¹13?ss
1819 2846 2101 2997 2223.
2115 2844 2288 2996 ¹2:¹3⁰

334 3021 676 3103 gistratus,
715 3029 792 3085 ut
826 3021 1153 3085 neminem
1192 3016 1467 3084 laedant.
1530 3016 1725 3099 Quod
1762 3018 1816 3082 si
1854 3017 2071 3083 laesus
2106 3017 2284 3099 quis-

333 3107 505 3187 piam
548 3107 782 3183 fuerit,
829 3104 1191 3171 secundum
1235 3111 1335 3169 est
1376 3124 1459 3169 ne
1503 3103 1721 3186 plures
1764 3102 2140 3167 laedantur:
2186 3114 2285 3168 at-

332 3211 452 3273 que
494 3192 654 3258 ideo
700 3192 951 3256 tollitur
993 3212 1028 3255 e
1074 3190 1287 3255 medio
1330 3192 1387 3255 is
1430 3191 1541 3272 qui
1590 3190 1812 3267 laesit,
1872 3190 2025 3272 quia
2079 3190 2285 3272 pluris

333 3286 429 3341 est
480 3279 870 3344 universam
930 3275 1417 3341 multitudinem
1474 3295 1771 3354 servare,
1829 3296 2027 3358 quam
2079 3295 2288 3340 unum

334 3370 445 3427 aut
487 3364 801 3429 alterum.
888 3363 1088 3427 Hunc
1140 3363 1342 3427 finem
1386 3368 1452 3426 et
1496 3362 1671 3427 hunc
1723 3381 1991 3444 scopum
2042 3360 2291 3427 habent

331 3468 579 3530 poenae
637 3449 956 3532 publicae.
1058 3446 1193 3529 Qui
1261 3453 1476 3512 autem
1542 3448 1964 3531 magistratus
2034 3466 2289 3512 summo

332 3533 473 3598 iure
520 3534 1072 3601 animadvertunt
1112 3535 1183 3598 in
1229 3533 1476 3611 noxios,
1523 3533 1765 3597 tollunt
1805 3533 2120 3597 maiorem
2163 3554 2287 3595 nu-

328 3636 599 3685 merum
643 3640 842 3705 quam
886 3620 1285 3702 relinquunt.
1375 3619 1439 3683 N
1440 3639 1528 3683 on
1582 3639 1738 3702 ergo
1793 3628 2093 3683 statuunt
2132 3637 2288 3700 poe·-

328 3705 429 3771 nis
472 3706 857 3791 legitimum
898 3706 1115 3770 finem.
1207 3702 1399 3785 Quod
1447 3714 1668 3769 autem
1708 3706 1777 3768 in
1821 3703 1946 3769 hoc
1980 3710 2288 3769 contextu

327 3788 465 3855 dixi
511 3812 666 3857 esse
713 3791 1241 3874 descriptionem,
1287 3790 1380 3856 sic
1423 3789 1651 3855 Cicero
1696 3811 1836 3855 eam
1883 3788 2169 3872 appellat
2210 3788 2291 3852 li-

329 3875 443 3941 bro
487 3878 1012 3943 Rhetoricorum
1055 3883 1315 3959 quarto,
1360 3897 1529 3958 quae
1572 3896 1802 3960 graece
1847 3875 2086 3942 dicitur
2128 3873 2292 3958 ἐνώρ-

326 3984 486 4043 rua,
546 3962 621 4028 id
676 3971 777 4029 est
828 3962 1257 4046 perspicuitas
1312 3969 1379 4027 et
1432 3960 1788 4040 evidentia,
1843 3981 2010 4045 quae
2065 3981 2290 4026 rerum

326 4046 662 4132 imagines
707 4049 1020 4131 concipit,
1074 4055 1152 4113 ut
1195 4047 1301 4113 hic
1342 4045 1595 4112 Seneca
1632 4048 2016 4130 populosam
2060 4047 2291 4112 civita-

204 4168 207 4175 ι
328 4138 463 4198 tem
508 4136 704 4217 quasi
744 4133 952 4201 oculis
995 4140 1459 4215 repraesentat.
1550 4133 1876 4218 Exempla
1920 4140 2074 4198 sunt
2117 4132 2292 4215 apud

327 4216 829 4299 Quintilianum
872 4219 979 4286 lib.
1028 4218 1222 4283 VIII.

506 4305 599 4370 In
653 4326 779 4387 qua
833 4303 1044 4391 turba]
1135 4303 1212 4371 Si
1273 4305 1547 4370 liberam
1616 4303 1827 4369 adhuc
1883 4310 1949 4369 et
2005 4311 2287 4369 stantem

324 4390 809 4474 rempublicam
854 4412 1004 4456 cum
1048 4412 1125 4455 ea
1168 4410 1662 4473 componamus,
1708 4410 1873 4472 quae
1919 4389 2041 4454 sub
2084 4391 2289 4474 impe-

325 4476 423 4538 rio
482 4476 856 4543 Caesarum
910 4477 1068 4553 fuit,
1132 4478 1204 4543 in
1259 4477 1654 4540 immensum
1712 4482 1779 4540 et
1835 4472 2042 4558 paene
2100 4486 2290 4541 extra

321 4559 535 4627 fidem
594 4563 803 4629 crevit
853 4583 1185 4627 numerus.
1281 4560 1453 4626 Nam
1512 4581 1747 4627 census
1812 4581 2005 4644 quem
2072 4569 2288 4628 stante

324 4644 638 4714 libertate
679 4649 1045 4713 maximum
1098 4647 1297 4713 fuisse
1351 4646 1526 4730 lege,
1583 4647 1707 4711 fuit
1760 4645 1833 4712 C.
1882 4647 2168 4712 Lentulo
2222 4657 2289 4714 et

324 4730 404 4796 L.
457 4733 689 4799 Gellio
726 4732 1141 4811 Censoribus,
1186 4733 1254 4797 in
1298 4753 1425 4815 quo
1468 4753 1665 4797 censa
1707 4741 1865 4797 sunt
1898 4732 2143 4798 civium
2179 4756 2285 4800 ca-

326 4819 469 4900 pita
517 4818 818 4885 OOOOL
872 4819 1096 4883 millia.
1185 4818 1439 4883 Verum
1482 4825 1629 4900 post
1666 4819 2009 4884 Actiacum
2052 4820 2285 4884 trium-

324 4902 548 4986 phum
603 4912 793 4970 autor
836 4912 937 4970 est
988 4904 1318 4970 Eusebius
1369 4922 1565 4969 censu
1625 4911 1768 4968 acto
1823 4906 2093 4970 inventa
2144 4925 2285 4970 esse

329 4987 732 5075 quadragies
785 4990 986 5056 semel
1041 4998 1317 5058 centena
1360 4996 1426 5054 et
1468 4991 1884 5072 septuaginta
1935 4991 2144 5056 millia
2195 4993 2285 5058 ci-

324 5075 543 5153 vium,
589 5076 655 5140 in
692 5076 898 5141 altero
933 5097 1089 5141 vero
1124 5096 1324 5141 censu
1358 5095 1553 5158 quem
1589 5075 1930 5159 Augustus
1967 5077 2104 5160 egit
2137 5098 2286 5143 cum

323 5158 606 5225 Tiberio
642 5162 781 5227 filio
823 5161 1155 5244 adoptive,
1208 5162 1482 5227 inventa
1533 5182 1675 5226 esse
1718 5170 1820 5226 ter
1861 5169 1930 5226 et
1968 5164 2286 5247 nonagies

325 5253 623 5311 centena
672 5255 740 5313 et
790 5248 1209 5333 septuaginta
1261 5246 1485 5312 millia.
1574 5245 1826 5312 Ultimo
1871 5268 2029 5313 vero
2083 5269 2286 5316 censu

2342 567 2348 594 ι
2397 540 2540 600 acto
2555 586 2570 610 ,
2628 535 2737 617 qui
2782 535 3062 599 Neronis
3119 535 3392 617 imperio
3454 540 3599 616 [pag.
3642 539 3750 614 47]
3804 534 4143 618 proximus
4197 535 4339 616 fuit,

2395 640 2592 686 censa
2634 630 2789 685 sunt
2823 621 3062 684 civium
3101 620 3359 685 LXIX.
3398 635 3684 685 cent-ena.
3733 642 3786 686 c.
3814 622 3863 703 ¹)
3907 620 4344 706 quadraginta

2396 715 2676 788 quatuor
2718 706 2939 770 millia.

2575 791 2822 872 Quanta
2867 789 3162 878 solitudo]
3217 789 3468 856 Sensus
3503 802 3631 857 est:
3669 790 3857 857 vides
3894 791 4122 857 urbem
4157 799 4344 856 tanta

2394 876 2820 942 multitudine
2864 878 3260 954 affluentem,
3306 884 3373 941 et
3411 897 3682 942 suorum
3716 877 3959 942 civium
3993 877 4110 942 vix
4154 897 4342 960 capa-

2395 962 2581 1027 cem?
2671 961 2748 1028 Si
2791 963 2937 1045 quis
2981 968 3204 1027 tamen
3257 961 3456 1027 iudex
3502 962 3674 1044 apud
3719 982 3916 1045 quem
3955 984 4078 1028 nec
4120 962 4344 1029 sordes

2395 1048 2675 1126 valeant,
2714 1069 2834 1114 nec
2870 1049 3102 1132 gratia,
3138 1068 3262 1113 nec
3297 1049 3485 1131 aequi
3519 1047 3800 1131 bonique
3834 1049 4019 1128 ratic,
4064 1047 4344 1131 denique

2395 1133 2607 1217 qualis
2651 1133 2780 1210 ille,
2828 1135 2940 1217 qui
2985 1134 3289 1216 scopulus
3330 1154 3591 1199 reorum
3627 1134 3993 1218 appellatus
4039 1142 4157 1212 est,
4202 1156 4342 1200 om·-

2394 1242 2515 1285 nes
2558 1221 2631 1283 in
2675 1239 2821 1284 reos
2864 1219 3163 1302 recipiat,
3212 1220 3326 1283 vix
3379 1215 3767 1285 millesimus
3809 1221 4082 1303 quisque
4124 1220 4342 1285 ultimi

2397 1305 2698 1396 supplicii
2742 1309 3132 1370 sententiam
3193 1305 3465 1388 effugiet
3507 1307 3574 1369 in
3620 1315 3717 1371 tot
3758 1305 4099 1370 hominum
4142 1305 4341 1370 milli-

2395 1392 2534 1457 bus.
2604 1393 2744 1455 Aut
2775 1391 2982 1473 igitur
3015 1389 3502 1474 ignoscendum,
3549 1403 3662 1456 aut
3696 1413 3828 1456 non
3862 1391 4338 1474 imperandum.

2576 1477 3068 1557 Quotusquisque
3125 1497 3200 1540 eoe
3254 1475 3709 1563 quaestoribus]
3788 1476 4012 1542 Unum
4069 1484 4168 1541 est
4223 1476 4341 1540 ho-

2396 1563 2650 1627 minum
2705 1581 2916 1644 genus
2972 1560 3142 1643 quod
3199 1562 3377 1626 omni
3423 1565 3581 1628 vitio
3636 1571 3990 1646 purgatum
4045 1583 4186 1626 esse
4231 1562 4342 1625 de-

2395 1648 2565 1724 beat,
2609 1650 2720 1730 qui
2766 1648 3011 1712 scilicet
3050 1656 3365 1729 praesunt
3406 1648 3714 1726 moribus,
3760 1656 3825 1712 et
3867 1646 4146 1712 aliorum
4182 1647 4346 1712 vitia

2396 1734 2754 1817 corrigunt.
2845 1733 2992 1797 Hoc
3047 1754 3266 1816 genus,
3307 1745 3526 1799 tamen
3594 1734 3890 1799 homines
3954 1734 4346 1815 iniquissimi

2397 1827 2553 1884 sunt
2595 1819 2780 1884 nobis
2837 1816 3111 1896 iudices,
3168 1820 3357 1902 aequi
3413 1819 3566 1885 sibi:
3624 1827 3690 1883 et
3739 1819 3859 1884 hoc
3913 1820 4131 1884 nescio
4184 1839 4342 1901 quo-

2394 1905 2588 1970 modo
2632 1904 2895 1981 accidit,
2953 1912 3032 1968 ut
3084 1925 3251 1987 quae
3307 1903 3451 1969 aliis
3509 1925 3704 1988 aegre
3760 1911 3875 1968 aut
3927 1904 4108 1969 nullo
4151 1903 4343 1968 modo

2394 1991 2815 2073 permittunt,
2877 1990 3001 2055 sibi
3054 1990 3240 2055 facile
3301 1989 3703 2072 indulgeant.
3793 1988 4048 2056 Seneca
4098 1989 4178 2055 de
4232 1989 4345 2053 Ira

2393 2076 2517 2140 II.:
2565 2076 2806 2141 Aliena
2850 2075 3010 2140 vitia
3053 2076 3124 2139 in
3164 2075 3368 2142 oculis
3413 2074 3756 2142 habemus:
3806 2097 3846 2140 a
3888 2092 4072 2160 tergo
4117 2083 4343 2140 nostra

2394 2172 2570 2228 sunt.
2681 2162 2861 2226 Nihil
2931 2161 3182 2226 alienae
3246 2161 3551 2225 luxuriae
3611 2162 3922 2245 ignoscit,
4007 2162 4120 2244 qui
4187 2181 4343 2228 suae

2394 2246 2564 2310 nihil
2609 2248 2894 2331 negavit.
2983 2247 3077 2311 Et
3115 2245 3480 2311 homicidae
3523 2257 3852 2331 tyrannus
3897 2247 4219 2326 irascitur,
4275 2253 4344 2311 et

2391 2333 2584 2414 punit
2624 2333 2801 2398 furta
2844 2332 3218 2415 sacrilegus.
3308 2332 3560 2415 Magna
3612 2354 3765 2415 pars
3820 2333 4162 2397 hominum
4218 2340 4337 2410 est,

2394 2437 2563 2499 quae
2605 2439 2741 2483 non
2840 2417 3078 2484 eccatis
3131 2418 3451 2495 irascitur,
3511 2417 3625 2482 sed
3681 2419 4119 2501 peccantibus.
4209 2418 4339 2484 Ubi

2394 2504 2591 2568 etiam
2632 2440 2866 2568 alludlit
2900 2502 2980 2568 ad
3017 2502 3366 2568 manticam
3407 2504 3663 2585 Aesopi.
3735 2502 3986 2568 Seneca
4020 2502 4340 2587 Tragicus

2392 2589 2463 2652 in
2509 2590 3030 2673 Agamemnone:

2666 2691 2859 2813 aa
2872 2691 3800 2827 ..wanted

2667 2828 2731 2881 Id
2767 2844 2888 2883 esse
2923 2844 2982 2881 re
3055 2829 3073 2881 i
3110 2800 3395 2892 maximum
3432 2830 3623 2895 pignus
3658 2836 3867 2898 putant,

2669 2897 2723 2950 Si
2759 2897 2978 2965 quidqui
3048 2897 3170 2950 aliis
3204 2913 3312 2951 non
3347 2896 3491 2964 lieet,
3531 2896 3662 2951 solis
3697 2896 3838 2951 licet.

2390 2983 2733 3050 Iuvenalis
2778 2981 3026 3069 Satyra
3068 2981 3292 3048 VEL:

3281 3085 3440 3139 Mitte
3477 3087 3634 3154 ostia,
3668 3085 3886 3156 Caesar,

2635 3156 2809 3223 Mitte,
2848 3155 2945 3209 sed
2980 3156 3033 3208 in
3068 3170 3264 3222 magna
3299 3155 3535 3221 legatum
3570 3170 3769 3222 quaere
3805 3157 4031 3224 popina:

2633 3225 2878 3278 Invenies
2917 3224 3100 3292 aliquo
3139 3240 3256 3277 cum
3291 3238 3612 3291 percussore
3649 3224 3912 3277 iacentem

2632 3293 2959 3346 Permixtum
2995 3293 3171 3346 nautis
3210 3299 3266 3345 et
3301 3291 3506 3345 furibus
3543 3298 3638 3344 aut
3673 3292 3907 3360 fugitivis

2635 3361 2780 3415 [nter
2814 3359 3108 3414 carnifices.
3443 3378 3448 3383 ¹

2392 3449 2484 3513 Et
2527 3446 2723 3529 paulo
2759 3453 2936 3529 post:
3505 3526 3514 3535 ,

2628 3552 2700 3603 At
2733 3565 2833 3602 vos
2870 3547 3211 3616 Troiugenas
3247 3548 3402 3601 vobis
3437 3548 3730 3617 ignoscitis,
3769 3554 3826 3601 et
3860 3565 3998 3617 quae

2622 3617 2826 3686 Turpia
2861 3617 3110 3685 Cerdoni,
3148 3617 3385 3671 Volusos
3421 3616 3726 3684 Brutusque
3764 3616 4044 3672 docebunt.

2391 3706 2600 3770 Porro
2636 3725 2836 3786 quum
2882 3703 3093 3768 multa
3135 3712 3551 3786 quaestorum
3596 3723 3838 3787 genera
3880 3704 4125 3768 fuerint
4166 3705 4341 3789 apud

2391 3792 2727 3855 Romanos
2743 3840 2757 3867 ‚
2815 3796 3186 3871 quaestores
3241 3788 3349 3854 hic
3403 3789 3622 3871 accipe
3676 3810 3894 3854 rerum
3941 3790 4339 3872 capitalium,

2394 3877 2503 3959 qui
2566 3884 2633 3940 et
2698 3882 3070 3958 quaestores
3144 3872 3504 3958 parricidii,
3579 3882 3898 3957 praesunt
3962 3877 4343 3944 exercendis

2394 3959 2883 4045 quaestionibus
2927 3960 3402 4026 criminalibus:
3448 3968 3526 4023 ut
3560 3961 3882 4025 Asconius
3923 3968 4206 4027 testatur
4239 3983 4341 4028 se-

2395 4047 2607 4112 cundo
2650 4046 3117 4111 commentario
3160 4045 3598 4111 ven-inarum
3614 4097 3631 4125 ,
3677 4052 3745 4111 et
3788 4044 4060 4113 Servius
4103 4048 4176 4112 in
4216 4048 4338 4114 VI.

2396 4132 2742 4198 Aeneidos.
2833 4130 2946 4197 Sic
3011 4132 3418 4197 confundunt
3480 4133 3826 4216 scriptores
3880 4132 4142 4215 quidam
4206 4156 4341 4199 non

2394 4216 2906 4286 contemnendae
2960 4217 3370 4283 eruditionis:
3430 4237 3551 4300 ego
3607 4226 3858 4283 tamen»
3885 4219 4188 4285 existimo
4243 4220 4340 4286 la-

2395 4315 2540 4370 tum
2583 4325 2726 4369 esse
2770 4303 3136 4369 discrimen.
3227 4303 3427 4369 Prius
3483 4303 3563 4368 de
3623 4305 4073 4386 quaestoribus
4126 4307 4340 4389 parri-

2393 4390 2544 4457 cidii
2589 4390 2956 4467 videamus,
3014 4410 3209 4473 quem
3263 4388 3724 4472 magistratum
3779 4390 3978 4455 fuisse
4033 4391 4339 4475 antiquae

2392 4476 2665 4561 originis
2720 4475 2994 4540 tradunt
3043 4474 3419 4541 Fenestella
3471 4482 3540 4539 et
3579 4474 4098 4542 Iurisconsultus
4143 4477 4339 4543 Pom-

2391 4564 2627 4646 ponius
2680 4563 2750 4626 in
2796 4562 2875 4626 L.
2923 4561 3013 4627 Π.
3061 4562 3127 4626 ff.
3185 4561 3265 4626 de
3322 4560 3418 4625 ori
3470 4561 3575 4625 'ne
3631 4561 3810 4626 iuris.
3900 4560 4117 4627 Varro
4171 4562 4339 4630 libro

2390 4648 2512 4713 IV.
2551 4649 2656 4713 De
2690 4648 2917 4731 lingua
2951 4647 3154 4712 latina
3188 4645 3268 4711 de
3313 4582 3570 4710 hisffiim
3606 4645 3909 4729 loquitur,
3955 4649 4023 4712 in
4062 4670 4336 4731 quorum

2389 4734 2608 4800 locum
2642 4735 3029 4800 successisse
3065 4732 3448 4797 triumviros
3483 4732 3789 4814 capitales
3834 4733 4133 4800 affirmat.
4199 4734 4341 4800 Ad-

2392 4819 2562 4885 dunt
2613 4820 2990 4887 Fenestella
3054 4828 3122 4882 et
3174 4818 3578 4902 Pomponius
3642 4817 3864 4883 solitos
3928 4821 4238 4885 constitui
4301 4843 4341 4887 a

2390 4907 2659 4989 populo:
2717 4903 2891 4988 quod
2944 4905 3200 4969 iniussu
3257 4904 3479 4987 populi
3530 4925 3667 4968 non
3720 4903 3948 4970 liceret
3998 4906 4071 4969 in
4125 4907 4340 4973 civem

2390 5012 2735 5057 romanum
2778 4989 3313 5055 animadvertere.
3380 4990 3725 5056 Habemus
3768 5010 3922 5073 ergo
3967 4990 4341 5057 huiusmodi

2535 5266 2590 5331 1)
2631 5264 2804 5334 Leqe:
2839 5273 2910 5333 et,
2947 5270 3011 5318 ut
3042 5264 3201 5319 habet
3233 5264 3312 5318 ed.
3344 5267 3516 5319 Amst.
