4984 5975
403 197 525 258 269
1510 190 1638 257 ΒΕ
1685 191 2277 262 SAOERDOTIO
2324 193 2675 259 PAPALI
2713 193 3285 260 ABHOIENDO.

310 437 319 448 ,
399 381 660 466 pietatis
704 381 776 444 in
818 381 1039 445 Deum
1054 431 1070 459 ,
1128 380 1228 445 vel
1269 378 1588 446 adversus
1634 380 1935 446 homines
1980 380 2345 446 iniustitiae

401 488 607 552 genus
663 473 1112 549 praetereunt,
1171 464 1325 531 dum
1382 466 1628 548 optima
1679 464 1808 530 fide
1862 465 2034 551 quod
2078 487 2346 532 suarum

403 562 504 619 est
545 552 836 634 partium
872 559 1334 633 exsequuntur.
1402 552 1671 630 Earum,
1710 553 1998 634 inquam,
2036 553 2343 634 partium,

401 660 563 722 quas
616 645 731 702 tua
784 657 938 703 voce
1002 637 1312 718 privatim
1378 636 1814 716 demandasti,
1875 658 2037 720 quas
2090 637 2345 722 publice

403 724 655 791 solenni
699 722 1048 807 diplomate
1090 724 1509 789 confirmasti.
1574 722 1669 787 Ut
1710 731 1899 806 gesta
1934 744 2159 788 eorum
2195 745 2343 806 per-

403 808 557 874 inde
613 806 909 873 habenda
960 808 1121 886 sint,
1181 830 1256 875 ac
1299 809 1354 874 si
1410 808 1715 893 gerendis
1768 807 1898 874 illis
1941 830 2162 874 coram
2203 810 2343 891 ipse

400 895 805 978 praefuisses.
882 893 1208 976 Equidem
1262 894 1541 972 invitus,
1596 915 1716 959 nec
1772 894 1914 959 sine
1957 894 2205 977 pudore
2247 895 2343 959 fa-

402 981 517 1056 616,
563 995 637 1045 ut
680 975 917 1044 delicta
967 979 1169 1045 istaec
1213 986 1329 1044 tua
1374 988 1509 1044 tam
1563 979 1855 1063 praecise
1899 1001 2200 1064 urgeam:
2258 1002 2343 1045 ne

401 1065 877 1132 accusationem
921 1065 1131 1148 magis
1175 1066 1499 1131 instruere
1535 1064 1778 1143 videar,
1824 1085 2020 1148 quam
2063 1066 2342 1130 monito-

400 1172 541 1216 rem
599 1171 810 1235 agere.
890 1148 1027 1215 Sed
1080 1150 1236 1234 quid
1292 1151 1365 1215 in
1420 1173 1491 1216 re
1539 1158 1766 1233 aperta
1818 1150 1938 1217 tibi
1993 1149 2338 1216 blandiar?

399 1235 801 1302 Praesertim
844 1258 1047 1320 quum
1101 1258 1175 1300 eo
1228 1236 1582 1319 periclitari
1626 1236 1913 1300 maxime
1956 1247 2021 1301 te
2068 1257 2341 1321 cognos-

399 1344 542 1388 cam
559 1374 575 1401 ,
620 1319 792 1405 quod
845 1323 917 1386 in
962 1322 1413 1405 perpetrandis
1454 1320 1525 1387 id
1565 1343 1775 1407 genus
1819 1322 2145 1404 nequitiis,
2190 1343 2341 1406 per-

395 1405 549 1474 inde
594 1429 669 1473 ac
711 1408 767 1472 si
810 1406 1118 1490 quiddam
1160 1408 1484 1474 ludicrum
1527 1409 1722 1487 foret,
1770 1406 1888 1472 tibi
1935 1407 2199 1474 delicias
2242 1409 2340 1473 fa-

397 1493 536 1561 cis?
605 1493 750 1560 Hoc
794 1514 950 1577 ergo
1008 1515 1271 1560 rursum
1324 1494 1713 1576 pronuncio,
1771 1494 1875 1559 cui
1928 1492 2269 1559 infitiando
2292 1496 2341 1578 ¹)

393 1600 807 1663 nequaquam
843 1579 996 1643 eris:
1042 1579 1427 1663 religionem
1462 1578 1841 1663 plebemque
1876 1580 2024 1656 Dei,
2062 1600 2343 1662 quarum

395 1665 517 1730 tibi
574 1687 731 1731 cura
787 1663 1177 1730 demandata
1234 1675 1405 1746 erat,
1473 1688 1607 1730 non
1663 1674 1777 1730 tua
1830 1664 2023 1729 modo
2075 1665 2346 1749 ignavia

394 1751 687 1816 desertas
743 1772 1006 1834 pessum
1062 1752 1159 1815 ire
1178 1803 1193 1828 ,
1252 1750 1366 1816 sed
1410 1750 1825 1835 improbitate
1869 1751 2070 1815 etiam
2114 1750 2342 1833 nequi-

394 1839 614 1919 tiaque
679 1837 1033 1920 profligari.
1136 1834 1213 1902 Si
1275 1837 1421 1901 iure
1479 1838 1547 1902 in
1609 1836 1882 1900 militiae
1948 1833 2343 1902 desertorem

394 1921 764 2007 capitaliter
824 1922 1003 2005 leges
1082 1922 1639 2000 animadvertunt,
1717 1943 1884 2005 quae
1945 1923 2104 1986 satis
2168 1922 2345 1986 iusta

388 2029 611 2092 poena
651 2009 719 2072 in
740 2006 1173 2090 transfugam
1215 2007 1666 2085 constituatur,
1711 2007 1820 2090 qui
1855 2028 1987 2071 nou
2020 2007 2161 2072 loco
2197 2014 2342 2070 tan-

389 2103 543 2158 tum
562 2103 631 2158 et
656 2090 884 2157 ordine
911 2113 1029 2157 suo
1064 2093 1348 2169 cesserit,
1385 2094 1498 2158 sed
1536 2093 1863 2158 hostiliter
1895 2093 2094 2157 etiam
2130 2101 2344 2157 castra

388 2180 543 2262 ipsa
584 2177 863 2254 vexarit,
907 2198 1182 2260 quorum
1224 2179 1291 2241 in
1335 2177 1781 2243 defensionem
1820 2176 2200 2243 iuraverat?

570 2266 716 2348 Age
755 2283 909 2330 vero
925 2314 940 2341 ,
996 2263 1165 2328 nihil
1217 2263 1325 2329 hic
1369 2263 1637 2348 gravius
1679 2284 1874 2346 quam
1917 2263 2111 2329 officii
2154 2284 2342 2345 prae-

386 2349 809 2416 termissione
832 2356 900 2412 te
932 2347 1309 2431 delinquere
1340 2350 1667 2433 fingamus
1703 2348 2107 2432 (quanquam
2146 2347 2343 2432 longe

387 2457 583 2502 secus
619 2456 758 2499 rem
795 2434 1035 2500 habere
1070 2433 1286 2516 palam
1322 2435 1471 2517 est),
1518 2441 1675 2518 qlsot
1718 2442 1938 2499 tamen
1972 2433 2187 2499 adhuc
2216 2434 2343 2500 Dei

387 2518 884 2586 maledictiones
904 2519 1196 2602 undique
1227 2529 1294 2583 te
1324 2520 1682 2598 obsideant,
1720 2520 1950 2585 661616.
1996 2518 2141 2585 Vae
2175 2519 2341 2585 mihi

387 2607 528 2672 nisi
572 2604 1032 2688 evangelizem,
1078 2604 1332 2670 dicebat
1364 2604 1643 2669 Paulus:
1690 2626 1931 2669 munus
1967 2605 2146 2670 enim
2179 2605 2342 2671 mihi

392 2689 865 2757 demandatum
920 2696 1019 2755 est
1075 2690 1141 2774 (1
1195 2688 1342 2754 Cor.
1395 2694 1451 2768 9,
1508 2690 1631 2771 1Ἰ).
1721 2690 1814 2755 Et
1866 2711 2024 2774 qua,
2081 2712 2339 2774 quaeso,

302 2807 319 2816 -
390 2778 642 2842 maiore
699 2775 1157 2859 praerogativa
1200 2776 1342 2841 Vae
1406 2775 1585 2841 istud
1655 2775 1770 2841 abs
1825 2782 1889 2840 te
1959 2775 2341 2858 depreceris,

392 2862 570 2947 quod
621 2864 762 2945 ipse
817 2862 940 2927 sibi
986 2861 1314 2944 apostolus
1382 2860 1866 2927 denunciabat?
1956 2862 2343 2926 Debitorem

393 2948 507 3015 ille
552 2971 621 3015 se
658 2946 931 3013 eruditis
968 2947 1212 3031 pariter
1248 2957 1315 3013 et
1350 2946 1623 3013 rudibus
1656 2946 2086 3030 profitebatur
2120 2948 2339 3032 (Rom.

404 3041 453 3114 l,
510 3037 633 3117 14),
693 3033 777 3099 ad
830 3054 989 3116 quos
1041 3034 1371 3116 apostolus
1426 3033 1824 3098 mittebatur.
1919 3034 2020 3098 Tu
2071 3056 2186 3099 cur
2223 3034 2341 3099 ali-

396 3120 555 3204 quid
600 3121 819 3185 minus
869 3119 1004 3184 tuis
1050 3118 1313 3197 debeas,
1373 3119 1608 3202 quibus
1663 3120 1998 3202 episcopus
2040 3141 2111 3184 es
2153 3140 2342 3202 prae-

395 3205 650 3273 fectus?
718 3204 840 3270 Ille
873 3204 1229 3288 Ephesinis
1269 3205 1595 3270 mundum
1632 3226 1702 3271 se
1747 3205 1828 3270 ab
1862 3206 2157 3269 omnium
2192 3226 2341 3270 san-

395 3294 599 3375 guine
644 3289 1005 3356 testabatur
1048 3291 1225 3374 (Act.
1267 3293 1367 3369 20,
1407 3293 1538 3371 26),
1595 3291 1748 3373 quia
1799 3311 2137 3373 nunquam
2190 3289 2342 3356 sub—

396 3377 806 3461 terfugisset,
866 3376 1212 3458 quominus
1267 3397 1527 3441 omnem
1570 3376 1696 3440 Dei
1751 3376 2159 3441 voluntatem
2211 3375 2343 3439 illis

398 3474 757 3528 enarraret.
848 3462 948 3526 Tu
994 3483 1191 3543 quam
1235 3482 1275 3525 a
1318 3461 1636 3545 sanguine
1694 3461 2086 3526 munditiem
2142 3460 2343 3525 iacta-

398 3549 535 3626 bis,
595 3549 778 3613 cuius
823 3568 905 3612 ex
949 3567 1060 3611 ore
1103 3546 1287 3611 nulla
1345 3568 1551 3629 paene
1594 3567 1888 3630 unquam
1932 3545 2186 3631 syllaba
2228 3567 2344 3610 au-

400 3633 541 3700 dita
586 3644 713 3709 est,
774 3637 918 3711 [pag.
961 3638 1068 3712 56]
1114 3652 1281 3714 quae
1326 3632 1432 3698 vel
1484 3652 1619 3697 una
1673 3633 1745 3696 in
1798 3652 1870 3697 re
1913 3631 2185 3696 Domini
2229 3653 2342 3697 vo-

402 3720 726 3785 luntatem
771 3718 1002 3784 saltem
1047 3716 1438 3784 subobscure
1483 3716 1844 3783 indicaret?
1924 3718 2154 3800 Neque
2193 3738 2343 3783 vero

402 3826 480 3870 eo
526 3826 734 3889 usque
785 3826 936 3868 sum
978 3804 1241 3887 iniquus
1256 3854 1271 3881 ,
1326 3810 1400 3868 ut
1452 3810 1777 3886 pastorem
1834 3803 2091 3868 nullum
2132 3803 2345 3868 feren-

403 3888 565 3955 dum
605 3910 927 3967 censeam,
964 3889 1093 3955 nisi
1124 3890 1237 3972 qui
1274 3888 1840 3971 incomparabilem
1877 3888 2059 3953 illam
2092 3901 2161 3952 et
2191 3909 2346 3954 vere

402 3975 699 4043 divinam
743 3975 937 4040 Pauli
981 3976 1291 4041 virtutem
1335 3975 1584 4057 aequis,
1630 3983 1705 4039 ut
1749 3974 2003 4052 dicitur,
2049 3974 2347 4056 passibus

402 4063 491 4128 sit
513 4072 921 4144 assequutus.
986 4058 1170 4141 Quin
1191 4060 1406 4143 potius
1441 4069 1508 4125 et
1543 4060 1902 4143 permultos
1936 4060 2135 4125 fuisse
2169 4059 2343 4137 olim,

402 4157 470 4214 et
512 4146 706 4212 hodie
748 4167 888 4212 esse
933 4168 1065 4211 non
1099 4166 1338 4228 paucos
1375 4145 1534 4224 dico,
1581 4167 1713 4210 non
1747 4145 2197 4228 episcoporum
2232 4166 2347 4209 no-

402 4235 584 4298 mine
637 4232 877 4309 solum,
935 4230 1051 4297 sed
1103 4230 1297 4297 laude
1356 4232 1555 4295 etiam
1608 4229 2167 4313 admirationeque
2210 4251 2347 4294 om-

402 4320 591 4384 nium
698 4319 711 4333 ’
813 4317 1096 4397 ’6611666,
1165 4339 1440 4400 quorum
1495 4317 1825 4382 neminem
1878 4326 2101 4381 tamen
2159 4314 2347 4381 video

403 4425 634 4488 parem
676 4404 699 4468 i
750 4403 774 4467 i
818 4404 1159 4469 exstitisse.
1225 4401 1360 4468 Sed
1394 4402 1518 4467 hoc
1549 4401 1797 4466 honore
1831 4402 2181 4486 dignamur
2218 4422 2346 4481 eos,

403 4491 519 4574 qui
562 4489 688 4555 etsi
730 4488 813 4554 ad
856 4489 1155 4555 ultimam
1196 4489 1379 4553 illam
1417 4487 1884 4571 perfectionem
1925 4509 2059 4552 non
2100 4489 2347 4570 pertin-

407 4586 587 4660 gant,
634 4573 719 4641 ad
764 4595 909 4640 eam
954 4584 1175 4639 tamen
1224 4581 1490 4641 strenue
1534 4571 1939 4641 contendunt
1982 4579 2049 4637 et
2091 4574 2349 4639 enitun-

408 4676 539 4741 tur,
575 4670 651 4726 ut
688 4662 744 4727 si
779 4682 927 4728 cum
962 4661 1171 4726 Paulo
1208 4662 1346 4744 ipso
1379 4666 1855 4743 comparentur,
1892 4660 2174 4742 impares
2209 4679 2350 4724 esse

409 4747 610 4825 dicas,
644 4747 855 4831 magis
888 4767 1083 4828 quam
1120 4745 1480 4812 dissimiles.
1542 4746 1645 4810 'ru
1667 4765 1871 4827 quum
1903 4744 2155 4810 nullam
2176 4745 2352 4810 eius-

406 4832 591 4897 modi
633 4831 1127 4897 similitudinem
1165 4852 1321 4916 prae
1355 4837 1423 4896 te
1457 4832 1647 4909 feras,
1692 4831 1935 4895 mirum
1970 4838 2087 4908 est,
2128 4830 2188 4895 si
2208 4829 2352 4894 Vae

556 5107 613 5175 1)
649 5105 950 5173 inficiendo,
988 5101 1327 5157 1550-1611
1365 5102 1619 5169 (Gallum
1653 5107 1813 5171 niet).

624 5192 842 5246 Caluini
873 5207 1054 5261 opera.
1138 5189 1250 5244 Vol.
1300 5189 1356 5243 V.

4269 203 4394 266 290

2446 377 2616 442 illud
2664 378 3042 461 impendere
3096 381 3217 447 tibi
3259 401 3391 445 non
3435 384 3663 448 sentis:
3709 384 3879 466 quod
3915 408 3958 450 a
4002 408 4072 452 se
4105 409 4238 453 non
4275 410 4392 454 au-

2449 462 2643 529 debat
2686 475 2952 530 sanctus
2993 465 3123 530 Dei
3166 466 3500 548 apostolus
3558 467 3920 551 deprecari,
3981 473 4036 536 si
4094 473 4390 554 partibus

2450 548 2586 613 suis
2630 548 2955 615 defuisset.
3024 550 3170 615 Iam
3214 573 3368 618 vero
3413 552 3652 636 (qualis
3693 563 3794 619 est
3835 576 4145 638 praesens
4186 560 4389 626 eccle-

2449 634 2586 699 siae
2632 641 2781 700 11166
2825 642 3050 715 status,
3097 644 3213 701 aut
3255 638 3479 703 verius
3521 639 3742 723 ruina)
3798 642 3927 706 nisi
3982 643 4134 726 plus
4194 667 4391 727 quam

2449 739 2688 786 saxeus
2744 723 2948 801 esses',
3005 742 3233 786 eorum
3271 743 3527 806 quoque
3582 726 3846 791 fortuna
3888 731 4280 794 commoveri
4323 741 4390 797 te

2447 806 2802 887 oportebat,
2847 827 3006 889 quos
3048 807 3118 871 in
3156 807 3355 873 fidem
3398 809 3801 894 tutelamque
3843 819 4028 878 tuam
4060 812 4389 881 Dominus

2446 891 2738 956 contulit.
2810 889 3088 972 Quibus‘
3113 895 3289 957 enim
3318 894 3365 978 ¹)
3409 895 3611 961 oculis
3647 898 3888 962 otiosus
3920 906 3988 962 et
4020 900 4389 966 oscitabun-

2447 974 2569 1041 dus
2612 984 2867 1041 tantam
2909 998 3135 1042 eorum
3179 977 3430 1044 cladem
3488 982 3748 1064 aspicis,
3803 1005 4078 1065 quorum
4121 986 4243 1051 tibi
4285 1007 4388 1052 sa·

2443 1060 2652 1126 lutem
2697 1062 2859 1127 adeo
2904 1063 3175 1129 sollicite
3216 1062 3541 1130 Dominus
3585 1067 4106 1135 commendavit?
4195 1072 4387 1138 Unus

2445 1146 2504 1211 si
2560 1146 2808 1213 desidia
2865 1160 2981 1213 tua
3035 1149 3331 1232 perierit,
3392 1155 3780 1235 sanguinem
3828 1176 3864 1218 e
3904 1175 4105 1221 111666
4159 1167 4275 1222 166
4317 1180 4387 1223 66

2444 1234 2925 1315 reposciturum
2955 1235 3284 1300 Dominus
3328 1235 3539 1303 edicit.
3607 1239 4022 1323 Recognosce
4060 1242 4390 1326 paulisper

2392 1375 2398 1398 ,
2446 1337 2721 1397 6166616,
2767 1326 2928 1403 (11161
2966 1321 3102 1384 iam
3141 1322 3365 1403 paucis
3406 1321 3512 1388 his
3553 1324 3906 1404 mensibus,
3953 1327 4184 1409 quibus
4216 1329 4386 1411 epis-

2448 1405 2588 1485 copi
2646 1403 2866 1470 locum
2914 1408 3269 1488 occupasti,
3327 1409 3583 1478 animae
3640 1417 3757 1475 tua
3808 1411 4015 1493 culpa.
4053 1415 4383 1495 perierint,

2446 1497 2602 1570 quot
2637 1490 2836 1554 etiam
2860 1490 3148 1572 quotidie
3178 1501 3477 1573 pereant:
3523 1495 3580 1560 si
3608 1505 3827 1561 tamen
3858 1505 4056 1579 potes.
4124 1499 4293 1563 Nam
4331 1501 4387 1565 si

2449 1595 2680 1640 verum
2706 1585 2807 1640 est
2827 1574 2998 1658 quod
3026 1596 3145 1657 per
3175 1577 3746 1663 prophetam'(1es.
3785 1588 3841 1660 5,
3870 1582 3978 1665 14)
4006 1604 4201 1649 suum
4232 1605 4385 1650 con-

2447 1661 2745 1741 queritur
2787 1659 3144 1727 Dominus:
3205 1662 3551 1729 Infernum
3599 1675 3946 1749 propterea
3996 1668 4066 1733 in
4109 1670 4387 1735 immen-

2447 1767 2596 1810 sum
2639 1767 2711 1810 os
2755 1768 2949 1812 suum
2993 1748 3342 1830 aperuisse,
3390 1758 3458 1814 et
3499 1752 3787 1816 animam
3832 1774 4018 1818 suam
4063 1754 4386 1834 dilatasse,

2446 1841 2792 1914 propterea
2833 1833 3165 1914 captivum
3208 1833 3656 1928 esse·ductum
3689 1838 4023 1921 populum,
4068 1842 4220 1922 (1616
4250 1861 4388 1905 non

2450 1916 2750 1982 habuerit
2805 1917 3170 1982 scientiam:
3227 1920 3372 2001 quis
3427 1921 3666 1986 inferni
3722 1944 3964 2007 gurges
4021 1925 4106 1990 ad
4159 1925 4388 2011 deglu-

2447 2001 2738 2066 tiendam
2778 2003 3088 2067 miseram
3131 2003 3303 2069 hanc
3337 2015 3403 2071 61
3435 2012 3555 2072 1116
3585 2009 3860 2091 perfidia
3892 2010 4216 2092 perditam
4249 2001 4388 2094 ple-

2443 2086 2743 2152 beculam
2796 2087 3118 2154 sufficiet?
3188 2110 3356 2171 (11166
3408 2113 3543 2156 666
3589 2094 3846 2177 vulgari
3889 2089 4148 2162 inscitia
4189 2097 4386 2164 obvo-

2392 2181 2397 2192 ’
2444 2170 2586 2237 11116
2628 2181 2908 2252 tenetur,
2967 2172 3084 2238 sed
3128 2173 3464 2241 altissimis
3503 2180 3791 2244 tenebris
3842 2181 4178 2261 immersa,
4236 2204 4386 2248 ocu-

2391 2269 2396 2318 :
2446 2256 2545 2322 los
2591 2257 2704 2323 vix
2759 2258 2892 2321 iam
2947 2257 3247 2324 attollere
3298 2269 3526 2343 potest.
3615 2263 3811 2329 Illam
3852 2264 4246 2332 Iudaeorum
4286 2269 4310 2331 i
4356 2304 4387 2367 '.

2446 2344 2846 2422 norantiam,
2914 2364 3111 2427 quam
3167 2343 3460 2427 deplorat
3515 2348 3866 2432 propheta,
3931 2373 4081 2416 cum
4145 2372 4292 2418 saec

2447 2428 2645 2494 huius
2688 2430 2997 2494 caecitate
3042 2431 3365 2496 conferas:
3411 2432 3560 2497 illos
3596 2456 3755 2500 sane
3788 2456 3945 2517 prae
3981 2437 4114 2500 tuis
4148 2439 4388 2503 eximie

2447 2514 2740 2596 sapuisse
2796 2513 2985 2579 dices.
3076 2514 3263 2580 Adeo
3317 2518 3489 2582 nihil
3548 2520 3690 2585 istis
3754 2530 4053 2604 superest
4113 2521 4387 2587 humani

2448 2620 2697 2679 sensus,
2743 2601 3092 2683 quominus
3134 2600 3330 2684 plane
3372 2603 3852 2687 obstupuerint,
3898 2608 4027 2672 nisi
4072 2607 4242 2691 quod
4285 2609 4386 2672 ni-

2450 2685 2545 2750 hil
2591 2684 2771 2750 aliud
2813 2706 3009 2769 quam
3051 2688 3265 2769 perire
3307 2687 3538 2768 edocti,
3575 2692 3754 2756 mira
3786 2692 4105 2774 pereundi
4139 2692 4387 2775 cupidi-

2446 2777 2580 2834 tate
2623 2772 2976 2836 insaniunt.
3065 2772 3157 2836 Et
3198 2793 3404 2856 quum
3454 2776 3551 2840 ita
3604 2798 3830 2842 omnes
3886 2777 3969 2841 ad
4022 2799 4229 2842 unum

2446 2855 2752 2921 minatim
2793 2857 3070 2936 attoniti,
3116 2866 3183 2923 et
3225 2858 3408 2924 velut
3451 2862 3651 2925 exitio
3695 2883 3812 2928 suo
3856 2863 4093 2942 devoti,
4137 2884 4278 2929 sese
4315 2885 4389 2928 16

2445 2941 2832 3026 voraginem
2872 2942 3050 3008 ultro
3094 2941 3461 3032 devolvant‚
3479 2945 3538 3030 2)
3581 2946 3833 3013 instant
3873 2956 4095 3014 tamen
4132 2969 4390 3034 semper

2447 3047 2487 3090 a
2530 3038 2738 3111 tergox
2755 3029 2981 3107 furiae,
3025 3050 3191 3113 quae
3232 3032 3420 3096 novis
3463 3032 3736 3099 subinde
3781 3033 4022 3100 aculeis
4054 3036 4389 3119 instigent,

2448 3121 2518 3178 et
2558 3114 3059 3197 praecipitantes
3113 3115 3471 3199 impellant.
3562 3119 3866 3202 Denique
3921 3141 4054 3184 non
4109 3121 4238 3186 alia
4291 3130 4392 3186 est

2447 3199 2672 3278 facies,
2736 3220 2934 3282 quam
2992 3202 3049 3266 61
3100 3201 3333 3267 civitas
3387 3202 3604 3286 aliqua
3658 3216 3724 3269 et
3775 3207 3963 3289 gravi
4016 3206 4391 3288 pestilentia

2448 3293 2773 3368 correpta,
2828 3292 2896 3350 et
2953 3293 3098 3365 [pag.
3139 3293 3243 3364 57]
3304 3288 3628 3354 hostiliter
3681 3298 4088 3373 expugnata,
4147 3291 4390 3374 duplici

2446 3372 2695 3453 pariter
2734 3371 3179 3437 internecione
3223 3371 3591 3440 concideret
3633 3386 3700 3441 et
3756 3397 3885 3439 uno
3927 3376 4124 3440 simul
4165 3377 4388 3440 incen-

2450 3455 2553 3520 dio
2596 3457 2909 3521 universa
2949 3476 3025 3520 co
3286 3465 3402 3523 ret.
3489 3459 3598 3525 Ad
3640 3461 3979 3526 buccinam
4032 3460 4388 3537 excubitor,

2449 3540 2534 3606 ad
2591 3562 2775 3606 arma
2828 3548 3067 3624 pastor.
3224 3543 3337 3621 uid
3392 3544 3648 3610 cessas?
3705 3544 3862 3627 quid
3916 3544 4173 3626 torpes?
4232 3544 4389 3626 quid

2451 3626 2735 3692 dormis?
2825 3628 3006 3692 Dum
3074 3628 3369 3693 animum
3424 3631 3713 3695 externis
3768 3640 3835 3694 et
3886 3628 4053 3694 nihil
4106 3627 4190 3693 ad
4248 3648 4389 3694 rem

2447 3712 2930 3797 pertinentibus
2964 3714 3138 3779 curis
3181 3714 3521 3798 abreptum
3560 3715 3687 3782 huc
3735 3735 3871 3780 non
3903 3713 4208 3792 advertis,
4249 3734 4387 3778 om-

2448 3800 2563 3863 nia
2604 3806 2823 3882 strage
2865 3799 3105 3864 referta
3144 3806 3317 3865 sunt.
3391 3801 3518 3865 Tot
3558 3807 3802 3865 mortes
3842 3799 4127 3864 Domino
4172 3798 4384 3879 debes,

2447 3884 2677 3949 infelix
2691 3936 2709 3964 ,
2781 3885 2976 3949 toties
3034 3883 3362 3951 homicida
3417 3907 3515 3965 es,
3580 3886 3774 3950 toties
3827 3906 3977 3950 reus
4033 3886 4386 3969 sanguinis,

2450 3970 2636 4035 cuius
2678 3978 2900 4053 guttas
2943 3989 3170 4035 omnes
3213 3993 3249 4035 e
3291 3992 3494 4036 manu
3547 3980 3664 4036 tua
3704 3969 4036 4035 Dominus
4080 3972 4384 4054 requiret.

2448 4057 2542 4121 Et
2583 4056 2880 4122 sustines
2910 4055 3124 4121 adhuc
3167 4064 3424 4129 tantum
3465 4057 3713 4121 fulmen
3757 4055 4165 4140 intrepidus?
4236 4056 4388 4123 Non

2450 4140 2806 4207 exhorres?
2853 4162 2984 4206 non
3029 4142 3353 4207 turbaris?
3399 4163 3531 4207 non
3565 4143 3781 4207 animo
3816 4150 3883 4208 et
3915 4162 4179 4225 corpore
4213 4152 4389 4207 totus

2452 4226 2775 4295 concidis?
2836 4225 2896 4292 Ο
2934 4236 2999 4293 16
3032 4228 3312 4293 1111111661
3345 4228 3708 4311 praefracta
3739 4228 4226 4310 contumacique
4247 4248 4388 4294 cer-

2451 4315 2594 4379 vice
2649 4313 3005 4391 hominem,
3060 4314 3117 4378 si
3161 4312 3245 4378 ad
3286 4318 3542 4378 tantum
3585 4312 3856 4378 Domini
3899 4313 4213 4379 iudicium
4254 4332 4390 4378 non

2450 4395 2890 4465 consternari&
2904 4450 2920 4478 ,
2987 4400 3171 4466 cuius
3235 4400 3520 4482 profecto
3575 4400 3966 4483 gravitatem
4019 4398 4271 4464 coelum
4325 4408 4392 4464 61

2450 4494 2647 4564 terra,
2692 4492 2760 4549 et
2800 4485 2945 4568 ipsa
2986 4492 3173 4549 muta
3213 4485 3536 4549 elementa
3575 4505 3710 4549 non
3748 4486 4165 4550 sustinerent.
4256 4482 4394 4550 Sed

2450 4591 2687 4653 parum
2729 4570 2942 4636 adhuc
2986 4569 3156 4648 dico,
3202 4590 3404 4652 quum
3448 4577 3512 4634 te
3555 4569 3948 4637 homicidam
3991 4570 4244 4653 appello
4263 4621 4278 4647 ‚
4325 4578 4394 4633 et

2456 4668 2719 4721 tuorum
2761 4656 3172 4739 proditorem.
3263 4656 3410 4720 Hoc
3460 4656 3641 4721 enim
3681 4658 3891 4721 maius
3936 4656 4114 4720 omni
4157 4655 4393 4739 probro

2452 4742 2780 4825 flagitium
2823 4749 2940 4820 est,
2984 4738 3155 4824 quod
3197 4740 3538 4807 Christum
3578 4743 3811 4824 ipsum,
3853 4750 4169 4824 quantum
4213 4742 4282 4805 in
4325 4750 4394 4804 te

2596 5034 2654 5095 1)
2694 5032 2842 5087 Edd.
2881 5047 3012 5087 recc-
3053 5029 3185 5086 1576
3221 5048 3361 5104 seqq.
3394 5034 3534 5088 male
3567 5034 3834 5087 scribunt:
3872 5031 4013 5084 olim.

2460 5101 2663 5156 —1611
2698 5102 2968 5158 devolant.
3900 5154 3908 5161 .

4158 5028 4217 5094 2)
4259 5028 4394 5082 1576

3922 5182 3989 5236 19
