4984 5975
363 329 478 391 197

353 514 538 581 Haec
574 535 708 580 non
741 514 953 579 solum
973 535 1261 580 errorem
1293 514 1573 581 istorum
1607 517 1907 600 produnt,
1945 517 2061 583 sed
2096 518 2293 583 etiam

354 600 835 685 malignitatem
868 608 1091 666 contra
1123 601 1252 666 Dei
1286 622 1481 684 opera
1514 609 1582 667 et
1614 604 1909 682 virtutes,
1948 623 2108 687 quas
2143 623 2295 668 eum

358 685 425 751 in
474 685 724 752 sanctis
768 687 902 751 suis
944 689 1197 769 operari
1242 688 1604 770 scripturae
1657 689 2055 771 praedicant.
2156 689 2293 754 Nos

356 772 772 855 agnoscimus
827 772 1042 837 Deum
1097 771 1277 839 velut
1329 780 1706 838 nascentem
1757 776 1828 838 in
1873 773 2093 840 electis
2137 776 2292 854 suis,

361 865 429 921 et
486 857 565 923 de
619 856 724 921 dio
774 857 845 921 in
897 857 1071 922 diem
1115 865 1539 924 crescentem:
1589 859 1762 942 quod
1803 880 1921 925 nos
1963 859 2148 924 docet
2190 881 2293 925 sa-

359 942 549 1025 piens
591 943 815 1028 (Prov.
861 949 921 1021 4,
976 945 1110 1025 18):
1148 944 1501 1023 Iustorum,
1546 944 1775 1028 inquit,
1820 946 2069 1023 semita,
2108 946 2294 1028 quasi

362 1026 477 1093 lux
521 1049 816 1094 crescens
858 1029 928 1093 in
1016 1030 1331 1094 erfectum
1355 1028 1546 1094 diem.
1613 1030 1707 1095 Et
1730 1032 2015 1096 affirmat
2039 1036 2293 1114 aposto-

360 1113 465 1179 lus
488 1113 691 1196 (Phil.
724 1119 778 1193 1,
805 1113 902 1198 6):
1028 1115 1137 1179 uia
1158 1116 1268 1197 qui
1293 1116 1502 1198 eoepit
1523 1115 1592 1179 in
1626 1114 1804 1182 vobis
1848 1137 2010 1198 opus
2032 1114 2292 1195 bonum,

357 1200 651 1282 perficiet
691 1221 894 1283 usque
937 1201 1009 1265 in
1054 1200 1224 1265 diem
1251 1201 1519 1266 Domini
1543 1202 1715 1266 Iesu.
1773 1202 1899 1267 Isti
1925 1223 2054 1266 non
2084 1202 2293 1267 solum

356 1305 517 1367 opus
554 1286 684 1349 Dei
726 1285 810 1350 ad
854 1296 1111 1370 tempus
1142 1286 1607 1365 intermittunt,
1646 1286 1760 1353 sed
1803 1289 2001 1352 etiam
2044 1288 2294 1353 exstin-

356 1380 585 1454 guunt.
675 1375 792 1450 [fol.
835 1377 938 1451 19]
996 1371 1128 1453 Qui
1183 1372 1366 1455 prius
1419 1372 1603 1437 ibant
1657 1372 1738 1437 de
1793 1372 1921 1437 fide
1964 1372 2035 1437 in
2077 1372 2292 1449 fidem,

359 1455 436 1520 de
480 1457 726 1522 virtute
779 1458 851 1521 in
895 1458 1237 1536 virtutem,
1292 1463 1358 1523 ot
1407 1457 1830 1523 beatitudinis
1867 1464 2068 1541 gustu
2118 1459 2295 1523 frue-

356 1539 615 1619 bantur,
663 1563 862 1625 quum
906 1564 975 1607 se
1019 1543 1092 1606 in
1134 1543 1262 1608 Dei
1305 1564 1378 1609 co
1429 1542 1693 1608 ‘tatione
1737 1553 2142 1622 exercerent,
2187 1565 2296 1608 eos

357 1634 423 1691 et
464 1626 611 1706 fide,
659 1635 724 1692 et
764 1628 1026 1707 virtute,
1072 1636 1139 1694 et
1180 1629 1356 1693 omni
1470 1630 1530 1693 ei
1579 1630 1970 1712 cogitatione
2014 1637 2295 1694 exuunt:

358 1710 612 1778 desides
666 1721 922 1778 tantum
979 1722 1046 1778 et
1099 1723 1477 1779 veternosos
1541 1715 1613 1779 in
1677 1715 1899 1779 stratis
1964 1715 2294 1780 collocant.

360 1795 701 1878 Quomodo
737 1800 910 1865 enim
945 1802 1306 1882 profectum
1340 1800 1531 1864 illum
1564 1800 2118 1883 interpretantur?
2189 1800 2299 1864 An

358 1884 737 1948 existimant
746 1885 998 1950 animas
1011 1887 1253 1968 perfici,
1265 1906 1467 1968 quum
1480 1884 1862 1950 dormiendo
1884 1887 2270 1970 saginantur
2283 1907 2296 1950 :

358 1977 429 2033 ut
461 1970 739 2054 pingues
781 1978 849 2034 et
889 1970 1131 2036 nitidae
1174 1971 1534 2036 offerantur
1574 1972 1643 2035 in
1687 1993 1842 2037 cons
1889 1980 2106 2036 ectum
2147 1969 2297 2048 Dei,

358 2075 555 2136 quum
597 2055 676 2119 ad
716 2055 1025 2122 iudicium
1059 2056 1340 2121 sederit?
1401 2055 1480 2121 Si
1515 2057 1754 2121 micam
1787 2079 1819 2122 s
1886 2059 1942 2122 is
1964 2055 2296 2134 haberent,

360 2161 488 2204 non
542 2141 635 2204 ita
687 2161 900 2206 crasse
942 2141 1341 2207 balbutirent
1394 2142 1475 2207 de
1520 2143 1766 2206 anima:
1814 2141 1930 2207 sed
1974 2147 2297 2225 quantum

362 2224 604 2291 distant
638 2228 799 2292 coeli
835 2237 1027 2306 terra,
1067 2227 1411 2294 coelestem
1447 2227 1738 2292 animam
1773 2249 1813 2292 a
1855 2237 2112 2293 terreno
2156 2247 2298 2293 cor-

358 2331 507 2393 pore
553 2311 1015 2378 discernerent.
1103 2313 1301 2428 Ergo,
1347 2334 1551 2395 quum
1589 2312 1917 2377 desiderat
1971 2313 2299 2395 apostolus

355 2396 645 2476 dissolvi,
691 2407 758 2463 et
798 2419 941 2464 esse
983 2419 1134 2464 cnm
1189 2398 1454 2464 Christo
1509 2397 1711 2483 (Phil.
1765 2404 1817 2476 1,
1855 2399 1996 2481 23),
2042 2419 2128 2462 an
2169 2397 2300 2462 illis

354 2482 615 2548 videtur
657 2483 825 2548 velle
859 2484 1159 2560 dormire,
1203 2493 1278 2549 ut
1318 2483 1499 2548 nullo
1539 2484 1819 2566 amplius
1842 2483 2089 2549 Christi
2132 2483 2301 2549 desi-

361 2567 529 2634 derio
574 2570 915 2634 teneatur?
1006 2570 1286 2653 Nempe,
1338 2569 1461 2633 hoc
1518 2570 1641 2634 fuit
1695 2571 1837 2634 eius
1883 2569 2295 2647 desiderium,

400 2656 465 2718 ui
511 2654 756 2720 sciebat
799 2675 868 2720 se
911 2656 1109 2720 aliam
1153 2654 1666 2722 aedificationem
1713 2655 1951 2721 habere
2006 2676 2090 2719 ex
2133 2653 2295 2732 Deo,

400 2760 623 2804 omum
678 2762 811 2805 non
866 2761 1065 2805 manu
1120 2742 1386 2816 factam,
1445 2742 1501 2805 si
1545 2743 1873 2806 terrestris
1920 2740 2151 2806 domus
2195 2742 2297 2806 sui

358 2823 705 2891 habitaculi
758 2825 1236 2892 dissolveretur.
1337 2825 1627 2892 Pulchre
1696 2848 1850 2892 vero
1904 2836 2075 2892 esset
2145 2847 2298 2893 cum

359 2909 636 2991 Christo,
678 2913 789 2995 qui
834 2912 1160 2977 desineret
1199 2913 1423 2978 vivere
1470 2913 1673 2976 vitam
1718 2934 1919 2978 suam.

524 3081 749 3164 Quid?
809 3105 895 3149 an
955 3105 1086 3149 non
1133 3085 1408 3149 horrent
1450 3085 1534 3149 ad
1577 3103 1804 3151 vocem
1848 3083 2137 3164 Domini,
2183 3084 2297 3169 qui

358 3188 596 3235 vocans
653 3190 724 3234 se
780 3168 1000 3235 Deum
1058 3170 1426 3248 Abraham,
1482 3170 1668 3235 Isaac
1725 3179 1792 3235 et
1830 3169 2054 3248 Iacob,
2100 3171 2297 3235 simul

356 3255 720 3337 respondet,
757 3275 827 3321 se
862 3257 1085 3321 Deum
1120 3276 1261 3322 esse
1304 3256 1668 3321 viventium
1711 3276 1847 3320 non
1888 3264 2296 3321 mortuorum

358 3340 586 3422 (Marc.
632 3346 728 3420 12,
755 3341 909 3423 27)?
998 3342 1226 3425 Neque
1268 3342 1469 3425 igitur
1509 3341 1620 3406 ille
1665 3348 1766 3405 est
1809 3341 1902 3406 eis
1944 3341 2013 3405 in
2058 3342 2294 3421 Deum,

360 3446 569 3509 neque
609 3425 709 3490 illi
753 3436 913 3492 sunt
943 3428 1011 3491 in
1046 3426 1376 3511 populum.
1435 3425 1569 3492 Sed
1594 3428 1779 3492 aiunt
1808 3426 1971 3492 haec
1998 3434 2141 3491 tum
2184 3425 2295 3492 de-

358 3530 536 3575 mum
574 3533 733 3577 vera
772 3513 926 3591 fore,
961 3534 1162 3596 quum
1196 3514 1436 3577 mortui
1460 3513 1944 3578 suscitabuntur
1965 3511 2046 3576 ad
2070 3512 2292 3590 vit-am,

359 3617 557 3678 quum
605 3598 805 3662 etiam
859 3598 1058 3663 verba
1108 3599 1201 3664 sic
1260 3597 1570 3663 habeant:
1646 3599 1750 3663 De
1821 3598 2296 3663 resurrectione

360 3690 762 3748 mortuorum
801 3703 934 3747 non
978 3684 1228 3767 legistis
1273 3684 1444 3767 quod
1481 3682 1730 3749 dictum
1772 3682 1912 3750 est?
2000 3683 2149 3748 Non
2194 3690 2295 3748 ta-

358 3787 507 3832 men
544 3769 636 3833 sio
675 3790 744 3833 se
779 3791 862 3834 ex
907 3769 1125 3834 licant.
1197 3769 1424 3850 Quum
1446 3770 1626 3834 enim
1660 3768 1927 3834 Christo
1961 3770 2296 3854 negotium

359 3862 527 3918 esset
560 3876 714 3920 cum
748 3790 1165 3932 Sffll’duoaeis,
1201 3857 1312 3938 qui
1351 3876 1483 3919 non
1526 3855 2063 3921 resurrectionem
2107 3853 2297 3919 modo

363 3939 704 4022 negabant,
731 3939 845 4005 sed
871 3942 1245 4006 animarum
1272 3942 1523 4024 q'uoque
1546 3940 2130 4005 immortalitatem:
2170 3940 2297 4005 hoo

360 4044 485 4088 uno
532 4026 726 4090 verbo
771 4026 930 4090 duos
974 4046 1227 4091 errores
1269 4026 1564 4092 convicit.
1651 4026 1826 4091 Nam
1869 4027 1926 4092 si
1968 4025 2154 4092 Deus
2197 4026 2297 4091 vi-

362 4112 649 4175 ventium
685 4118 786 4176 est
818 4112 1019 4191 Deus,
1058 4132 1191 4176 non
1216 4119 1647 4177 mortuorum:
1686 4112 2025 4176 Abraham
2058 4118 2295 4189 autem,

360 4193 542 4261 Isaac
576 4205 647 4260 et
687 4196 911 4275 Iacob,
951 4196 1240 4263 defuncti
1278 4204 1463 4263 erant
1498 4197 1622 4261 hac
1667 4199 1836 4275 vita,
1881 4215 2085 4280 quum
2125 4198 2297 4262 Mosi

358 4279 537 4347 Deus
580 4281 972 4365 loqueretur,
1009 4283 1232 4349 dicens
1273 4304 1343 4348 se
1378 4301 1604 4346 eorum
1649 4304 1789 4348 esse
1834 4281 2072 4360 Deum,
2117 4282 2295 4346 colli-

362 4367 539 4448 gitur
579 4388 737 4452 ergo
780 4389 890 4433 cos
933 4368 1127 4434 aliam
1180 4370 1385 4433 vitam
1430 4369 1669 4432 vivere.
1758 4370 1925 4434 Esse
1969 4369 2143 4433 onim
2188 4387 2297 4432 eos

360 4462 625 4534 oportet,
663 4474 937 4535 quorum
979 4453 1163 4520 Dens
1203 4476 1273 4520 se
1318 4453 1535 4518 Deum
1569 4453 1739 4521 facit.
1829 4452 2025 4519 Unde
2059 4462 2124 4518 et
2158 4453 2296 4517 Lu-

361 4556 466 4601 cas
508 4537 720 4603 addit:
766 4536 1011 4604 Omnia
1067 4541 1244 4605 enim
1298 4539 1394 4604 illi
1437 4539 1697 4606 vivunt:
1744 4559 1880 4604 non
1922 4538 2131 4604 intelli
2179 4560 2298 4603 ens

360 4624 576 4687 omnia
598 4625 821 4690 vivere
845 4626 971 4690 Dei
995 4628 1418 4708 praesentiae,
1447 4625 1494 4708 ¹)
1519 4624 1635 4690 sed
1662 4626 1803 4690 eius
1832 4625 2093 4690 virtute.
2221 4645 2297 4690 oc

360 4728 513 4793 ergo
556 4710 976 4792 relinquitur,
1023 4712 1388 4790 Abraham,
1433 4711 1639 4789 Isaac,
1686 4719 1753 4776 et
1795 4709 2008 4788 Iacob,
2054 4711 2296 4776 vivere.

362 4790 483 4859 Cui
536 4797 900 4862 sententiae
945 4798 1191 4864 accedit
1235 4798 1397 4863 illud
1442 4796 1718 4879 apostoli
1762 4795 1984 4879 (Rom.
2038 4800 2144 4871 14,
2193 4796 2292 4879 8):

492 5102 552 5169 1)
586 5104 942 5184 praesentiae,
977 5102 1173 5156 habent
1210 5101 1551 5157 1542—1563
1588 5105 1914 5159 assentiente
1953 5103 2115 5160 Gallo
2149 5103 2211 5171 (a
2246 5103 2299 5157 la

358 5171 660 5238 presence).
716 5171 1060 5225 Rea-entiores
1092 5176 1316 5224 mentem
1349 5174 1562 5226 aectoris
1596 5175 1781 5227 minus
1815 5175 1945 5228 bene
1977 5174 2300 5241 attinyentes

358 5240 740 5294 anendm-unt:
774 5240 1094 5310 praesentia.

1874 327 2113 396 PSYC
2122 327 2822 401 HOPANNYCHIA.

3421 387 3441 421 ,
4231 341 4351 404 198

2398 515 2559 583 Sive
2592 518 2893 598 vivimus,
2931 520 3217 587 Domino
3263 523 3573 588 vivimus:
3630 524 3769 589 sive
3824 525 4160 604 morimur,
4208 526 4351 592 Do-

2398 604 2578 669 mino
2611 604 2958 669 morimur:
2998 606 3137 672 sive
3182 607 3485 687 vivimus,
3526 608 3664 675 sive
3696 611 4038 689 morimur,
4076 611 4349 677 Domini

2399 709 2641 755 sumus.
2713 689 2796 753 In
2829 688 2952 756 hoc
2988 692 3163 756 enim
3201 692 3511 758 Christus
3558 702 3855 761 mortuus
3896 702 3997 759 est
4031 704 4098 760 et
4130 717 4348 762 resur-

2398 775 2600 852 rexit,
2646 781 2723 839 ut
2756 775 2928 841 vivis
2968 775 3340 842 dominetur
3383 786 3448 842 et
3489 780 3782 845 mortuis.
3875 779 4051 862 Quid
4096 789 4351 865 poterat

2398 859 2667 925 solidius
2723 859 2888 944 erigi
2942 862 3026 926 ad
3067 863 3464 929 fulciendam
3518 864 3718 930 fidem
3766 873 4089 946 nostram,
4149 888 4349 950 quam

2400 945 2632 1023 dicere,
2671 944 3012 1011 Christum
3045 950 3320 1014 mortuis
3364 949 3728 1016 dominari?
3821 951 3968 1016 Non
4013 953 4191 1017 enim
4235 953 4348 1018 do-

2398 1031 2636 1096 minari
2676 1039 2895 1114 potest
2928 1033 3060 1097 nisi
3103 1034 3207 1099 his
3243 1035 3358 1118 qui
3401 1043 3581 1100 sunt:
3631 1057 3831 1118 quum
3862 1035 4186 1104 subiectos
4207 1059 4348 1104 esse

2404 1123 2715 1206 oporteat,
2754 1117 2864 1181 ubi
2909 1117 2996 1181 sit
3038 1119 3404 1203 imperium.

2571 1287 2745 1353 Eece
2801 1288 3000 1352 etiam
3057 1290 3507 1354 testimonium
3566 1298 3792 1355 contra
3843 1310 3953 1357 eos
4005 1293 4224 1358 ferunt
4275 1293 4345 1357 in

2401 1372 2599 1450 coelo,
2637 1392 2857 1437 coram
2895 1373 3034 1438 Deo
3075 1381 3142 1438 et
3177 1376 3427 1459 angelis
3464 1377 3622 1452 eius,
3662 1377 3918 1442 animae
3952 1386 4344 1461 martyrum,

2400 1479 2565 1541 qnae
2609 1458 2894 1524 clament
2929 1480 3087 1525 voce
3122 1480 3365 1545 magna
3398 1460 3518 1526 sub
3556 1461 3777 1526 altari:
3816 1462 4168 1545 Usquequo
4213 1465 4348 1529 Do-

2401 1545 2607 1620 mine,
2653 1565 2785 1609 non
2843 1543 3134 1610 vindicas
3191 1547 3578 1628 sanguinem
3623 1554 3922 1612 nostrum
3966 1547 4045 1626 de
4089 1549 4193 1614 his
4236 1550 4349 1631 qui

2402 1627 2705 1695 habitant
2738 1630 2807 1694 in
2849 1637 3029 1694 terra
3064 1632 3296 1716 (Apoc.
3341 1636 3399 1711 6,
3444 1632 3594 1715 10)?
3661 1633 3753 1696 Et
3790 1632 3979 1698 datae
4017 1640 4173 1698 sunt
4216 1633 4350 1698 illis

2402 1714 2605 1779 stolae
2641 1713 2841 1793 albae,
2888 1722 2955 1779 et
2996 1714 3242 1781 dictum
3286 1724 3386 1781 est
3427 1716 3560 1782 illis
3603 1727 3679 1781 ut
3721 1719 4203 1801 requiescerent
4236 1718 4350 1783 ad-

2402 1800 2533 1865 huc
2587 1806 2844 1883 tempus
2899 1804 3016 1879 [fol.
3066 1806 3173 1880 20]
3230 1801 3581 1880 modicum,
3641 1803 3845 1869 donec
3902 1804 4350 1886 compleantur

2403 1886 2700 1961 oonservi
2734 1906 2960 1951 eorum
2992 1894 3058 1951 et
3093 1888 3327 1953 fratres
3349 1909 3572 1952 eorum
3595 1890 3705 1970 qui
3727 1889 4162 1955 interficiendi
4197 1897 4352 1955 sunt

2404 1972 2573 2037 sicut
2626 1977 2693 2035 et
2742 1970 2857 2035 illi.
2948 1971 3252 2037 Clamant
3303 1981 3710 2038 mortuorum
3767 1975 4024 2039 animae
4039 2025 4055 2052 ,
4113 1974 4351 2039 dantur

2402 2056 2535 2122 illis
2588 2056 2791 2121 stolae
2850 2057 3050 2123 albae.
3141 2057 3320 2140 Quid
3360 2080 3398 2123 o
3431 2051 3708 2141 ‘spiritus
3763 2058 4122 2125 dormitorii
4161 2060 4345 2125 vobis

2402 2148 2558 2207 sunt
2598 2140 2799 2207 stolae
2843 2142 3067 2208 albae?
3124 2144 3497 2226 pulvinaria
3550 2144 3822 2221 scilicet,
3879 2147 3944 2209 in
3988 2146 4220 2228 quibus
4264 2145 4344 2209 ad

2403 2248 2705 2292 somnum
2751 2225 3086 2294 decubent.
3153 2228 3412 2294 Videtis
3466 2230 3597 2293 iam
3654 2231 3852 2295 stolas
3896 2230 4074 2295 albas
4115 2251 4345 2295 somno

2402 2334 2536 2378 non
2579 2314 2946 2377 convenire.
3015 2313 3316 2397 Vigilent
3358 2321 3643 2397 oportet,
3698 2336 3863 2398 quae
3913 2317 4005 2381 sic
4057 2316 4345 2380 indnun-

2403 2405 2531 2462 tur.
2623 2396 2819 2480 Quod
2873 2398 2932 2464 si
2975 2420 3205 2465 verum
3261 2407 3389 2478 est,
3440 2400 3617 2464 haud
3661 2397 3856 2466 dubie
3899 2400 4105 2466 stolae
4163 2401 4346 2466 albae

2402 2484 2800 2565 principium
2835 2484 3080 2568 gloriae
3116 2483 3479 2567 designant,
3525 2483 3697 2567 quod
3735 2483 3957 2550 divina
3990 2486 4345 2551 liberalitas

2402 2570 2803 2654 martyribus
2847 2571 3156 2652 impertit,
3203 2568 3406 2636 donec
3449 2577 3869 2654 exspectatur
3912 2568 4050 2636 dies
4106 2570 4343 2636 indicii.

2399 2654 2555 2720 Non
2608 2655 2786 2719 enim
2842 2676 3086 2720 novum
3143 2663 3244 2721 est
3296 2656 3369 2720 in
3423 2657 3762 2738 scripturis
3816 2655 4049 2720 stolam
4113 2656 4346 2732 albam,

2403 2739 2681 2824 gloriam
2725 2749 2792 2805 et
2831 2740 3253 2806 festivitatem
3294 2743 3578 2825 figurare
3633 2749 3700 2805 et
3759 2739 4087 2824 gaudium.
4175 2742 4349 2806 Nam

2401 2826 2471 2890 in
2520 2834 2698 2891 veste
2739 2825 3013 2892 candida
3054 2826 3380 2892 Dominus
3423 2827 3493 2890 in
3538 2827 3787 2892 visione
3831 2836 4216 2911 conspectus
4251 2839 4350 2891 est

2398 2910 2665 2977 Danieli
2708 2912 2907 2996 (Dan.
2949 2916 3005 2991 7,
3044 2912 3132 2998 9).
3222 2912 3549 2995 Apparuit
3590 2912 3713 2978 hoc
3760 2912 3986 2978 habitu
4022 2911 4347 2976 Dominus

2395 2999 2467 3062 in
2511 3004 2734 3063 monte
2782 2998 3045 3064 Thabor
3095 2999 3360 3082 (Matth.
3407 3003 3500 3074 17,
3541 3001 3626 3080 2).
3714 2998 4015 3082 'Apparet
4075 2998 4348 3082 angelus

2401 3084 2670 3149 Domini
2703 3083 2787 3150 ad
2809 3084 3184 3167 sepulcrum
3207 3084 3590 3149 mulieribus
3611 3085 3684 3148 in
3708 3091 3888 3149 veste
3908 3085 4056 3149 alba
4079 3084 4345 3167 (Matth.

2403 3173 2505 3247 28,
2545 3171 2631 3251 3).
2722 3171 3063 3254 Apparent
3115 3168 3340 3234 eadem
3385 3170 3600 3252 specie
3644 3169 3860 3253 angeli
3903 3169 4237 3252 discipulis
4278 3170 4351 3234 in

2402 3256 2658 3321 coelum
2680 3256 3192 3338 respicientibus,
3226 3262 3375 3339 post
3393 3255 3668 3320 Domini
3704 3257 4147 3321 ascensionem
4172 3255 4348 3336 (Act.

2408 3345 2461 3420 1,
2506 3341 2634 3425 10).
2721 3340 2977 3406 Eadem
3029 3340 3154 3405 fuit
3207 3342 3454 3424 species
3506 3340 3726 3424 angeli
3774 3342 4146 3423 apparentis
4187 3339 4345 3405 Cor-

2399 3426 2574 3491 nelio
2605 3425 2781 3509 (Act.
2824 3431 2921 3503 10,
2963 3426 3092 3510 30).
3160 3426 3253 3491 Et
3285 3447 3487 3508 quum
3517 3425 3672 3504 filio,
3706 3425 3817 3507 qui
3852 3424 4164 3508 dissipata
4198 3425 4351 3489 sub-

2399 3512 2643 3577 stantia
2683 3510 2767 3575 ad
2818 3519 3077 3595 patrem
3119 3532 3423 3577 reversus
3465 3519 3635 3588 erat,
3682 3508 3938 3575 reddita
3980 3517 4079 3574 est
4137 3510 4351 3591 prima

2401 3597 2595 3676 stola,
2643 3597 3012 3682 symbolum
3055 3598 3180 3661 fuit
3218 3596 3440 3681 gaudii
3484 3604 3551 3660 et
3593 3595 3967 3661 festivitatis
4011 3595 4202 3674 (Luc.
4249 3598 4346 3671 15,

2403 3685 2534 3765 22).
2622 3682 2899 3761 Deinde,
2944 3683 2999 3749 si
3044 3682 3411 3747 clamabant
3453 3692 3855 3746 mortuorum
3902 3680 4177 3754 animae,
4215 3699 4346 3742 non

2402 3767 2824 3833 dormiebant.
2882 3766 3162 3849 Quando
3195 3768 3403 3852 igitur
3435 3768 3561 3832 isto
3598 3786 3826 3848 sopore
3860 3761 4165 3847 perfundi
4199 3784 4342 3828 coe-

2399 3853 2684 3938 perunt?
2774 3853 3001 3938 Neque
3044 3854 3211 3918 mihi
3254 3851 3561 3918 obtrudat
3602 3850 3940 3933 quispiam,
3985 3847 4158 3931 quod
4194 3869 4342 3913 san-

2400 3940 2550 4024 guis
2594 3939 2763 4005 Abel
2807 3937 3129 4006 clamabat
3172 3938 3255 4004 ad
3290 3937 3527 4004 Deum.
3595 3936 3911 4020 Vulgaris
3954 3946 4181 4018 tropus
4226 3943 4343 4013 est,

2399 4026 2628 4103 fateor,
2672 4047 2811 4090 rem
2852 4026 3062 4108 ipsam
3101 4024 3310 4108 loqui:
3357 4021 3700 4105 sanguinis
3745 4020 4150 4097 effusionem,
4196 4021 4344 4087 vin·

2402 4111 2640 4177 dictam
2683 4111 3032 4194 postulare.
3121 4111 3268 4175 Hoc
3304 4131 3457 4176 vero
3498 4109 3571 4172 in
3613 4106 3772 4184 locO,
3818 4106 4127 4172 affectum
4169 4127 4346 4170 mar-

2400 4205 2631 4282 tyrum
2662 4219 2782 4281 per
2814 4198 3164 4261 clamorem
3202 4195 3392 4261 nobis
3426 4193 3902 4275 repraesentari
3934 4199 4190 4258 certum
4225 4199 4343 4267 est,

2401 4282 2572 4366 quod
2616 4304 2841 4349 eornm
2887 4281 3282 4347 desiderium
3326 4282 3468 4344 sine
3517 4279 3655 4343 ulla
3695 4279 3910 4362 figura
3951 4278 4346 4360 exprimitur

2401 4379 2470 4433 et
2514 4371 2743 4451 petitio
2788 4366 3193 4433 describitur.
3282 4366 3634 4446 Usquequo
3690 4363 3976 4429 Domine
4019 4384 4153 4428 non
4197 4363 4345 4428 vin-

2401 4454 2599 4533 dicas,
2644 4462 2762 4520 etc.
2853 4451 3075 4534 Quare
3118 4455 3188 4517 in
3232 4449 3459 4517 eodem
3495 4450 3662 4514 libro
3695 4449 4000 4515 Ioannes·
4021 4447 4346 4531 duplicem

2366 4541 2941 4627 ,resurrectionem
2975 4536 3278 4621 prodidit,
3321 4533 3861 4618 quemadmodum
3906 4544 4182 4599 mortem
4227 4531 4347 4598 du-

2400 4625 2635 4709 plicem
2705 4625 2935 4707 (Apoc.
2987 4629 3087 4699 20,
3139 4628 3174 4683 5
3227 4622 3361 4703 ss.).
3472 4620 3802 4685 Nimirum
3866 4621 4148 4704 priorem
4206 4620 4346 4683 ani-

2400 4732 2567 4788 mae,
2611 4719 2763 4777 ante
2808 4708 3150 4775 iudicium:
3199 4708 3499 4784 alteram,
3546 4727 3748 4789 quum
3792 4726 4027 4788 corpus
4070 4706 4345 4771 suscita-

2401 4795 2610 4873 bitur,
2668 4806 2735 4861 et
2786 4816 2987 4878 quum
3043 4795 3264 4856 anima
3304 4812 3562 4874 quoque
3618 4792 4038 4859 suscitabitur
4079 4791 4152 4854 in
4206 4790 4347 4873 glo-

2400 4883 2588 4946 riam.
2679 4881 2904 4959 Beati,
2957 4880 3202 4960 inquit,
3259 4879 3370 4960 qui
3423 4876 3669 4942 habent
3710 4884 3966 4960 partem
4017 4877 4088 4941 in
4127 4895 4349 4939 resur-

2400 4970 2691 5033 rectione
2733 4967 2970 5049 prima:
3017 4965 3090 5028 in
3133 4964 3257 5042 his,
3298 4960 3580 5029 secunda
3613 4983 3789 5028 mors
3833 4983 3968 5026 non
4014 4960 4212 5026 habot
4252 4959 4348 5025 lo-

2401 5075 2569 5120 cum.
2659 5053 2895 5134 Itaque
2937 5049 3123 5114 vobis
3169 5048 3572 5114 horrendum
3617 5057 3745 5127 est,
3791 5048 3903 5131 qui
3945 5047 4226 5128 primam
4268 5044 4350 5108 il-

2400 5140 2536 5206 lam
2579 5136 3125 5203 resurrectionem
3168 5156 3522 5219 agnoscere
3577 5156 3709 5199 non
3751 5131 3984 5208 vultis,
4041 5151 4205 5213 quae
4249 5138 4350 5193 ta-

2404 5246 2558 5290 men
2604 5243 2774 5289 unus
2817 5222 3154 5305 ingressus
3194 5228 3294 5286 est
3336 5220 3418 5285 ad
3461 5221 3720 5285 beatam
3762 5217 4053 5301 gloriam.

3827 5316 3893 5367 13
3911 5315 3940 5345 '⁸'
