4984 5975
375 321 491 383 201
762 340 769 347 ·
1884 313 2835 382 PSYOHOPANNYOHIA.
4237 322 4362 384 202

372 504 467 570 illi
509 526 768 571 mecum
813 505 962 583 sint,
1006 512 1082 569 ut
1122 502 1392 568 videant
1433 503 1800 570 claritatem
1844 524 2075 582 meam,
2123 525 2318 588 quam

374 590 611 657 dedisti
654 590 820 655 mihi
864 591 1123 675 (Ioann.
1170 593 1264 669 17,
1305 590 1434 674 24).

542 712 737 776 Hanc
778 711 985 795 igitur
1025 708 1252 787 fidem,
1312 708 1615 774 omnibus
1667 709 2060 793 prophetiis,
2116 730 2318 775 evan-

455 798 580 863 lica
636 798 942 873 veritate,
1001 795 1266 862 Christo
1319 795 1459 877 ipso
1519 794 1867 861 subnixam
1886 846 1901 872 ,
1962 804 2316 861 teneamus,

432 885 697 966 piritum
752 882 1109 966 imaginem
1166 901 1307 946 esse
1350 880 1508 958 Dei,
1565 882 1777 945 instar
1832 882 2021 946 cuius
2078 882 2317 965 vigeat,

375 968 716 1052 intelligat,
752 978 1057 1033 aeternus
1089 967 1192 1031 sit.
1263 964 1594 1046 Quamdiu
1627 967 1698 1030 in
1731 986 1999 1049 corpore
2030 977 2148 1044 est,
2188 969 2319 1034 vir-

375 1062 550 1120 tutes
592 1075 746 1119 suas
790 1072 1117 1118 exserere:
1164 1073 1366 1134 quum
1410 1074 1492 1115 ex
1536 1051 1648 1116 illo
1693 1052 2024 1134 ergastulo
2065 1052 2317 1136 egredi-

371 1150 496 1217 tm,
542 1139 627 1204 ad
669 1139 888 1204 Deum
932 1141 1234 1221 migrare,
1280 1138 1464 1202 cuius
1509 1157 1703 1202 sensu
1747 1139 2017 1202 interim
2059 1139 2317 1217 fruitur,

373 1224 529 1289 dum
573 1227 644 1289 in
689 1245 803 1307 spe
845 1224 1073 1289 beatae
1116 1223 1612 1288 resurrectionis
1666 1222 2030 1304 requiescit.
2121 1223 2319 1290 Hanc

370 1311 681 1393 requiem,
722 1309 823 1374 illi
866 1331 1007 1374 esse
1050 1308 1446 1392 paradisum.
1513 1305 1834 1390 Spiritum
1871 1329 2027 1375 vero
2060 1310 2320 1392 reprobi

370 1396 676 1467 hominis,
714 1394 873 1460 dum
911 1395 1199 1462 terribile
1234 1392 1546 1458 iudicium
1580 1394 1653 1458 in
1689 1413 1760 1457 se
1796 1402 2147 1477 exspectat,
2186 1405 2318 1460 tor-

371 1481 555 1565 queri
598 1480 713 1544 illa
754 1481 1252 1564 exspectatione,
1298 1499 1493 1562 quam
1536 1479 1786 1543 Paulus
1814 1480 1864 1562 ¹)
1921 1481 2001 1545 ob
2036 1480 2103 1545 id
2140 1485 2318 1563 φοβε-

375 1566 506 1650 ρὰν,
539 1566 605 1631 id
645 1574 765 1645 est,
800 1565 1273 1631 formidabilem
1295 1565 1556 1630 vocavit
1591 1563 1821 1644 (Hebr.
1869 1571 1963 1643 10,
2004 1568 2132 1645 27).
2201 1567 2319 1633 Ul-

373 1662 479 1717 tra
518 1653 865 1735 inquirere,
912 1673 983 1716 se
1025 1653 1417 1735 immergere
1461 1658 1562 1714 est
1603 1650 1672 1713 in
1718 1648 2027 1735 abyssum
2070 1664 2318 1737 mysoe-

374 1738 615 1802 riorum
650 1737 806 1803 Dei:
853 1759 1053 1820 quum
1097 1738 1257 1801 satis
1297 1736 1386 1801 sit
1427 1733 1749 1814 didicisse,
1796 1736 1971 1818 quod
2005 1739 2165 1803 satis
2201 1737 2319 1804 ha-

374 1821 513 1888 buit
555 1822 849 1889 docuisse
893 1822 1162 1905 spiritus
1204 1824 1488 1904 optimus
1522 1822 1854 1904 magister.
1922 1821 2132 1888 Cuius
2166 1845 2317 1888 ver-

373 1907 529 1973 bum
574 1916 704 1973 est:
751 1907 996 1973 Audite
1029 1930 1152 1986 me,
1200 1919 1267 1971 et
1303 1908 1482 1972 vivet
1515 1908 1735 1971 anima
1767 1913 2008 1973 vestra.
2067 1913 2183 1987 [fol.
2212 1914 2321 1988 23]

371 1992 586 2075 Quam
630 1994 742 2058 ille
776 1995 1123 2077 sapienter,
1168 2014 1323 2076 prae
1359 1993 1633 2057 istorum
1669 1992 2318 2075 vaniloquentissima

372 2079 774 2164 arrogantia:
821 2079 1157 2145 Iustorum
1197 2079 1455 2142 animae
1499 2079 1569 2140 in
1613 2098 1815 2142 manu
1857 2078 1987 2143 Dei
2032 2087 2205 2158 sunt,
2253 2092 2319 2145 et

372 2185 501 2230 non
544 2173 775 2248 tanget
823 2164 971 2231 illos
1014 2173 1413 2228 tormentum
1458 2164 1704 2228 mortis.
1773 2163 1922 2228 Visi
1965 2176 2120 2229 sunt
2163 2185 2314 2231 ocu-

372 2249 451 2316 lis
490 2251 918 2332 insipientum
961 2250 1159 2328 mori,
1217 2249 1317 2313 illi
1370 2257 1590 2313 autem
1635 2258 1791 2312 sunt
1831 2250 1904 2313 in
1945 2269 2135 2332 pace,
2192 2259 2310 2316 etc.

372 2335 499 2401 Hic
540 2336 695 2402 finis
738 2344 842 2400 est
883 2346 1145 2401 nostrae
1181 2335 1559 2417 sapientiae,
1605 2354 1787 2415 quae,
1834 2342 1911 2398 ut
1944 2335 2161 2400 sobria
2195 2345 2312 2415 est,

375 2432 439 2486 et
472 2423 616 2487 Deo
661 2422 980 2500 subiecta,
1041 2422 1135 2485 ita
1184 2421 1374 2486 novit
1425 2440 1535 2486 eos
1579 2418 1691 2501 qui
1735 2438 1934 2501 supra
1976 2442 2047 2485 se
2089 2421 2314 2486 nitun-

374 2515 494 2585 tur,
539 2527 801 2590 semper
845 2526 1166 2572 corruere.

536 2642 731 2708 Nunc
776 2662 979 2708 cunas
1021 2643 1445 2720 excutiemus,
1491 2642 1562 2707 in
1603 2641 1838 2724 quibus
1882 2643 2125 2726 sopitas
2170 2644 2313 2707 ani-

373 2747 508 2793 mas
553 2733 977 2811 componunt:
1017 2735 1083 2792 et
1126 2748 1416 2812 papaver
1450 2726 1798 2805 diluemus,
1838 2727 2007 2809 quod
2053 2727 2182 2793 illis
2229 2729 2311 2794 ad

375 2813 844 2880 conciliandum
874 2835 1176 2879 somnum
1197 2815 1565 2898 propinant.
1607 2813 2097 2879 Circumferunt
2136 2815 2311 2879 enim

374 2899 610 2983 aliquot
645 2900 1004 2983 scripurae
1041 2899 1230 2977 locos,
1267 2900 1380 2983 qui
1418 2899 1731 2964 videntur
1764 2899 1874 2964 isti
1911 2920 2136 2965 somno
2174 2901 2310 2965 suf-

370 2984 636 3071 fragari:
694 2998 868 3064 tum,
926 2987 1113 3070 quasi
1167 2985 1249 3051 ad
1304 2985 1624 3069 liquidum
1681 2985 1986 3051 dormitio
2037 2987 2311 3070 probata

373 3072 468 3150 sit,
512 3069 872 3136 fulminant
912 3071 982 3135 in
1007 3093 1134 3150 eos,
1181 3073 1291 3155 qui
1334 3093 1468 3137 non
1509 3073 1731 3138 statim
1775 3073 1976 3136 errori
2005 3093 2121 3136 suo
2157 3092 2310 3138 con-

372 3157 675 3222 sentiunt.
766 3154 1104 3222 Obiiciunt
1155 3158 1440 3240 primum
1484 3180 1614 3223 non
1661 3157 1861 3223 aliam
1919 3157 2167 3222 homini
2208 3159 2309 3222 in-

370 3241 576 3307 fusam
620 3241 910 3308 animam
933 3264 972 3306 a
993 3242 1156 3321 Deo,
1202 3263 1397 3326 quam
1435 3264 1606 3327 quae
1645 3243 1736 3307 sit
1782 3242 1878 3306 illi
1915 3262 2062 3307 cum
2085 3243 2308 3310 bestiis

372 3328 670 3393 omnibus
690 3329 1070 3393 communis.
1117 3325 1443 3394 Omnibus
1454 3330 1629 3394 enim
1652 3350 1736 3395 ex
1767 3348 1972 3411 aequo
1984 3329 2309 3411 scriptura

372 3414 666 3479 attribuit
699 3414 987 3478 animam
1022 3415 1371 3479 viventem.
1435 3413 1531 3480 Ut
1563 3436 1765 3498 quum
1802 3413 2066 3479 dicitur:
2105 3413 2306 3479 Orea-

370 3498 462 3564 vit
494 3500 682 3564 Deus
717 3505 856 3565 cete
1014 3498 1187 3578 ndia,
1226 3507 1295 3564 et
1336 3520 1597 3565 omnem
1637 3500 1925 3566 animam
1968 3500 2303 3565 viventem

372 3583 564 3668 (Gen.
600 3589 656 3662 1,
686 3585 817 3670 21).
946 3593 1112 3665 tem,
1156 3585 1329 3650 Bina
1386 3606 1471 3650 ex
1517 3587 1695 3651 omni
1762 3607 1988 3664 carne,
2047 3586 2118 3649 in
2177 3606 2305 3669 qua

370 3678 506 3735 erat
549 3670 823 3753 spiritus
859 3671 996 3736 vita
1038 3671 1237 3753 (Gen.
1288 3675 1345 3750 7,
1391 3673 1528 3756 15):
1575 3682 1643 3736 et
1686 3670 1817 3736 alia
1859 3670 2147 3737 eiusdem
2191 3692 2305 3755 ge-

368 3756 553 3822 neris.
613 3756 706 3821 Et
728 3756 785 3821 si
814 3778 941 3820 nus
984 3777 1140 3821 uam
1165 3779 1388 3823 sacrae
1422 3758 1650 3822 literae
1674 3757 2146 3835 meminissent,
2185 3779 2303 3822 nos

370 3847 584 3906 tamen
627 3839 871 3924 liquide
915 3863 955 3906 a
1069 3843 1250 3907 oneri
1295 3844 1376 3908 ab
1422 3843 1732 3926 apostole,
1788 3843 2079 3908 animam
2120 3842 2303 3908 illam

372 3926 693 3993 viventem
746 3925 913 3990 nihil
967 3926 1229 3993 differre
1287 3948 1327 3992 a
1381 3930 1714 4013 praesenti
1768 3930 1931 4006 vita,
1988 3949 2118 4011 qua
2161 3949 2301 3994 cor-

368 4031 486 4094 pus
533 4012 657 4080 hoc
695 4019 1060 4097 vegetatur.
1121 4013 1341 4079 Verba
1384 4022 1565 4080 sunt:
1625 4012 2004 4079 Seminatur
2047 4014 2117 4078 in
2161 4035 2302 4080 cor·

366 4099 679 4181 ruptione,
725 4105 952 4182 surget
992 4100 1062 4163 in
1106 4100 1618 4183 incorruptione:
1678 4100 2041 4165 seminatur
2083 4100 2155 4162 in
2199 4100 2301 4163 in-

364 4182 701 4263 firmitate,
761 4190 989 4267 surget
1029 4184 1099 4248 in
1144 4186 1420 4251 virtute:
1479 4186 1841 4251 seminatur
1882 4205 2116 4268 corpus
2158 4184 2300 4249 ani-

364 4268 557 4346 male,
620 4278 849 4353 surget
901 4270 1257 4352 spirituale.
1359 4269 1928 4352 Quemadmodum
1984 4270 2300 4352 scriptum

363 4361 475 4433 est,
520 4354 767 4421 Factus
811 4364 912 4420 est
955 4357 1204 4438 primus
1249 4356 1464 4422 Adam
1510 4358 1579 4422 in
1622 4358 1910 4421 animam
1944 4356 2296 4434 viventem,

362 4441 751 4506 novissimus
807 4441 874 4504 in
932 4441 1237 4524 spiritum
1296 4442 1733 4508 vivificantem
1788 4446 1849 4525 (1
1894 4439 2041 4506 Cor.
2086 4445 2179 4519 15,
2216 4444 2297 4504 42

360 4524 489 4608 sa).
576 4526 823 4593 Fateor
888 4526 1176 4592 animam
1241 4528 1570 4594 viventem
1640 4549 1773 4592 non
1839 4526 2042 4591 semel
2108 4527 2299 4591 attri-

365 4608 586 4676 butam
639 4612 897 4690 bestiis‚
954 4613 1108 4694 quia
1161 4621 1227 4677 et
1280 4615 1458 4698 ipsae
1512 4614 1718 4681 vitam
1776 4633 1963 4676 suam
2020 4611 2296 4696 degunt:

362 4715 582 4761 verum
628 4699 821 4764 aliter
858 4696 1008 4762 illae
1044 4699 1297 4778 vivunt,
1343 4700 1535 4765 aliter
1566 4700 1735 4765 vivit
1777 4698 1988 4763 homo.
2057 4698 2301 4762 Anima

362 4780 583 4848 vivens
628 4793 732 4851 est
771 4783 1041 4861 homini,
1088 4807 1217 4868 qua
1260 4787 1432 4870 sapit
1473 4794 1541 4851 et
1575 4784 1911 4868 intelligit:
1958 4783 2177 4847 anima
2220 4783 2298 4846 il-

356 4863 438 4930 lis
480 4869 706 4936 vivens
750 4877 880 4946 est,
941 4889 1107 4951 quae
1151 4883 1406 4936 motum
1450 4879 1517 4936 et
1559 4891 1823 4938 sensum
1871 4868 1982 4933 dat
2024 4869 2297 4951 corpori.

354 4948 573 5031 Quum
615 4956 819 5040 igitur
850 4954 1109 5019 animae
1153 4956 1437 5023 hominis
1481 4959 1639 5023 insit
1680 4958 1869 5034 ratio,
1911 4952 2299 5034 intellectus,

355 5036 660 5107 voluntas
678 5092 693 5118 ,
753 5060 920 5125 qnae
967 5040 1244 5106 virtutes
1297 5063 1432 5106 non
1476 5054 1633 5109 sunt
1680 5041 1932 5124 corpori
1975 5039 2300 5106 adnexae:

488 5225 544 5290 1)
584 5225 675 5285 Sic
709 5230 831 5284 sola
862 5231 1139 5299 princeps,
1203 5227 1495 5283 Caeterae:
1529 5230 1831 5298 apostolus.

2422 503 2589 567 nihil
2633 504 2906 582 mirum,
2963 503 3020 568 si
3064 503 3205 567 sine
3257 525 3523 587 corpore
3567 505 3908 582 subsistat,
3964 524 4086 570 nec
4139 516 4365 589 pereat

2420 589 2633 654 instar
2665 590 3027 665 brutarum,
3071 609 3234 671 quae
3270 590 3436 654 nihil
3474 589 3653 655 aliud
3686 589 3949 665 habent,
3986 612 4180 672 quam
4213 614 4362 658 sen-

2423 696 2535 740 sus
2569 694 2925 757 corporeos.
2994 673 3146 756 Qua
3179 676 3429 740 ratione
3463 697 3597 740 non
3631 676 3890 742 erubuit
3920 676 4184 756 PauluS,
4218 686 4367 761 post

2423 760 2760 826 ethnicum
2815 760 3006 824 illum
3062 769 3352 844 poetam,
3410 782 3617 845 genus
3675 783 3792 826 nos
3849 760 3976 826 Dei
4033 763 4364 845 appellare

2424 846 2600 930 (Act.
2644 851 2740 925 17,
2778 846 2909 929 28).
2998 845 3230 928 Itaque
3269 846 3419 923 iam,
3465 856 3541 912 ut
3582 848 3838 924 volent,
3884 848 4365 913 communicent

2424 930 2633 996 beluis
2679 932 2966 996 animam
3000 932 3337 997 viventem
3381 954 3531 997 cum
3574 933 3857 1009 homine,
3903 954 4103 1015 quum
4138 934 4365 999 eadem

2422 1037 2691 1098 prorsus
2733 1017 2873 1082 vita
2927 1018 3015 1081 sit
3054 1017 3385 1094 omnibus,
3442 1026 3760 1101 quantum
3805 1018 3888 1082 ad
3933 1038 4167 1101 corpus
4212 1020 4364 1084 atti-

2422 1110 2565 1166 net:
2612 1123 2844 1167 verum
2899 1124 2981 1167 ex
3035 1124 3111 1168 eo
3164 1102 3442 1186 gradum
3486 1105 3607 1169 sibi
3654 1106 3867 1169 facere
3908 1126 4046 1168 non
4094 1113 4366 1188 possunt

2425 1187 2508 1252 ad
2553 1187 3076 1253 confundendam
3117 1210 3264 1254 cum
3300 1189 3512 1253 beluis
3543 1190 3827 1255 hominis
3862 1191 4164 1255 animam.
4232 1191 4365 1255 Ne-

2423 1295 2547 1356 que
2604 1273 2766 1337 mihi
2828 1274 3184 1339 obtrudant
3239 1276 3509 1356 apostoli
3564 1275 3868 1354 verbum,
3928 1276 4094 1357 quod
4156 1278 4366 1360 magis

2424 1359 2781 1437 nobiscum,
2801 1378 2808 1383 ·
2829 1379 3022 1441 quam
3067 1372 3292 1424 contra
3324 1380 3444 1424 nos
3478 1376 3745 1444 pugnat.
3813 1361 4060 1426 Factus
4091 1375 4194 1427 est
4229 1363 4365 1445 pri-

2423 1465 2572 1508 mus
2605 1443 2817 1509 Adam
2864 1445 2937 1509 in
2980 1444 3266 1510 animam
3305 1445 3657 1526 viventem,
3704 1448 4096 1513 novissimus
4131 1448 4200 1511 in
4234 1448 4366 1530 spi-

2423 1532 2625 1594 ritum
2664 1531 3122 1596 vivificantem.
3190 1531 3318 1596 Est
3359 1533 3535 1595 enim
3583 1532 4110 1617 ant.ypophora¹)
4145 1532 4227 1597 ad
4260 1554 4367 1598 eo-

2425 1636 2600 1679 rum,
2631 1617 3107 1698 quaestionem,
3160 1617 3268 1699 qui
3326 1616 3406 1681 de
3459 1619 3932 1683 resurrectione
3993 1617 4368 1701 persuaderi

2424 1722 2560 1765 non
2602 1708 2924 1784 poterant.
3015 1700 3128 1766 Sic
3182 1703 3358 1767 enim
3411 1704 3825 1770 obiiciebant:
3882 1702 4220 1784 Quomodo
4265 1726 4367 1770 re-

2425 1795 2710 1870 surgunt
2753 1786 3040 1852 mortui?
3131 1785 3332 1868 Quali
3376 1809 3644 1872 corpore
3691 1790 3995 1855 venient?
4086 1789 4209 1854 Cui
4255 1789 4367 1855 ob-

2422 1873 2685 1938 iectioni
2740 1881 2813 1937 ut
2869 1882 3168 1938 occurrat
3224 1875 3581 1956 apostolus,
3643 1876 3735 1941 sic
3790 1897 3899 1940 eos
3950 1895 4035 1958 ag
4115 1874 4364 1941 editur:

2425 1956 2500 2022 Si
2559 1979 2682 2022 usu
2742 1957 3078 2036 discimus,
3137 1978 3361 2024 semen
3421 1959 3591 2042 quod
3645 1961 3842 2040 vivit,
3893 1983 4017 2045 quo
4117 1960 4366 2041 crescit,

2423 2043 2594 2125 quod
2637 2043 2925 2109 fructum
2969 2043 3203 2123 reddit,
3250 2046 3431 2128 prius
3474 2053 3810 2111 mortuum
3855 2069 4027 2112 esse:
4074 2068 4190 2112 cur
4232 2066 4367 2112 non

2420 2129 2635 2193 instar
2689 2131 2952 2195 seminis
3009 2150 3240 2212 corpus
3294 2131 3464 2212 quod
3508 2138 3840 2197 mortuum
3894 2133 4092 2197 fuerit
4144 2153 4362 2197 resur-

2422 2235 2578 2298 gere
2623 2215 2881 2297 potest?
2971 2216 3079 2294 Et,
3127 2216 3184 2280 si
3228 2216 3482 2281 nudum
3526 2239 3601 2282 ac
3646 2218 3890 2284 siccum
3934 2240 4217 2301 granum
4260 2239 4361 2283 se-

2421 2306 2707 2364 mentem
2765 2305 2882 2380 [fol.
2922 2305 3030 2379 24]
3082 2302 3285 2366 refert
3341 2302 3739 2382 uberiorem,
3798 2310 4140 2386 postquam
4193 2325 4366 2368 mor-

2421 2394 2611 2449 tuum
2645 2385 2893 2465 fuerit,
2941 2387 3187 2452 virtute
3243 2387 3525 2453 mirabili
3577 2410 3777 2473 quam
3829 2388 3924 2452 illi
3969 2390 4152 2454 Deus
4194 2389 4366 2454 indi-

2421 2470 2547 2534 dit:
2594 2492 2712 2538 cur
2755 2493 2887 2537 non
2931 2471 3161 2537 eadem
3204 2474 3331 2537 Dei
3375 2474 3622 2539 virtute
3665 2494 3900 2557 corpus
3945 2473 4365 2539 suscitabitur

2418 2556 2654 2621 melius
2690 2577 2886 2639 quam
2930 2569 3263 2623 mortuum
3306 2553 3562 2623 fuerat?
3650 2560 3743 2624 Et
3785 2582 3868 2625 ne
3911 2559 4124 2625 adhuc
4166 2561 4362 2625 mire-

2418 2642 2542 2707 ris:
2590 2643 2764 2707 unde
2799 2643 2966 2708 vivit
2998 2643 3213 2722 homo,
3258 2644 3386 2709 nisi
3432 2646 3587 2727 quia
3627 2644 3944 2711 formatus
3980 2653 4080 2710 est
4113 2647 4184 2710 in
4223 2646 4363 2710 ani-

2416 2748 2595 2791 mam
2618 2729 2995 2794 viventem?
3054 2729 3237 2795 Haec
3268 2736 3490 2794 tamen
3524 2731 3761 2809 anima,
3798 2730 4063 2796 tametsi
4093 2730 4174 2795 ad
4197 2739 4365 2795 tem-

2415 2833 2541 2894 pus
2587 2813 2821 2878 molem
2868 2816 3154 2897 corporis
3199 2816 3406 2898 agitat
3459 2836 3535 2879 ac
3588 2818 3900 2895 sustinet,
3957 2838 4086 2881 non
4141 2824 4361 2881 tamen

2417 2896 2531 2962 dat
2565 2898 2664 2962 illi
2698 2899 3252 2966 immortalitatem
3289 2908 3406 2966 aut
3434 2902 4010 2984 incorruptionem:
4048 2909 4115 2967 et
4136 2923 4362 2987 quam-

2417 2983 2530 3050 diu
2575 2985 2769 3049 etiam
2817 3009 3002 3051 suam
3046 2987 3185 3053 vim
3229 2989 3491 3066 exserit,
3537 3008 3671 3053 non
3711 2997 3932 3054 tamen
3966 3010 4085 3071 per
4118 3009 4188 3053 se
4220 2989 4363 3071 ipsa

2415 3071 2691 3151 sufficit,
2747 3072 2888 3137 sine
2942 3071 3352 3139 adminiculis
3407 3074 3564 3152 cibi',
3621 3082 3844 3157 potus,
3901 3075 4138 3153 somni,
4194 3094 4361 3157 quae

2414 3156 2607 3240 signa
2651 3165 2808 3222 sunt
2849 3159 3316 3242 corruptionis:
3364 3179 3484 3224 nec
3519 3167 3926 3225 constantem
3962 3160 4060 3224 illi
4096 3179 4171 3226 ac
4207 3181 4362 3226 con-

2412 3242 2736 3307 tinentem
2781 3241 2896 3307 dat
2937 3253 3212 3322 statum,
3271 3246 3430 3328 quin
3471 3245 3616 3310 aliis
3659 3252 3854 3329 atque
3898 3245 4044 3310 aliis
4085 3245 4361 3311 inclina-

2411 3326 2705 3392 tionibus
2750 3329 3111 3396 subiectum
3156 3330 3258 3393 sit.
3326 3330 3460 3396 Ubi
3505 3338 3726 3396 autem
3760 3330 4067 3396 Christus
4102 3352 4222 3395 nos
4258 3343 4359 3395 se-

2412 3431 2562 3476 cum
2599 3415 3024 3496 assumpserit
3061 3414 3131 3478 in
3168 3415 3462 3499 gloriam,
3499 3438 3631 3481 non
3670 3416 3884 3482 solum
3918 3416 4045 3480 erit
4078 3415 4360 3481 animale

2411 3517 2675 3579 corpus,
2736 3498 2817 3563 ab
2863 3501 3082 3564 anima
3128 3501 3561 3567 vivificatum:
3609 3500 3724 3566 sed
3767 3501 4122 3583 spirituale,
4165 3500 4357 3582 quale

2410 3604 2531 3648 nec
2575 3604 2764 3649 mens
2807 3593 3036 3650 nostra
3067 3586 3376 3669 cogitare,
3423 3606 3545 3651 nec
3577 3587 3807 3669 lingua
3839 3586 4206 3669 exprimere
4238 3606 4357 3668 po-'

2410 3675 2556 3733 test.
2627 3668 2834 3734 Vides
2889 3671 3093 3754 igitur
3135 3693 3254 3737 nos
3307 3692 3444 3736 non
3499 3670 3673 3736 aliud
3730 3672 3984 3736 futuros
4025 3671 4098 3733 in
4139 3691 4355 3735 resur-

2409 3754 2718 3833 rectione,
2766 3754 2880 3821 sed
2914 3764 3137 3822 tamen
3180 3757 3371 3822 alios:
3418 3755 3611 3822 detur
3645 3757 3842 3822 verbo
3879 3756 4087 3820 venia.
4104 3755 4163 3838 ⁴²)
4230 3756 4353 3820 At-

2407 3861 2534 3922 que
2578 3839 2742 3905 haec
2781 3840 3043 3925 quidem
3089 3841 3169 3907 de
3212 3863 3479 3925 corpore
3522 3840 3694 3906 dicta
3735 3848 3918 3919 sunt,
3977 3841 4080 3904 cui
4134 3842 4356 3905 anima

2407 3926 2531 3994 8111)
2577 3925 2920 3992 elementis
2964 3927 3165 3992 huius
3209 3925 3440 3993 mundi
3484 3929 3685 3992 vitam
3731 3926 4177 3991 administrat:
4239 3927 4352 3992 ubi

2407 4016 2630 4075 autem
2675 4014 2720 4077 fi
2932 4013 3134 4079 huius
3176 4014 3408 4079 mundi
3452 4012 3887 4096 praeterierit,
3943 4012 4353 4096 participatio

2403 4096 2649 4180 gloriae
2764 4099 2826 4163 ei
2869 4097 2939 4163 id
2982 4119 3184 4182 supra
3217 4108 3524 4186 naturam
3559 4097 3810 4163 evehet.
3868 4097 4206 4162 Habemus
4239 4119 4352 4163 ve-

2404 4203 2558 4246 rum
2604 4205 2678 4249 ac
2723 4205 3111 4267 germanum
3156 4184 3430 4268 apostoli
3472 4205 3758 4248 sensum.
3847 4184 3931 4248 In
3974 4204 4101 4266 quo
4144 4184 4351 4268 expli-

2405 4266 2612 4334 cando
2655 4291 2855 4352 quum
2900 4271 3126 4353 lapsus
3170 4280 3341 4336 esset
3381 4269 3793 4353 Augustinus
3837 4269 3944 4353 (ut
3977 4290 4153 4334 nunc
4188 4270 4346 4355 isti),

2405 4375 2694 4419 errorem
2737 4363 2966 4438 postea
3020 4356 3323 4441 agnovit,
3381 4376 3455 4420 ae
3510 4354 3794 4420 correxit
3835 4356 4010 4419 inter
4053 4376 4203 4420 suas
4245 4375 4349 4420 re-

2403 4440 2859 4506 tractationes:
2878 4444 2934 4523 ⁸)
2996 4449 3063 4507 et
3116 4441 3273 4507 alibi
3316 4440 3515 4505 etiam
3556 4439 3765 4504 multo
3811 4441 4097 4523 apertius
4139 4438 4207 4504 id
4249 4441 4348 4524 ip·

2405 4545 2551 4591 sum
2611 4533 2868 4592 tractat.
2968 4527 3076 4592 Ex
3134 4548 3261 4610 quo
3313 4525 3454 4591 loco
3517 4545 3727 4608 pauca
3790 4526 4347 4592 transscribemus.

2404 4610 2653 4675 Anima
2709 4611 2782 4676 in
2838 4631 3105 4696 corpore
3159 4611 3426 4678 animali
3470 4611 3639 4678 vivit
3694 4610 3983 4694 quidem:
4045 4611 4159 4676 sed
4215 4632 4350 4677 non

2404 4695 2699 4762 vivificat
2735 4718 2943 4782 usque
2966 4697 3048 4762 ad
3073 4694 3492 4762 auferendam
3526 4698 4031 4780 corruptionem.
4088 4696 4174 4760 In
4207 4718 4348 4763 cor-

2400 4801 2561 4864 pore
2604 4803 2761 4847 vero
2806 4783 3118 4866 spiritali,
3176 4781 3434 4864 qnando
3478 4780 3842 4848 adhaerens
3887 4783 4168 4866 perfecte
4211 4782 4348 4847 Do-

2548 4953 2605 5018 1)
2647 4953 2998 5008 Recmiores
3032 4949 3197 5016 (1576
3219 4955 3391 5021 seqq.)
3428 4952 3527 5007 hoc
3572 4953 3889 5008 vocabulum
3919 4952 4110 5005 ran'm
4131 4951 4343 5005 obvium

2408 5022 2730 5090 iqnorantes
2761 5024 2877 5078 scri
2912 5027 3126 5075 amnt.-
3172 5021 3561 5090 antipophora,
3606 5038 3769 5091 quum
3813 5018 4095 5075 emendare
4136 5018 4343 5074 debui-3·

2409 5097 2554 5144 sent:
2598 5091 2875 5161 anthypop
2917 5106 3029 5145 ora.
3105 5088 3301 5144 Gallus
3343 5091 3472 5171 bene
3516 5093 3705 5145 vertit.-
3750 5088 3894 5144 C‘est
3935 5103 4039 5141 une
4085 5102 4345 5156 response

2412 5163 2445 5214 a
2488 5158 2811 5214 l‘obiection.
3016 5157 3076 5224 2)
3115 5158 3200 5212 Sic
3245 5158 3482 5279 leguntur
3515 5158 3880 5213 Tertullianus
3927 5163 3984 5208 et
4016 5155 4344 5236 Augustinus

2415 5229 2571 5297 epist.
2605 5227 2656 5282 3.
2692 5228 2760 5282 ad
2796 5226 3079 5282 Fortunat.
3333 5230 3355 5292 )
3395 5227 3522 5296 Cap.
3559 5225 3644 5281 10.
3675 5225 3847 5294 Epist.
3884 5220 4002 5276 146.
4037 5224 4343 5278 Consentio.

4874 5145 4889 5720 -.-.----.-ᾼ--.---.-.ᾗ
4883 5019 4891 5098 ---,
4887 4949 4890 4966 „A
4889 4641 4890 4676 ⁴„
