4984 5975
2070 330 2808 399 PROLEGOMENA.
4136 338 4463 408 XXXIX

445 519 551 585 ita
594 518 927 587 dicendae.
1025 520 1163 587 Eas
1218 522 1288 586 in
1341 520 1577 586 itinere
1629 520 1845 587 italico
1901 540 2073 586 anno
2122 522 2286 584 1536
2343 529 2643 606 suscepto
2695 521 3050 591 Calvinum
3105 522 3442 607 scripsisse
3495 523 3655 589 dicit
3698 498 4171 608 Colladonius,⁴
4203 529 4274 594 in
4317 531 4460 597 eius

435 632 585 700 vita
627 632 861 717 gallice
900 630 1089 698 edita.
1181 632 1440 714 Quibus
1481 653 1640 699 vero
1685 632 1967 715 scriptae
2010 632 2162 711 sint,
2208 632 2279 698 id
2321 633 2391 697 in
2434 634 2653 718 priore
2696 640 2886 700 autor
2927 656 3012 699 ne
3053 634 3324 701 obscure
3366 634 3632 718 quidem
3675 636 3948 717 indicat,
3984 640 4054 704 in
4096 642 4463 724 posteriore

436 765 603 811 51155
647 745 879 810 5515115
922 743 1272 811 10010111155
1327 745 1523 810 051115
1580 743 1970 828 quibusdam
2017 744 2274 811 indiciis
2316 745 2575 811 facilius
2607 746 2881 812 fortasse
2925 745 3440 831 dignoscendum
3482 747 3825 831 prodebat:
3871 770 3991 816 nos
4035 749 4116 816 de
4159 758 4457 837 utraque,

447 862 716 942 praeter
767 852 1042 937 famam,
1099 862 1337 923 testem
1394 854 1653 924 nullum
1689 846 2046 922 habemus:
2104 856 2264 923 haee
2308 863 2558 937 autem,
2611 878 2813 941 quum
2852 859 3069 940 ipsum
3111 857 3357 923 Bezam
3398 879 3775 942 sponsorem
3819 858 4087 948 habeat,
4134 863 4262 929 alio
4305 865 4457 931 vin-

436 968 588 1036 dice
628 968 900 1035 minime
931 966 1109 1054 'eget
1199 969 1453 1036 Ambae
1507 967 1630 1033 hoc
1692 968 1981 1034 maxime
2024 976 2295 1053 urgent,
2351 970 2526 1034 inter
2569 968 2891 1054 evangelii
2929 948 3282 1052 puritatem
3326 978 3395 1034 et
3448 991 3635 1036 saera
3681 972 4001 1055 papistica
4042 981 4180 1039 tam
4220 995 4458 1058 parum

450 1081 834 1161 convenire,
896 1088 1092 1164 atque
1146 1080 1308 1146 haec
1363 1078 1464 1144 illi
1520 1079 1680 1145 adeo
1735 1099 2132 1164 repugnare,
2183 1088 2263 1144 ut
2314 1081 2369 1145 si
2424 1081 2570 1164 quis
2620 1080 2806 1146 illam
2847 1080 3144 1164 profiteri
3187 1080 3601 1148 contenderit
3640 1082 3747 1147 1115
3788 1104 3996 1167 551150
4038 1084 4189 1168 11155
4232 1087 4456 1154 minus

444 1182 781 1272 addictus,
837 1190 897 1256 is
938 1191 1182 1257 mirum
1227 1198 1546 1276 quantum
1603 1190 1742 1257 falli
1783 1212 1854 1257 se
1896 1191 2221 1276 patiatur,
2271 1192 2406 1256 imo
2450 1192 2777 1258 sinceram
2821 1191 3073 1259 Christi
3115 1191 3315 1258 fidem
3355 1213 3507 1258 eum
3548 1192 3843 1259 nondum
3887 1168 4263 1279 amplexum
4310 1220 4458 1265 esse

435 1304 680 1372 merito
734 1303 999 1370 dixeris.
1097 1303 1403 1369 Fuerunt
1458 1304 1636 1370 enim
1693 1310 1836 1368 tum
1887 1302 2200 1388 temporis
2241 1304 2312 1367 in
2356 1303 2580 1369 Gallia
2623 1304 2836 1384 multi,
2881 1304 3024 1388 qui,
3080 1323 3452 1388 quanquam
3510 1304 3724 1388 aliquo
3780 1306 4064 1390 purioris
4116 1308 4455 1394 religionis

433 1416 658 1483 studio
697 1415 880 1495 tacti,
925 1421 1151 1481 tamen
1192 1416 1411 1499 palam
1456 1423 1524 1481 et
1564 1414 1766 1482 libere
1808 1436 2019 1500 papae
2060 1414 2426 1481 valedicere
2468 1416 2576 1483 vel
2619 1437 2755 1481 505
2800 1415 3148 1496 audebant,
3193 1415 3301 1481 vel
3344 1416 3541 1481 etiam
3584 1417 3809 1483 minus
3848 1420 4289 1485 necessarium
4329 1441 4454 1504 pu·-

431 1527 703 1609 tabant,
754 1527 943 1612 quasi
987 1526 1331 1594 Christum
1389 1528 1608 1594 animo
1662 1528 1876 1595 colere
1919 1527 2080 1594 satis
2123 1534 2311 1607 esset,
2357 1534 2783 1593 externorum
2825 1544 2981 1594 vero
3033 1528 3280 1593 rituum
3324 1526 3724 1594 consuetudo
3778 1550 3885 1595 res
3914 1529 4154 1596 'media
4195 1538 4265 1596 et
4304 1516 4454 1598 nul-

434 1641 574 1706 lius
614 1639 946 1706 momenti.
1037 1637 1220 1721 Quos
1262 1639 1507 1704 Noster
1549 1640 1713 1705 satis
1753 1638 1970 1732 lepide
2012 1637 2699 1705 Pseudo-Nicodemos
2740 1638 3058 1723 appellat,
3104 1648 3180 1705 ut
3221 1638 3454 1723 quibus
3495 1640 3716 1724 aliqua
3755 1649 3930 1707 esset
3971 1642 4300 1728 evangelii
4337 1664 4456 1710 ou-

423 1753 714 1832 riositas‚
754 1751 970 1817 maior
1010 1758 1237 1817 tamen
1280 1749 1360 1816 de
1403 1750 1701 1835 civi-libus
1743 1750 2102 1818 commodis
2145 1758 2214 1816 et
2253 1751 2441 1835 vulgi
2483 1752 2789 1835 opinione
2833 1750 3216 1817 sollicitudo.

745 1864 945 1929 Prior
986 1863 1260 1947 epistola
1304 1870 1405 1929 est
1447 1860 1543 1927 do
1586 1862 2005 1947 fugiendis
2047 1845 2479 1946 impiorum
2522 1862 2868 1929 illicitis
2912 1863 3184 1930 sacris
3223 1869 3305 1931 51
3346 1863 3733 1948 puritate
3766 1863 4279 1931 christianae
4317 1887 4454 1932 re-

443 1971 790 2061 11310515
856 1973 1398 2055 observanda,
1458 1995 1622 2058 quae
1675 1974 1919 2059 scripta
1974 1974 2174 2041 fuisse
2230 1974 2837 2040 traditur-Nicolao
2909 1973 3313 2055 Duchemin‚
3387 1996 3517 2058 quo
3595 1975 3802 2040 amico
3861 1984 3928 2040 et
3980 1976 4237 2061 hospite
4292 1976 4457 2044 olim

449 2087 770 2154 Aureliae
834 2107 994 2152 usus
1067 2086 1284 2151 fuerat
1325 2084 1673 2166 Calvinus,
1750 2085 2012 2153 officiali
2063 2095 2289 2169 postea
2344 2083 2519 2168 apud
2576 2106 3120 2153 cenomanensem
3182 2086 3405 2153 sedem
3465 2086 3825 2172 designato.
3929 2088 4158 2154 Altera
4202 2100 4302 2154 est
4356 2088 4453 2155 de

447 2199 906 2267 christiani
961 2198 1308 2264 hominis
1364 2196 1643 2264 officio
1689 2199 1766 2262 in
1819 2196 2309 2264 sacerdotiis
2359 2197 2675 2281 papalis
2728 2197 3125 2264 ecclesiae
3180 2197 3308 2265 vel
3384 2197 4071 2266 administrandis
4126 2200 4261 2267 vel
4308 2202 4449 2269 ab-

429 2313 696 2376 iicien
710 2309 850 2376 dis.
938 2310 1160 2376 Huius
1202 2309 1605 2377 occasionem
1649 2311 1878 2376 fecisse
1920 2311 2134 2375 fertur
2177 2307 2519 2375 Gerardus
2561 2309 2805 2375 Ruffus
2848 2332 2895 2375 5.
2944 2309 3257 2390 Roussel,
3310 2310 3423 2392 qui
3465 2311 3641 2387 olim,
3688 2310 3844 2375 dum
3888 2312 4265 2378 sorbonicus
4305 2334 4448 2378 ma-

425 2424 648 2509 gister
686 2430 846 2503 erat,
888 2421 1150 2506 pietatis
1192 2422 1413 2488 studia
1464 2441 1862 2506 magnopere
1906 2421 2277 2499 adiuverat,
2329 2428 2555 2504 postea
2596 2441 2754 2485 vero
2808 2419 3067 2486 abbatia
3108 2420 3418 2505 quadam,
3461 2441 3536 2486 ac
3580 2421 3886 2506 deinceps
3926 2423 4303 2506 episcopatu
4343 2424 4448 2488 in-

433 2535 624 2602 511150
667 2534 882 2602 Uliari
933 2535 1005 2600 in
1060 2535 1302 2601 finibus
1357 2532 1759 2613 Santonum,
1821 2552 1986 2617 quae
2031 2531 2224 2598 hodie
2266 2531 2516 2598 Oleron
2555 2531 2812 2612 dicitur,
2858 2531 3164 2612 donatus,
3222 2553 3357 2597 non
3413 2531 3603 2599 modo
3658 2533 3821 2599 satis
3874 2541 4127 2599 rectum
4175 2554 4447 2601 cursum

431 2668 575 2713 non
615 2648 849 2727 tenuit,
895 2667 1127 2714 verum
1172 2647 1369 2712 etiam
1404 2644 1635 2710 heram
1676 2666 1864 2711 suam
1889 2644 2230 2712 Navarrae
2273 2620 2592 2729 reginam,
2638 2651 2807 2710 teste
2846 2645 3055 2724 Beza‚
3098 2643 3438 2728 paullatim
3483 2643 3693 2728 quoad
3738 2645 4124 2730 religionem
4176 2665 4445 2728 pessum

437 2759 643 2825 dedit.
730 2758 940 2825 Plura
984 2758 1064 2823 de
1110 2759 1215 2823 1115
1253 2757 1505 2823 dabunt
1546 2758 1663 2823 tibi
1706 2756 1942 2842 Hem-y
1985 2756 2056 2820 in
2100 2757 2241 2821 vita
2282 2754 2548 2822 Calvini
2589 2756 2667 2822 ¹1³.
2704 2756 2759 2821 Ι.
2805 2777 2867 2840 p.
2901 2760 3052 2836 1853
3099 2753 3463 2835 Staehelin,
3508 2756 3579 2821 in
3623 2755 3852 2822 eadem
3891 2778 4037 2841 pag.
4092 2760 4212 2822 140
4235 2777 4442 2842 seqq.;

437 2870 518 2939 C
566 2868 890 2949 Schmidt,
938 2868 1201 2936 Gerard
1240 2868 1544 2950 Roussel,
1590 2867 1841 2935 Strasb,
1896 2871 2057 2933 1845
2100 2888 2246 2952 pag.
2299 2872 2418 2932 113
2446 2888 3884 2951 seqq..

742 2982 1036 3047 Exstant
1090 2981 1328 3048 harum
1386 2979 1812 3065 epistolarum
1869 2979 2185 3046 editiones
2228 2978 2394 3045 duae
2448 3001 2609 3063 quas
2662 2980 2888 3064 paucis
2942 2978 3306 3046 describere
3361 2979 3561 3046 1111151.
3662 2980 3981 3064 Princeps
4025 2978 4224 3046 habet
4266 2979 4443 3048 11550

427 3095 731 3161 titulum:

745 3189 1254 3276 IOANNIS
1320 3190 1556 3276 OAL
1589 3190 1597 3308 Ι
1629 3213 1806 3285 vnn,
1850 3212 2244 3269 SACRARVM
2285 3213 2722 3270 LITERARVM
2761 3213 2843 3268 IN
2904 3212 2913 3281 Ι
2970 3191 3359 3275 Ecclesia
3394 3192 3882 3277 Geneuensi
3912 3192 4440 3304 professoris,

429 3321 882 3433 Epistolae
952 3327 963 3433 Ι
1035 3323 1293 3429 (1555,
1357 3322 1462 3405 de
1525 3323 1781 3405 rebus
1841 3321 2002 3404 hoc
2063 3320 2400 3403 saeculo
2455 3349 2594 3403 co-
2626 3315 2634 3433 1
2668 3322 2922 3431 311115
2995 3320 3372 3432 apprime
3438 3321 3953 3433 neeessarijs.
4038 3319 4049 3423 Ι
4204 3351 4442 3423 PRIOR,

429 3445 543 3511 De
596 3444 922 3530 fugiendis
976 3444 1328 3528 impiorum
1377 3444 1630 3512 ‘illicitis
1674 3444 1896 3524 saeris,
1952 3443 1963 3529 Ι
2027 3453 2095 3510 51
2146 3443 2433 3527 puritate
2473 3442 2891 3510 Christianae
2947 3444 3281 3528 religionis
3329 3446 3340 3530 Ι
3389 3445 3815 3511 011501555115.
3882 3445 3891 3528 Ι
3954 3456 4280 3529 ALTERA,
4336 3450 4442 3518 De

431 3555 804 3623 Christiani
849 3557 1133 3622 hominis
1176 3556 1386 3622 officio
1427 3557 1502 3622 in
1544 3555 1963 3645 salcerdotijs
2004 3553 2274 3638 Papalis
2313 3555 2621 3622 ecclesiae
2668 3556 2768 3622 vel
2806 3550 3427 3643 admini-{strandis,
3473 3558 3582 3623 vel
3626 3556 4023 3641 abiJciendis.
4075 3560 4086 3642 Ι
4140 3569 4188 3622 Ι.
4215 3568 4445 3633 Regum.

429 3667 505 3723 18
535 3669 550 3738 Ι
579 3666 965 3735 VSQVEQVO
1002 3667 1325 3722 claudicatis
1359 3670 1418 3722 in
1456 3667 1601 3722 duas
1635 3663 2027 3738 coqitationes?
2072 3663 2138 3720 se·
2154 3665 2468 3746 Dominus!
2502 3673 2581 3720 est
2614 3666 2787 3735 Deua,
2822 3667 3110 3735 sequimini
3139 3684 3289 3723 cum.-
3328 3666 3396 3722 Si
3414 3674 3591 3723 autem
3617 3667 3781 3735 Baal,
3818 3683 3897 3721 se·
3920 3669 3927 3734 Ι
3950 3671 4188 3737 qmmim'
4218 3671 4385 3724 illum.
4427 3672 4437 3740 Ι

425 3760 906 3829 BASILEAE
944 3761 957 3849 Ι
993 3772 1070 3828 M.
1113 3773 1180 3827 n.
1222 3771 1499 3827 mvn.

746 3876 999 3940 Forma
1042 3875 1464 3959 quaternaria
1496 3875 1632 3940 fere
1666 3881 1931 3940 nostrae
1965 3872 2333 3939 octonariae
2365 3872 2601 3938 maiori
2643 3872 2948 3956 aequalis.
3019 3873 3341 3959 Plagulae
3377 3875 3601 3941 decem
3636 3873 3933 3960 (A-K).
4001 3873 4191 3941 Folio
4225 3879 4437 3960 primo

437 4007 632 4053 verso
675 3987 819 4053 sive
862 4006 1008 4072 pag.
1038 3990 1095 4052 2.
1142 3995 1362 4053 exstat
1383 3985 1645 4054 Calvini
1685 3987 2031 4071 praefatio;
2077 3986 2375 4069 sequitur
2405 3982 2706 4068 Epistola
2737 3985 2919 4067 prior
2958 4007 3105 4070 pag.
3133 3991 3384 4066 3—44.,
3433 3987 3637 4052 altera
3679 4007 3827 4070 pag.
3852 3991 4062 4050 45—7
4067 3990 4125 4052 8.
4193 3988 4436 4054 Finem

424 4098 686 4164 faciunt
715 4097 997 4182 paginae
1041 4119 1159 4163 sex
1199 4118 1334 4163 non
1371 4105 1772 4178 numeratae,
1818 4119 2094 4182 quarum
2136 4097 2350 4182 prima
2383 4094 2652 4161 exhibet
2685 4097 2883 4161 effata
2910 4096 3147 4165 biblica
3182 4099 3310 4165 duo
3344 4098 3686 4184 posteriori
3708 4097 4019 4181 epistolae
4043 4099 4434 4185 epigraphes

431 4210 582 4277 vice
624 4210 711 4294 (si
752 4211 852 4275 ita
895 4210 1111 4276 dicere
1152 4211 1252 4277 fas
1296 4208 1425 4296 est)
1469 4210 1574 4278 vel
1617 4231 1737 4293 pro
1794 4211 2133 4276 corolla-rio
2186 4208 2501 4288 subiecta,
2552 4218 2687 4273 tres
2750 4207 2998 4274 habent
3052 4210 3334 4276 indicem
3387 4231 3611 4275 rerum
3636 4261 3652 4288 ,
3709 4210 3943 4292 quinta
3995 4217 4212 4276 errata
4265 4233 4437 4278 non·

431 4320 623 4387 nulla
655 4321 903 4387 indicat
939 4320 1364 4403 emendanda,
1402 4341 1555 4388 cum
1585 4321 2088 4405 subscriptione:
2133 4328 2499 4385 BASILEAE
2517 4329 2662 4384 PER
2686 4324 3281 4405 BALTflAlsAREM
3314 4330 3591 4387 LASIUM
3624 4331 3723 4385 ET
3759 4329 3769 4399 Ι
3819 4330 4076 4386 Thommn
4112 4331 4433 4402 Platterum,

435 4439 634 4496 Manae
662 4441 674 4509 Ι
704 4440 936 4511 Martio,
966 4443 976 4510 Ι
1006 4441 1209 4497 ANNO
1244 4432 1338 4499 M.
1361 4433 1447 4498 D.
1470 4429 1843 4499 XXXVII.
1930 4431 2184 4499 Ultima
2236 4431 2512 4514 denique
2554 4429 2752 4496 habet
2787 4430 3109 4499 emblema
3156 4434 3323 4498 illud
3365 4432 3708 4500 Minervae
3750 4433 3925 4517 quod
3968 4433 4430 4517 descripsimus

429 4545 507 4609 in
541 4543 847 4629 Prolegg.
894 4543 1044 4609 Vol.
1092 4544 1146 4609 I.
1192 4563 1338 4629 pag.
1384 4544 1613 4611 XXX.
1653 4544 1769 4611 sed
1808 4546 1943 4611 iam
1996 4565 2143 4609 cum
2191 4543 2421 4629 adagio
2466 4542 2550 4607 ad
2590 4542 2771 4628 leges
2814 4543 3185 4627 prosodicas
3228 4552 3546 4610 correcto:
3593 4545 3708 4611 'Pu
3742 4544 3959 4610 nihil
4001 4545 4267 4612 invita
4309 4544 4429 4609 di-

430 4676 574 4722 055
616 4656 979 4722 faciesve
1022 4657 1413 4724 Minerva.
1504 4657 1675 4742 Typi
1717 4655 1987 4740 ubique,
2041 4658 2097 4722 si
2136 4655 2607 4740 praefationem
2647 4656 3013 4738 exceperis,
3068 4655 3332 4722 cursivi.
3420 4656 3713 4741 Margini
3764 4657 4217 4723 inscribuntur
4270 4656 4430 4722 alle-

425 4775 588 4853 gata
629 4765 866 4833 biblica
908 4769 1069 4834 satis
1111 4769 1494 4851 frequentia.
1581 4767 1944 4852 Exemplar
1986 4768 2186 4834 huius
2221 4766 2525 4834 editionis
2567 4772 2784 4828 exstat
2823 4767 2893 4831 in
2929 4775 3155 4830 nostra
3185 4765 3590 4834 bibliotheca
3631 4768 4016 4836 calviniana.

733 4879 1110 4963 Antequam
1168 4878 1252 4944 ad
1297 4879 1426 4945 alia
1471 4889 1902 4960 transeamus,
1920 4879 2001 4945 de
2043 4879 2475 4965 typographis
2530 4880 2876 4947 dicendum
2921 4899 3197 4962 quorum
3240 4879 3510 4945 nomina
3563 4881 3952 4964 subscriptio
3991 4877 4145 4942 libri
4185 4878 4429 4980 prodit.

413 4989 704 5056 Illorum
746 5011 945 5074 opera
988 4991 1164 5056 hunc
1206 5013 1279 5057 re
1317 5012 1479 5058 vera
1516 5012 1832 5058 excusum
1873 4992 2093 5072 fuisse,
2131 5013 2266 5057 non
2308 5001 2408 5058 est
2448 4990 2624 5075 quod
2662 4992 2736 5056 15
2779 4990 3048 5056 dubium
3091 5008 3428 5072 vocemus;
3473 4985 3704 5058 verum
3746 4988 4101 5055 eorundem
4144 4989 4430 5071 sumpti-

415 5101 556 5167 bus
597 5100 845 5166 editum
887 5124 1223 5187 negamus.
1311 5103 1674 5170 Incidimus
1716 5105 1892 5168 enim
1935 5104 2004 5170 in
2049 5103 2275 5169 literas
2307 5102 2623 5186 quasdam
2674 5102 2767 5167 Io.
2816 5100 3124 5183 Oporini,
3179 5093 3583 5168 celeberrimi
3625 5102 3990 5167 basiliensis
4030 5100 4426 5184 typographi

413 5221 498 5279 et
539 5210 945 5297 bibliopolae,
991 5213 1096 5280 die
1137 5213 1524 5281 Palmarum
1569 5217 1638 5300 (i.
1679 5238 1732 5281 e.
1764 5220 1865 5280 25.
1887 5214 2147 5300 Martii)
2204 5213 2494 5281 eiusdem
2539 5214 2694 5279 anni
2737 5211 2821 5278 ad
2863 5210 3217 5277 Calvinum
3262 5212 3461 5295 datas,
3508 5213 3746 5296 quibus
3786 5211 3895 5276 ille
3937 5210 4231 5276 libellum
4273 5231 4423 5273 nos-
