4984 5975
385 244 504 308 309

382 451 420 496 e
471 432 775 499 manibus
834 431 1124 498 amittas:
1174 428 1441 514 quando
1488 451 1567 496 ea
1624 437 1726 496 est
1779 429 2330 515 rerumagenda-

380 537 531 582 rum
571 538 793 602 penes*
819 525 883 584 te
925 516 1219 596 facultas,
1254 537 1421 602 quae
1466 516 1521 582 si
1557 509 1697 582 tota
1738 518 1811 581 in
1852 516 1979 584 Dei
2023 517 2335 600 obsequia

381 603 633 687 optima
673 603 811 669 fide
856 601 1303 688 impendatur,
1346 601 1629 668 multum
1684 602 1998 668 momenti
2051 601 2135 667 ad
2177 621 2329 686 pro·-

380 689 784 755 movendum
825 688 1240 773 evangelium
1273 688 1510 754 afferre
1527 687 1749 772 possit.
1817 687 1910 753 Et
1950 695 2329 754 nostrarum

383 781 488 840 est
529 776 844 859 paruum,
899 795 1035 839 uon
1068 773 1345 859 ignavia·
1379 781 1772 858 torporeque
1816 781 2042 839 nostro
2086 773 2335 846 admitq

381 866 541 939 tere,
585 868 662 926 ut
704 861 827 926 hoc
868 881 1082 944 genus
1125 860 1665 943 opportunitates,
1713 879 1750 924 e
1792 860 1922 925 Dei
1963 879 2167 924 manu
2208 882 2326 925 no-

381 945 484 1010 bis
520 946 788 1025 oblatae,
824 947 1270 1012 infructuosae
1306 951 1592 1030 pereant.
1663 943 1798 1012 Sed
1834 945 2011 1009 enim
2045 944 2104 1011 si
2137 966 2327 1028 prae-

382 1032 616 1097 stando
670 1033 810 1098 veri
865 1031 1107 1115 fidique
1150 1032 1430 1116 pastoris
1474 1031 1681 1096 officio
1726 1030 1910 1095 nullo
1952 1030 2143 1097 modo
2186 1031 2325 1112 ido·

380 1140 575 1184 neum
621 1125 686 1184 te
728 1118 941 1196 vides,
988 1117 1113 1183 hoc
1154 1115 1516 1184 secundum
1558 1130 1685 1196 est,
1728 1115 1901 1181 male
1954 1116 2075 1181 tibi
2119 1118 2323 1201 assig-

378 1212 612 1269 natum
654 1225 898 1270 munus
943 1211 1018 1268 ut
1060 1203 1348 1286 deponas
1391 1204 1639 1287 potius,
1685 1223 1883 1286 quam
1935 1202 2202 1287 indigne
2248 1221 2324 1268 ac

374 1287 718 1374 perfidiose
760 1288 1192 1355 administres.
1262 1288 1568 1355 Cedendo
1605 1289 1801 1367 enim,
1848 1288 2222 1372 episcopum
2257 1297 2323 1354 te

377 1397 513 1440 non
567 1395 711 1441 esse
764 1376 999 1442 saltem
1054 1374 1440 1442 declarabis:
1496 1375 1684 1439 cuius
1739 1394 2091 1457 personam
2148 1396 2340 1441 nunc·

377 1462 663 1527 sustines
680 1513 695 1540 ,
754 1469 819 1526 et
873 1461 1276 1526 functionem
1331 1460 1672 1543 profiteris.
1741 1458 2066 1543 Equidem
2109 1460 2166 1523 si
2209 1466 2325 1526 aut

376 1546 684 1613 ecclesiae
706 1547 1137 1613 christianum
1172 1547 1241 1611 in
1276 1566 1525 1611 morem
1562 1551 1893 1628 utcunque
1928 1546 2322 1628 compositae

372 1632 670 1718 legitimo
705 1633 839 1697 ritu
874 1632 1238 1716 praefectus
1274 1652 1465 1710 esses,
1505 1644 1618 1697 aut
1651 1630 1850 1697 etiam
1884 1631 2140 1713 plebem
2173 1631 2324 1696 istic

373 1718 654 1786 haberes
721 1727 834 1784 tua
891 1718 1236 1785 sedulitate
1306 1717 1572 1784 Christo
1653 1717 2034 1800 acquisitam
2050 1768 2067 1797 ,
2138 1718 2322 1783 cuius

371 1804 548 1869 oculi
601 1805 671 1868 iu
716 1811 783 1869 te
826 1824 947 1871 ceu
999 1801 1230 1870 ducem
1274 1809 1349 1869 ac
1391 1809 1722 1886 pastorem
1765 1809 2321 1881 converterentur,

369 1911 716 1972 nunquam
759 1890 1178 1957 concederem
1196 1941 1211 1968 ,
1258 1895 1331 1953 ut
1375 1889 1625 1955 abiecta
1667 1897 1912 1954 temere
1947 1909 2080 1953 non
2122 1888 2323 1955 dubia

366 1973 647 2041 Domini
687 1976 1021 2040 vocatione
1064 1975 1435 2041 libertatem
1479 1974 1599 2039 tibi
1644 1995 1938 2039 sumeres
1992 1973 2118 2039 alio
2132 2025 2149 2052 ,
2195 1995 2322 2058 quo

365 2061 579 2126 ferret
621 2062 906 2139 animus,
953 2060 1378 2144 demigrandi.
1448 2059 1843 2125 Christianis
1892 2059 2071 2124 enim
2127 2060 2321 2144 (quos

363 2146 446 2211 in
504 2167 625 2212 sua
680 2147 1015 2212 vocatione
1065 2153 1360 2230 perstare
1413 2143 1628 2228 decet)
1682 2144 1898 2209 aliena
1949 2151 2052 2209 est
2103 2143 2322 2210 desul-

360 2232 546 2297 toria
589 2233 718 2298 ista
757 2232 1008 2298 levitas.
1073 2230 1209 2297 Sed
1251 2231 1331 2296 ab
1367 2231 1489 2297 hac
1529 2229 1799 2328 minime
1841 2235 2021 2295 recta
2056 2229 2322 2297 vivendi

357 2339 624 2481 5¹:132.ssss
667 2314 2321 2486 {¹1:¹22me3²}zttsn‘zssf0fflfffflxtdvffiffiaeffi.

361 2510 508 2554 non
551 2488 759 2555 video.
828 2487 1115 2554 Omnino
1149 2510 1326 2566 sane,
1372 2496 1491 2553 aut
1523 2488 1644 2553 tibi
1678 2487 1851 2572 quod
1893 2486 1974 2552 ab
2018 2488 2318 2573 episcopo

366 2575 624 2658 requiri
682 2573 867 2639 audis
922 2573 1391 2657 praestandum
1445 2579 1570 2652 est,
1632 2581 1751 2638 aut
1802 2572 1988 2638 sedes
2032 2575 2318 2658 episcopi

370 2658 752 2726 deserenda.
819 2659 1104 2725 Flebiles
1155 2659 1303 2725 illas
1354 2666 1606 2725 vestras
1649 2659 2084 2742 querimonias
2128 2661 2312 2726 novi:

367 2747 609 2830 quibus
665 2745 720 2811 si
780 2746 927 2830 quis
980 2744 1085 2816 ad„
1116 2744 1586 2830 indulgendam
1641 2743 1824 2810 vobis
1878 2745 2141 2810 veniam
2182 2767 2316 2811 non

365 2839 859 2915 permoveatur,
937 2852 1086 2896 eum
1151 2850 1289 2895 non
1362 2831 1700 2895 hominem
1777 2850 1919 2895 esse
1993 2831 2312 2898 iudicatis.

367 2916 595 3000 Quid?
662 2918 927 3003 Ergone
961 2917 1242 2982 fortunis
1278 2917 1580 2983 omnibus
1616 2915 1817 2996 exuti,
1857 2916 2013 2982 hinc
2046 2939 2165 2983 nos
2199 2940 2313 2984 ve-

363 3004 471 3069 lut
514 3026 550 3069 e
594 3012 1062 3087 praesentaneo
1104 3002 1407 3081 incendio
1439 3001 1917 3087 proripiemus?
1983 3002 2166 3085 Quid
2198 3025 2312 3070 au·

367 3098 509 3155 tem
566 3091 681 3155 fiet
732 3089 989 3155 miseris
1046 3089 1272 3154 nobis?
1351 3087 1619 3155 Scilicet
1672 3094 1749 3153 ut
1800 3090 1911 3172 qui
1963 3091 2313 3174 tranquille

368 3180 523 3255 [pag.
587 3181 719 3255 77],
749 3196 824 3241 ac
875 3173 1129 3258 placide
1183 3175 1254 3239 in
1298 3181 1520 3240 nostro
1573 3174 1991 3256 habitamus„
2029 3177 2183 3261 vagi
2237 3199 2313 3243 ac

364 3261 670 3345 palantes
711 3262 783 3325 in
819 3260 1066 3326 alienas
1100 3260 1546 3339 concedamus,
1593 3260 1906 3343 nobisque
1948 3261 2312 3345 incognitas

365 3345 626 3413 terras?
694 3345 996 3428 Quorum
1029 3346 1334 3431 largitate
1356 3345 1595 3412 vivunt
1633 3345 1922 3428 plurimi,
1948 3347 2314 3429 precariam

363 3453 579 3515 paene
634 3431 838 3497 vitam
894 3431 1175 3497 aliorum
1228 3430 1540 3497 beneficio
1597 3430 1961 3515 agitemus?
2031 3430 2165 3512 Qui
2200 3430 2312 3499 de-

362 3517 537 3584 liciis
562 3518 987 3595 assuevimus,
1011 3537 1144 3582 non
1168 3518 1308 3583 sine
1343 3516 1679 3602 dignitate,
1716 3517 2019 3596 tenuiter,
2063 3539 2309 3602 aspere,

364 3603 838 3670 contumeliose
865 3602 1273 3668 victitemus?
1329 3600 1587 3684 Quibus
1610 3624 1789 3668 nunc
1811 3602 2034 3668 otiosis
2071 3605 2312 3669 seritur

364 3711 442 3756 ac
484 3689 770 3767 metitur,
796 3696 1015 3754 atrum
1051 3709 1135 3753 ex
1167 3688 1310 3754 iure
1345 3688 1650 3754 hesterno
1685 3709 1940 3772 panem,
1977 3695 2051 3753 ut
2073 3689 2186 3755 ille
2208 3690 2314 3755 in-

363 3776 525 3858 quit,
552 3775 788 3840 sudore
810 3781 1033 3839 nostro
1056 3774 1483 3856 manibusque
1494 3780 1758 3856 partum
1773 3780 2084 3840 voremus
2102 3776 2133 3839 ⁴?
2175 3775 2312 3841 Ve-

362 3883 518 3926 rum
545 3859 706 3926 adeo
744 3859 1050 3942 speciosis
1075 3859 1355 3943 querelis
1377 3879 1509 3924 uno
1536 3858 1733 3924 verbo
1768 3859 2145 3942 respondeo.
2182 3862 2311 3927 Er-

358 3967 447 4031 go
484 3945 848 4012 Christiani
870 3966 956 4010 ne
989 3945 1157 4011 sitis:
1194 3944 1650 4011 Christianum
1674 3946 1850 4010 enim
1890 3945 2051 4011 haec
2093 3956 2315 4013 manet

358 4032 735 4109 necessitas,
767 4037 841 4096 ut
857 4032 912 4096 si
938 4029 1290 4111 tumbam,
1316 4031 1517 4096 furari
1551 4031 1682 4096 iam
1712 4029 2001 4096 desinat:
2036 4033 2150 4098 sed
2173 4054 2314 4098 ma-

358 4139 576 4184 nuum
599 4117 819 4183 labore
840 4117 1073 4201 potius,
1098 4124 1166 4182 et
1175 4137 1348 4196 suae,
1379 4124 1445 4181 et
1466 4116 1745 4183 fratrum
1769 4116 2026 4201 inopiae
2049 4137 2314 4186 succur-

357 4214 471 4269 rat
514 4203 787 4289 (Ephes.
818 4210 876 4281 4,
906 4205 1035 4286 28).
1110 4202 1333 4285 Grave
1381 4201 1663 4286 quidem,
1722 4223 1854 4268 non
1900 4224 2087 4270 secus
2119 4211 2313 4288 atque

359 4287 613 4356 abiecta
669 4290 771 4355 sui
813 4310 999 4368 cura,
1037 4288 1339 4355 subsidiis
1392 4290 1754 4372 praesentis
1790 4288 1966 4353 vitae
2010 4290 2312 4358 omnibus

358 4395 608 4441 exuere
654 4395 723 4440 se
766 4394 843 4440 ac
886 4373 1167 4440 nudare:
1215 4375 1330 4441 sed
1373 4374 1601 4439 multo'
1625 4375 1891 4459 gravius
1934 4372 2163 4458 haberi
2199 4375 2311 4443 de-

354 4459 504 4542 bet,
562 4467 659 4525 tot
700 4460 1166 4526 maleficiorum
1219 4460 1683 4527 conscientiam
1726 4459 2049 4526 sustinere
2062 4513 2078 4541 ,
2125 4463 2310 4529 cuius

354 4545 645 4632 flagellis
701 4546 1023 4631 exagitari
1066 4552 1132 4610 te
1147 4599 1164 4627 ,
1209 4547 1394 4612 cuius
1438 4546 1679 4613 aculeis
1731 4552 2043 4629 perpetuo
2106 4547 2309 4614 lanci-

355 4632 515 4697 nari
558 4631 647 4714 (si
702 4640 923 4696 tamen
977 4630 1198 4696 Deum
1239 4632 1465 4698 vivere
1479 4684 1497 4711 ,
1545 4638 1741 4715 atque
1784 4631 2057 4696 alteram
2099 4654 2307 4716 quan-

356 4715 614 4783 damin
636 4718 776 4783 eius
801 4736 1007 4800 regno
1028 4718 1232 4784 vitam
1257 4719 1394 4783 fore
1428 4718 1651 4803 putas)
1688 4737 1951 4783 necesse
1987 4724 2103 4783 est.
2161 4717 2307 4784 Du-

350 4825 513 4868 rum
566 4810 634 4868 et
675 4802 851 4868 istud
895 4823 1151 4886 quoque
1194 4810 1322 4884 est,
1367 4805 1606 4869 Fateor:
1652 4802 1870 4867 natale
1913 4802 2121 4868 solum
2136 4854 2152 4882 ,
2192 4804 2307 4870 ubi

356 4896 429 4955 et
489 4888 946 4955 amoenissimo
1003 4895 1070 4953 et
1123 4887 1474 4957 honorifice
1528 4888 1866 4972 accipiaris
1884 4940 1901 4968 ,
1945 4888 2160 4955 aliena
2201 4912 2307 4956 re-

352 4975 578 5059 gione,
623 4975 695 5039 in
728 4996 858 5058 qua
882 4974 1142 5038 futurus
1177 4974 1266 5039 sis
1306 4975 1594 5040 abiectus
1628 4975 1880 5058 hospes,
1907 4973 2123 5040 exsilii
2158 4996 2303 5059 spe-

351 5061 459 5127 cie
509 5066 790 5126 vertere:
837 5058 952 5125 sed
995 5057 1205 5123 multo
1245 5060 1603 5126 etiamnum
1645 5060 1892 5141 durius,
1937 5081 2192 5145 quoquo
2237 5072 2303 5126 te

352 5152 604 5223 vertas,
651 5145 961 5212 iudicium
1006 5143 1129 5211 hoc
1172 5144 1601 5212 circumferre.
1663 5145 1855 5228 Quod
1899 5168 1982 5212 ne
2027 5146 2301 5213 dubium

1493 241 1617 306 DE
1665 239 2260 308 SACERDOTIO
2304 239 2656 308 PAPALI
2699 243 3270 311 ABIICOENDO.

4263 221 4389 316 31'0

2434 430 2623 498 nobis
2676 434 2871 511 foret,
2916 430 3244 500 Dominus
3285 453 3405 519 per
3448 451 3642 501 suum
3683 456 4073 518 praeconem
4115 439 4385 523 iampri-

2434 517 2585 583 dem
2609 517 3083 602 promulgavit:
3121 520 3216 585 sic
3249 521 3425 585 enim
3462 519 3637 621 apud
3673 521 4060 588 Zachariam
4097 523 4230 608 (11,
4274 527 4383 611 17)

2432 603 2738 688 legimus:
2763 602 2824 669 O
2839 605 3305 688 pastor-inanis,
3321 604 3784 691 derelinquens
3797 625 4066 692 gregem
4084 608 4110 672 1¹
4124 609 4384 694 gladius

2432 707 2631 772 super
2673 690 3011 756 brachium
3047 691 3192 757 eius
3223 699 3292 756 et
3331 713 3540 776 super·
3564 692 3825 759 oculum
3862 693 4166 760 dextrum
4208 696 4381 763 eius:

2429 774 2784 841 brachium
2818 777 2959 842 eius
3000 775 3305 842 ariditate
3349 778 3729 859 siccabitur,
3776 788 3843 844 et
3882 780 4114 846 oculus
4153 778 4384 849 dexter

2431 861 2573 926 eius
2632 862 3100 927 obscurabitur.
3177 861 3570 947 Quanquam
3627 863 3734 931 hic
3790 867 3986 930 etiam
4030 866 4384 933 mirificum

2430 947 2750 1013 artificem
2785 943 3150 1012 Dominum
3187 950 3621 1032 experiuntur
3654 949 3896 1029 fideles,
3936 953 4047 1034 qui
4089 969 4230 1017 rem
4265 952 4383 1019 ho·

2429 1032 2687 1097 minum
2720 1032 2962 1098 iudicio
2998 1041 3133 1098 tam
3170 1036 3491 1115 acerbam,
3528 1043 3981 1119 paupertatem
4029 1037 4189 1117 dico,
4228 1060 4380 1104 sua-

2434 1138 2579 1182 vem
2623 1118 2786 1198 illis,
2833 1121 3019 1185 verbi
3063 1121 3166 1186 sui
3207 1120 3646 1201 condimento,
3706 1123 4189 1207 gratiosamque
4231 1124 4380 1189 red-

2429 1202 2541 1268 dit.
2624 1205 2688 1268 N
2688 1225 2773 1269 on
2837 1206 3009 1289 quod
3065 1227 3136 1272 as
3183 1207 3484 1272 critatem
3543 1228 3815 1289 prorsus
3872 1208 4125 1273 nullam
4181 1217 4379 1295 gustu

2427 1289 2822 1372 percipiant:
2883 1290 2997 1356 sed
3042 1314 3195 1375 qula
3242 1292 3359 1356 illa
3401 1292 3796 1358 condimenti
3843 1295 4167 1360 suavitate
4211 1303 4377 1362 tem-

2429 1383 2726 1457 peratam
2769 1396 2905 1440 non
2949 1377 3144 1442 nimis
3190 1399 3267 1443 ae
3315 1399 3406 1458 re,
3449 1380 3609 1461 quin
3652 1400 3775 1444 nec
3819 1380 3962 1445 sine
3999 1380 4241 1445 eximia
4276 1382 4378 1446 iu-

2427 1459 2762 1526 cunditate
2797 1462 3036 1526 ferunt.
3099 1461 3248 1544 Quo
3329 1464 3384 1529 si
3428 1470 3648 1530 tamen
3694 1464 4085 1530 alterutrum
4131 1465 4378 1552 eligen-

2428 1545 2586 1610 dum
2629 1546 2746 1612 tibi
2791 1548 2895 1626 sit,
2931 1555 3009 1612 ut
3042 1549 3148 1613 vel
3184 1548 3630 1615 calamitosam
3664 1550 4056 1634 probitatem
4090 1554 4377 1632 secteris,

2426 1632 2536 1696 vel
2556 1631 2990 1698 calamitatem
3016 1635 3309 1718 nequitia
3340 1635 3644 1719 effugias:
3679 1658 3798 1702 cur
3818 1658 3950 1702 non
3985 1644 4279 1704 sanctam
4302 1660 4378 1705 ac

2427 1715 2698 1803 dignam
2745 1719 3079 1784 vocatione
3123 1727 3237 1784 tua
3273 1721 3479 1785 vitam
3523 1722 3737 1804 potius
3775 1723 3844 1786 in
3879 1723 4161 1790 miseriis
4194 1744 4374 1809 agas,

2427 1803 2682 1868 meliori
2750 1805 3233 1888 exspectatione
3300 1806 3510 1872 fretus
3525 1859 3542 1885 ,
3581 1828 3782 1891 quam
3846 1817 4371 1877 momentaneam

2428 1889 2646 2038 neslcgio
2686 1911 2882 2040 qltlipim
2931 1891 3271 2041 mugilem
3297 1891 3917 2042 ‘Peligndiginatione
3960 1901 4026 1993 et
4059 1901 4370 2045 ffitessrlnae

2426 1995 2533 2039 mo
2623 1996 2656 2039 s
2823 1997 2946 2041 one
2998 1999 3071 2042 re
3117 1996 3284 2041 imas
3560 1999 3630 2044 es
3720 2000 3909 2044 sane:
3956 2002 4013 2045 s1
4258 2003 4367 2047 am

2422 2059 2665 2210 ΕὲριιῙο
2707 2061 2838 2125 Dei
2882 2062 3271 2145 promissam
3315 2062 3787 2129 haereditatem
3831 2066 4000 2129 serio
4054 2065 4368 2151 adspiras,

2501 2165 2657 2210 osen
2716 2152 2781 2210 te
2837 2147 2981 2212 viae
3036 2145 3267 2213 ducem
3323 2149 3506 2231 sequi
3576 2157 3862 2233 oportet:
3936 2153 4047 2233 qui
4117 2152 4368 2218 eiurato

2423 2229 2795 2296 Pharaonis
2838 2252 3079 2317 genere
3094 2283 3111 2313 ,
3167 2233 3373 2318 satius
3426 2234 3549 2299 sibi
3594 2255 3736 2300 esse
3778 2257 3927 2301 cum
3963 2234 4094 2301 Dei
4215 2238 4370 2322 pulo

2424 2315 2629 2400 affligi
2654 2316 2860 2397 duxit,
2898 2339 3096 2401 quam
3119 2318 3594 2402 temporariam
3629 2320 3871 2386 habere
3914 2328 4165 2405 peccati
4205 2325 4368 2390 frui-

2421 2401 2699 2466 tionem:
2741 2403 2951 2485 pluris
2987 2402 3240 2468 Christi
3277 2403 3696 2487 opprobrium
3732 2426 3926 2489 quam
3971 2428 4198 2473 omnes
4232 2411 4376 2474 Ae*

2420 2488 2801 2636 {mmmm
2839 2493 2986 2568 [pag.
3027 2494 3135 2568 78]
3162 2488 3421 2555 divitias
3457 2491 3808 2557 aestimans
3846 2491 4077 2574 (Hebr.
4110 2499 4204 2572 11,
4232 2497 4362 2578 25).

2487 2593 2593 2637 am
2634 2580 2709 2637 ut
2744 2573 2856 2639 ille
2890 2575 3087 2639 simul
3123 2580 3190 2640 et
3231 2596 3436 2659 nepos
3477 2576 3694 2640 vocari
3737 2577 4119 2658 Pharaonis,
4166 2586 4233 2643 et
4262 2580 4367 2644 in-

2420 2664 2523 2722 ter
2574 2659 2885 2724 Abrahae
2939 2660 3108 2725 filios
3148 2661 3398 2726 censeri
3452 2683 3588 2727 non
3630 2663 3869 2745 potuit,
3915 2685 4037 2729 nec
4080 2662 4211 2730 Dei
4252 2665 4364 2731 bes

2418 2742 2856 2810 nedictionem
2923 2766 3057 2811 una
3121 2767 3271 2811 cum
3322 2747 3672 2832 Aegyptiis
3728 2747 3958 2832 opibus
4012 2748 4361 2832 possidere,

2417 2828 2510 2893 ita
2555 2830 2914 2896 vanissima
2967 2852 3082 2915 spe
3136 2839 3201 2897 te
3241 2832 3459 2916 ipsum
3502 2832 3736 2912 lactas,
3782 2835 3835 2899 si
3879 2834 4095 2899 locum
4137 2836 4257 2902 tibi
4296 2837 4366 2902 in

2416 2914 2547 2979 Dei
2580 2916 2819 3001 populo
2858 2938 3002 2983 esse
3039 2915 3332 2997 confidis,
3378 2917 3539 2982 dum
3580 2918 3653 2983 in
3696 2919 4091 2987 Antichristi
4133 2923 4364 2988 castris

2415 3023 2655 3068 meres:
2701 3004 2757 3068 si
2798 3011 2865 3069 et
2907 3004 3185 3070 coeleste
3228 3025 3508 3089 regnum
3551 3026 3700 3070 cum
3741 3003 3872 3071 Dei
3914 3006 4067 3086 filio,
4105 3016 4173 3071 et
4210 3030 4363 3075 cum

2416 3087 2710 3154 scelestis
2766 3088 3133 3155 latronibus
3187 3090 3364 3155 furta
3423 3111 3498 3155 ac
3554 3090 3822 3173 rapinas
3862 3092 4254 3176 participare
4297 3103 4362 3160 te

2415 3173 2614 3239 simul
2668 3194 2858 3258 posse
2911 3196 3154 3259 speras.
3225 3174 3449 3256 Quare
3513 3198 3634 3242 nec
3703 3176 3816 3242 illa
3872 3178 4118 3243 solenni
4179 3179 4361 3247 vobis

2416 3257 2869 3341 deprecatione
2912 3281 3309 3345 magnopere
3342 3283 3634 3341 moveor,
3680 3262 3808 3328 nisi
3861 3264 4072 3329 multa
4126 3264 4362 3330 huma-

2416 3365 2544 3409 nae
2564 3344 3028 3412 imbecillitatis
3053 3346 3234 3424 vitia,
3258 3346 3477 3430 qualia
3498 3347 3747 3414 scilicet
3767 3349 3838 3411 in
3873 3349 4129 3430 piorum
4164 3372 4361 3416 carne

2415 3450 2677 3513 semper
2719 3430 3027 3512 resident,
3072 3430 3427 3498 toleramus
3484 3434 3587 3518 (ut
3638 3434 3711 3497 in
3768 3432 4143 3499 hominibus
4194 3435 4363 3500 nihil

2417 3521 2519 3580 est
2557 3516 2981 3602 perfectum),
3024 3538 3143 3582 nos
3198 3516 3653 3583 Christianum
3705 3520 4038 3583 neminem
4091 3521 4362 3602 posthac

2418 3600 2775 3668 relicturos.
2970 3603 2983 3617 ⁶
3071 3623 3283 3686 neque
3325 3624 3527 3686 penes
3570 3625 3691 3669 nos
3730 3623 4120 3668 mansurum
4163 3604 4359 3671 Chri-

2416 3688 2781 3752 stianorum
2832 3708 3100 3767 nomen,
3154 3687 3284 3755 nisi
3336 3708 3486 3754 cum
3537 3690 3737 3755 venia
3789 3689 3927 3754 vita
3978 3696 4204 3755 nostra
4244 3712 4359 3756 ex-

2414 3771 2757 3855 pendatur.
2837 3774 2985 3840 Hoc
3042 3779 3262 3839 autem
3317 3783 3613 3840 vestrum
3670 3773 4009 3853 delictum‘,
4066 3775 4122 3840 si
4188 3776 4361 3859 quod

2416 3858 2744 3923 nominari
2785 3858 2964 3924 aliud
3091 3865 3252 3938 test,
3296 3859 3612 3926 eiusmodi
3665 3856 3808 3925 esde
3850 3860 3957 3925 cui
4000 3861 4232 3927 merito
4275 3862 4362 3927 sit

2415 3944 2903 4029 ignoscendum.
3046 3952 3292 4011 ostram
3346 3945 3530 4011 illam
3587 3965 3999 4011 communem
4065 3949 4360 4013 omnium

2416 4030 2931 4097 imbecillitatem
2955 4031 3197 4097 scimus
3233 4052 3409 4109 sane,
3449 4037 3514 4096 et
3546 4030 3717 4096 hanc
3750 4031 4012 4096 veniam
4046 4033 4358 4115 petimus-

2415 4137 2542 4200 que
2585 4116 2943 4200 damusque
2970 4116 3284 4183 vicissim:
3331 4139 3415 4183 ne
3453 4123 3796 4200 propterea
3824 4115 3997 4200 quod
4021 4118 4353 4184 interdum

2415 4203 2780 4269 titubamus
2835 4223 2909 4268 ac
2974 4202 3260 4270 labimur
3343 4201 3543 4287 (quod
3600 4203 4072 4287 perfectissimo
4125 4205 4356 4288 cuique

2414 4289 2677 4371 saepius
2729 4309 2928 4372 quam
2980 4287 3337 4372 optandum
3401 4286 3600 4352 fuerit
3651 4288 3930 4371 accidit),
3988 4288 4355 4355 Christiani

2415 4381 2639 4439 tamen
2660 4376 2833 4439 inter
2859 4392 2980 4439 nos
3090 4374 3231 4440 beri
3255 4374 3648 4440 desinamus.
3718 4372 3855 4439 Sed
3878 4395 4011 4439 non
4034 4374 4162 4439 alia
4188 4375 4351 4459 lege,

2414 4459 2540 4524 nisi
2576 4461 2691 4543 qui
2733 4461 2826 4525 sic
2863 4459 3011 4526 clau
3082 4466 3204 4539 cat,
3242 4458 3526 4525 vacillat.
3542 4479 3617 4526 ac
3661 4458 3915 4538 decidit,
3962 4459 4138 4526 viam
4181 4461 4353 4525 nihi-

2412 4544 2700 4611 lominus
2723 4544 2997 4611 Domini
3043 4552 3379 4629 sequatur:
3423 4566 3633 4628 neque
3677 4565 3834 4610 vero
3879 4544 4351 4612 claudicatione

2410 4631 2505 4696 sic
2541 4630 2966 4714 impediatur,
3011 4631 3170 4714 quin
3230 4631 3521 4695 enitatur
3572 4638 3827 4710 contra,
3881 4629 4353 4716 incedendique

2412 4715 2862 4782 difficultatem
2915 4717 3185 4783 eluctari
3242 4722 3510 4781 strenue
3576 4715 3955 4782 contendat:
4024 4726 4350 4801 utcunque

2408 4801 2772 4868 vacillando
2805 4800 3103 4886 trepidet,
3150 4822 3486 4885 nunquam
3523 4800 3780 4868 deficiat
3814 4801 4059 4867 animo:
4105 4802 4347 4886 collap-

2409 4910 2549 4968 sus,
2611 4887 2810 4953 etiam
2864 4888 2935 4952 in
2990 4886 3190 4971 pedes
3233 4907 3304 4951 se
3346 4887 3649 4971 recipiat:
3696 4886 3880 4953 nulla
3922 4886 4202 4971 denique
4245 4910 4347 4954 re-

2406 4995 2592 5039 mora
2625 4972 2717 5039 sic
2753 4971 3069 5052 tardetur,
3107 4971 3268 5056 quin
3302 4973 3577 5039 intentis
3609 4972 3682 5037 in
3718 4972 3845 5038 Dei
3879 4993 4158 5055 regnum
4193 4994 4344 5039 ocu-

2406 5060 2488 5125 lis
2544 5066 2843 5141 coeptum
2911 5056 3039 5122 iter
3091 5066 3538 5142 persequatur.
3617 5059 3783 5136 Eos,
3840 5059 4140 5139 inquam,
4195 5080 4346 5124 cum

2406 5145 2544 5212 suis
2601 5144 2853 5210 delictis
2905 5153 2972 5210 et
3023 5144 3313 5228 lapsibus
3366 5145 3655 5210 fraterna
3710 5142 4116 5224 benignitate
4174 5164 4348 5209 oom-
