<?xml version="1.0" encoding="UTF-8"?>
<!DOCTYPE html PUBLIC "-//W3C//DTD XHTML 1.0 Transitional//EN"
    "http://www.w3.org/TR/xhtml1/DTD/xhtml1-transitional.dtd">
<html xmlns="http://www.w3.org/1999/xhtml" xml:lang="en" lang="en">
 <head>
  <title>
</title>
<meta http-equiv="Content-Type" content="text/html;charset=utf-8" />
  <meta name='ocr-system' content='tesseract 3.04.00' />
  <meta name='ocr-capabilities' content='ocr_page ocr_carea ocr_par ocr_line ocrx_word'/>
</head>
<body>
  <div class='ocr_page' id='page_1' title='image "./ioanniscalvinio14unkngoog_0084.png"; bbox 0 0 4984 5975; ppageno 0'>
   <div class='ocr_carea' id='block_1_1' title="bbox 105 5295 118 5969">
    <p class='ocr_par' dir='ltr' id='par_1_1' title="bbox 105 5295 118 5969">
     <span class='ocr_line' id='line_1_1' title="bbox 105 5295 118 5969; baseline 0 0"><span class='ocrx_word' id='word_1_1' title='bbox 105 5295 118 5969; x_wconf 95' lang='lat' dir='ltr'> </span> 
     </span>
    </p>
   </div>
   <div class='ocr_carea' id='block_1_2' title="bbox 647 328 736 389">
    <p class='ocr_par' dir='ltr' id='par_1_2' title="bbox 647 328 736 389">
     <span class='ocr_line' id='line_1_2' title="bbox 647 328 736 389; baseline -0.011 0"><span class='ocrx_word' id='word_1_2' title='bbox 647 328 736 389; x_wconf 69' lang='lat'>43</span> 
     </span>
    </p>
   </div>
   <div class='ocr_carea' id='block_1_3' title="bbox 636 508 2599 5300">
    <p class='ocr_par' dir='ltr' id='par_1_3' title="bbox 644 508 2595 937">
     <span class='ocr_line' id='line_1_3' title="bbox 646 508 2595 589; baseline -0.002 -11"><span class='ocrx_word' id='word_1_3' title='bbox 646 512 867 578; x_wconf 83' lang='lat' dir='ltr'>hostes</span> <span class='ocrx_word' id='word_1_4' title='bbox 902 513 1268 589; x_wconf 88' lang='lat' dir='ltr'>imminent,</span> <span class='ocrx_word' id='word_1_5' title='bbox 1304 519 1419 578; x_wconf 90' lang='lat' dir='ltr'>aut</span> <span class='ocrx_word' id='word_1_6' title='bbox 1449 511 1744 579; x_wconf 90' lang='lat' dir='ltr'>intestini</span> <span class='ocrx_word' id='word_1_7' title='bbox 1777 531 1852 575; x_wconf 92' lang='lat' dir='ltr'>ac</span> <span class='ocrx_word' id='word_1_8' title='bbox 1887 508 2239 576; x_wconf 77' lang='lat' dir='ltr'><strong>domestici.</strong></span> <span class='ocrx_word' id='word_1_9' title='bbox 2303 510 2399 574; x_wconf 91' lang='lat' dir='ltr'>Hi</span> <span class='ocrx_word' id='word_1_10' title='bbox 2432 510 2595 575; x_wconf 86' lang='lat' dir='ltr'>insi-</span> 
     </span>
     <span class='ocr_line' id='line_1_4' title="bbox 646 596 2592 682; baseline -0.002 -19"><span class='ocrx_word' id='word_1_11' title='bbox 646 597 771 663; x_wconf 86' lang='lat' dir='ltr'>diis</span> <span class='ocrx_word' id='word_1_12' title='bbox 793 597 1198 678; x_wconf 82' lang='lat' dir='ltr'>adoriuntur,</span> <span class='ocrx_word' id='word_1_13' title='bbox 1223 598 1321 663; x_wconf 89' lang='lat' dir='ltr'>illi</span> <span class='ocrx_word' id='word_1_14' title='bbox 1343 599 1552 682; x_wconf 82' lang='lat' dir='ltr'>magis</span> <span class='ocrx_word' id='word_1_15' title='bbox 1575 596 2089 682; x_wconf 87' lang='lat' dir='ltr'>congrediuntur</span> <span class='ocrx_word' id='word_1_16' title='bbox 2121 602 2343 679; x_wconf 82' lang='lat' dir='ltr'>aperto</span> <span class='ocrx_word' id='word_1_17' title='bbox 2363 602 2592 660; x_wconf 88' lang='lat' dir='ltr'>marte.</span> 
     </span>
     <span class='ocr_line' id='line_1_5' title="bbox 644 679 2595 767; baseline -0.003 -17"><span class='ocrx_word' id='word_1_18' title='bbox 644 683 923 766; x_wconf 87' lang='lat' dir='ltr'>Utrique</span> <span class='ocrx_word' id='word_1_19' title='bbox 979 684 1268 767; x_wconf 88' lang='lat' dir='ltr'>periculo</span> <span class='ocrx_word' id='word_1_20' title='bbox 1322 691 1424 749; x_wconf 89' lang='lat' dir='ltr'>est</span> <span class='ocrx_word' id='word_1_21' title='bbox 1477 704 1670 748; x_wconf 88' lang='lat' dir='ltr'>suum</span> <span class='ocrx_word' id='word_1_22' title='bbox 1735 681 2097 747; x_wconf 89' lang='lat' dir='ltr'>remedium</span> <span class='ocrx_word' id='word_1_23' title='bbox 2110 732 2126 761; x_wconf 93' lang='lat'>,</span> <span class='ocrx_word' id='word_1_24' title='bbox 2183 681 2297 746; x_wconf 86' lang='lat' dir='ltr'>ubi</span> <span class='ocrx_word' id='word_1_25' title='bbox 2351 679 2595 746; x_wconf 89' lang='lat' dir='ltr'>subditi</span> 
     </span>
     <span class='ocr_line' id='line_1_6' title="bbox 644 767 2595 853; baseline -0.002 -20"><span class='ocrx_word' id='word_1_26' title='bbox 644 770 854 853; x_wconf 87' lang='lat' dir='ltr'>parati</span> <span class='ocrx_word' id='word_1_27' title='bbox 873 778 1030 835; x_wconf 89' lang='lat' dir='ltr'>sunt</span> <span class='ocrx_word' id='word_1_28' title='bbox 1064 777 1131 834; x_wconf 89' lang='lat' dir='ltr'>et</span> <span class='ocrx_word' id='word_1_29' title='bbox 1170 769 1591 835; x_wconf 79' lang='lat' dir='ltr'>mucrom&#39;bus</span> <span class='ocrx_word' id='word_1_30' title='bbox 1617 767 2065 833; x_wconf 80' lang='lat' dir='ltr'>insidiantium</span> <span class='ocrx_word' id='word_1_31' title='bbox 2090 767 2366 832; x_wconf 89' lang='lat' dir='ltr'>obiicere</span> <span class='ocrx_word' id='word_1_32' title='bbox 2409 787 2481 832; x_wconf 89' lang='lat' dir='ltr'>se</span> <span class='ocrx_word' id='word_1_33' title='bbox 2527 773 2595 831; x_wconf 92' lang='lat' dir='ltr'>et</span> 
     </span>
     <span class='ocr_line' id='line_1_7' title="bbox 645 854 1694 937; baseline 0 -19"><span class='ocrx_word' id='word_1_34' title='bbox 645 854 1062 921; x_wconf 78' lang='lat' dir='ltr'>substernere</span> <span class='ocrx_word' id='word_1_35' title='bbox 1106 875 1374 937; x_wconf 86' lang='lat' dir='ltr'>corpora</span> <span class='ocrx_word' id='word_1_36' title='bbox 1415 875 1533 919; x_wconf 87' lang='lat' dir='ltr'>sua</span> <span class='ocrx_word' id='word_1_37' title='bbox 1575 863 1694 919; x_wconf 87' lang='lat' dir='ltr'>etc.</span> 
     </span>
    </p>

    <p class='ocr_par' dir='ltr' id='par_1_4' title="bbox 641 936 2593 1861">
     <span class='ocr_line' id='line_1_8' title="bbox 819 936 2591 1026; baseline -0.002 -22"><span class='ocrx_word' id='word_1_38' title='bbox 819 938 1221 1007; x_wconf 72' lang='lat' dir='ltr'>Substernere</span> <span class='ocrx_word' id='word_1_39' title='bbox 1252 961 1512 1022; x_wconf 78' lang='lat' dir='ltr'>corpora</span> <span class='ocrx_word' id='word_1_40' title='bbox 1552 936 1702 1026; x_wconf 74' lang='lat' dir='ltr'>sua]</span> <span class='ocrx_word' id='word_1_41' title='bbox 1741 937 2128 1020; x_wconf 84' lang='lat' dir='ltr'>Metaphora</span> <span class='ocrx_word' id='word_1_42' title='bbox 2167 944 2268 1003; x_wconf 89' lang='lat' dir='ltr'>est</span> <span class='ocrx_word' id='word_1_43' title='bbox 2308 938 2591 1022; x_wconf 89' lang='lat' dir='ltr'>elegans,</span> 
     </span>
     <span class='ocr_line' id='line_1_9' title="bbox 644 1021 2593 1110; baseline -0.002 -20"><span class='ocrx_word' id='word_1_44' title='bbox 644 1034 713 1090; x_wconf 89' lang='lat' dir='ltr'>et</span> <span class='ocrx_word' id='word_1_45' title='bbox 754 1028 860 1090; x_wconf 90' lang='lat' dir='ltr'>cui</span> <span class='ocrx_word' id='word_1_46' title='bbox 903 1028 1099 1091; x_wconf 89' lang='lat' dir='ltr'>etiam</span> <span class='ocrx_word' id='word_1_47' title='bbox 1141 1028 1419 1110; x_wconf 82' lang='lat' dir='ltr'><strong>gratiam</strong></span> <span class='ocrx_word' id='word_1_48' title='bbox 1463 1023 1646 1090; x_wconf 89' lang='lat' dir='ltr'>addit</span> <span class='ocrx_word' id='word_1_49' title='bbox 1689 1024 2013 1089; x_wconf 88' lang='lat' dir='ltr'>rhetorica</span> <span class='ocrx_word' id='word_1_50' title='bbox 2052 1021 2374 1107; x_wconf 72' lang='grc' dir='ltr'>ὕπερβολῆ.</span> <span class='ocrx_word' id='word_1_51' title='bbox 2458 1023 2593 1087; x_wconf 89' lang='lat' dir='ltr'>Ne-</span> 
     </span>
     <span class='ocr_line' id='line_1_10' title="bbox 642 1108 2593 1195; baseline -0.003 -19"><span class='ocrx_word' id='word_1_52' title='bbox 642 1132 767 1194; x_wconf 85' lang='lat' dir='ltr'>que</span> <span class='ocrx_word' id='word_1_53' title='bbox 810 1112 985 1176; x_wconf 83' lang='lat' dir='ltr'>cuim</span> <span class='ocrx_word' id='word_1_54' title='bbox 1019 1113 1282 1195; x_wconf 85' lang='lat' dir='ltr'><strong>proprie</strong></span> <span class='ocrx_word' id='word_1_55' title='bbox 1317 1112 1637 1176; x_wconf 77' lang='lat' dir='ltr'>sternitur</span> <span class='ocrx_word' id='word_1_56' title='bbox 1671 1111 1779 1176; x_wconf 87' lang='lat' dir='ltr'>via</span> <span class='ocrx_word' id='word_1_57' title='bbox 1811 1108 1895 1173; x_wconf 90' lang='lat' dir='ltr'>ad</span> <span class='ocrx_word' id='word_1_58' title='bbox 1930 1109 2208 1174; x_wconf 88' lang='lat' dir='ltr'>salutem</span> <span class='ocrx_word' id='word_1_59' title='bbox 2264 1109 2593 1191; x_wconf 89' lang='lat' dir='ltr'>imperan-</span> 
     </span>
     <span class='ocr_line' id='line_1_11' title="bbox 641 1193 2590 1280; baseline -0.002 -18"><span class='ocrx_word' id='word_1_60' title='bbox 641 1197 727 1262; x_wconf 86' lang='lat' dir='ltr'>tis</span> <span class='ocrx_word' id='word_1_61' title='bbox 770 1218 855 1262; x_wconf 85' lang='lat' dir='ltr'>ex</span> <span class='ocrx_word' id='word_1_62' title='bbox 897 1198 1273 1280; x_wconf 89' lang='lat' dir='ltr'>corporibus</span> <span class='ocrx_word' id='word_1_63' title='bbox 1313 1197 1648 1262; x_wconf 88' lang='lat' dir='ltr'>humanis:</span> <span class='ocrx_word' id='word_1_64' title='bbox 1700 1216 1911 1276; x_wconf 88' lang='lat' dir='ltr'>neque</span> <span class='ocrx_word' id='word_1_65' title='bbox 1966 1193 2038 1259; x_wconf 92' lang='lat' dir='ltr'>id</span> <span class='ocrx_word' id='word_1_66' title='bbox 2080 1200 2260 1260; x_wconf 91' lang='lat' dir='ltr'>caret</span> <span class='ocrx_word' id='word_1_67' title='bbox 2301 1214 2590 1272; x_wconf 83' lang='lat' dir='ltr'>excessu,</span> 
     </span>
     <span class='ocr_line' id='line_1_12' title="bbox 642 1279 2592 1366; baseline -0.001 -20"><span class='ocrx_word' id='word_1_68' title='bbox 642 1286 717 1346; x_wconf 89' lang='lat' dir='ltr'>ut</span> <span class='ocrx_word' id='word_1_69' title='bbox 753 1303 1024 1366; x_wconf 87' lang='lat' dir='ltr'>corpora</span> <span class='ocrx_word' id='word_1_70' title='bbox 1063 1304 1184 1347; x_wconf 91' lang='lat' dir='ltr'>sua</span> <span class='ocrx_word' id='word_1_71' title='bbox 1217 1283 1669 1360; x_wconf 83' lang='lat' dir='ltr'>substernant,</span> <span class='ocrx_word' id='word_1_72' title='bbox 1716 1286 1781 1346; x_wconf 90' lang='lat' dir='ltr'>et</span> <span class='ocrx_word' id='word_1_73' title='bbox 1825 1281 1948 1344; x_wconf 86' lang='lat' dir='ltr'>iter</span> <span class='ocrx_word' id='word_1_74' title='bbox 1990 1279 2089 1343; x_wconf 90' lang='lat' dir='ltr'>illi</span> <span class='ocrx_word' id='word_1_75' title='bbox 2132 1280 2466 1344; x_wconf 78' lang='lat' dir='ltr'>instruant</span> <span class='ocrx_word' id='word_1_76' title='bbox 2508 1300 2592 1344; x_wconf 81' lang='lat' dir='ltr'>ex</span> 
     </span>
     <span class='ocr_line' id='line_1_13' title="bbox 643 1365 2590 1452; baseline -0.003 -20"><span class='ocrx_word' id='word_1_77' title='bbox 643 1375 860 1452; x_wconf 80' lang='lat' dir='ltr'>strage</span> <span class='ocrx_word' id='word_1_78' title='bbox 905 1367 1315 1434; x_wconf 84' lang='lat' dir='ltr'>cadaverum.</span> <span class='ocrx_word' id='word_1_79' title='bbox 1406 1367 1629 1432; x_wconf 82' lang='lat' dir='ltr'>Verba</span> <span class='ocrx_word' id='word_1_80' title='bbox 1663 1375 1881 1431; x_wconf 90' lang='lat' dir='ltr'>autem</span> <span class='ocrx_word' id='word_1_81' title='bbox 1917 1366 2082 1430; x_wconf 91' lang='lat' dir='ltr'>bene</span> <span class='ocrx_word' id='word_1_82' title='bbox 2116 1365 2290 1431; x_wconf 90' lang='lat' dir='ltr'>inter</span> <span class='ocrx_word' id='word_1_83' title='bbox 2324 1386 2396 1431; x_wconf 90' lang='lat' dir='ltr'>se</span> <span class='ocrx_word' id='word_1_84' title='bbox 2435 1383 2590 1430; x_wconf 88' lang='lat' dir='ltr'>con-</span> 
     </span>
     <span class='ocr_line' id='line_1_14' title="bbox 642 1449 2591 1536; baseline -0.002 -18"><span class='ocrx_word' id='word_1_85' title='bbox 642 1455 942 1531; x_wconf 87' lang='lat' dir='ltr'>veniunt,</span> <span class='ocrx_word' id='word_1_86' title='bbox 985 1460 1053 1517; x_wconf 92' lang='lat' dir='ltr'>et</span> <span class='ocrx_word' id='word_1_87' title='bbox 1086 1453 1509 1536; x_wconf 73' lang='lat' dir='ltr'>metaphorae</span> <span class='ocrx_word' id='word_1_88' title='bbox 1534 1459 1689 1518; x_wconf 88' lang='lat' dir='ltr'>sunt</span> <span class='ocrx_word' id='word_1_89' title='bbox 1729 1451 2227 1535; x_wconf 84' lang='lat' dir='ltr'>appositissima.</span> <span class='ocrx_word' id='word_1_90' title='bbox 2275 1449 2591 1517; x_wconf 78' lang='lat' dir='ltr'>Sternere</span> 
     </span>
     <span class='ocr_line' id='line_1_15' title="bbox 644 1536 2589 1622; baseline -0.002 -20"><span class='ocrx_word' id='word_1_91' title='bbox 644 1539 821 1602; x_wconf 90' lang='lat' dir='ltr'>enim</span> <span class='ocrx_word' id='word_1_92' title='bbox 863 1547 932 1603; x_wconf 90' lang='lat' dir='ltr'>et</span> <span class='ocrx_word' id='word_1_93' title='bbox 977 1539 1301 1603; x_wconf 87' lang='lat' dir='ltr'>instruere</span> <span class='ocrx_word' id='word_1_94' title='bbox 1335 1560 1455 1622; x_wconf 90' lang='lat' dir='ltr'>pro</span> <span class='ocrx_word' id='word_1_95' title='bbox 1490 1559 1565 1603; x_wconf 93' lang='lat' dir='ltr'>eo</span> <span class='ocrx_word' id='word_1_96' title='bbox 1604 1537 1849 1602; x_wconf 89' lang='lat' dir='ltr'>usitata</span> <span class='ocrx_word' id='word_1_97' title='bbox 1890 1545 2047 1601; x_wconf 90' lang='lat' dir='ltr'>sunt</span> <span class='ocrx_word' id='word_1_98' title='bbox 2089 1536 2262 1619; x_wconf 89' lang='lat' dir='ltr'>apud</span> <span class='ocrx_word' id='word_1_99' title='bbox 2309 1543 2589 1614; x_wconf 86' lang='lat' dir='ltr'>autores,</span> 
     </span>
     <span class='ocr_line' id='line_1_16' title="bbox 641 1619 2593 1707; baseline -0.001 -19"><span class='ocrx_word' id='word_1_100' title='bbox 641 1622 813 1707; x_wconf 91' lang='lat' dir='ltr'>quod</span> <span class='ocrx_word' id='word_1_101' title='bbox 870 1623 1031 1688; x_wconf 89' lang='lat' dir='ltr'>alias</span> <span class='ocrx_word' id='word_1_102' title='bbox 1074 1625 1299 1707; x_wconf 81' lang='lat' dir='ltr'>pavire</span> <span class='ocrx_word' id='word_1_103' title='bbox 1358 1624 1520 1688; x_wconf 81' lang='lat' dir='ltr'>alias</span> <span class='ocrx_word' id='word_1_104' title='bbox 1574 1623 1836 1688; x_wconf 90' lang='lat' dir='ltr'>munire</span> <span class='ocrx_word' id='word_1_105' title='bbox 1907 1621 2164 1687; x_wconf 90' lang='lat' dir='ltr'>dicitur.</span> <span class='ocrx_word' id='word_1_106' title='bbox 2256 1619 2364 1687; x_wconf 90' lang='lat' dir='ltr'>Ad</span> <span class='ocrx_word' id='word_1_107' title='bbox 2420 1622 2593 1686; x_wconf 87' lang='lat' dir='ltr'>hanc</span> 
     </span>
     <span class='ocr_line' id='line_1_17' title="bbox 643 1707 2590 1790; baseline -0.002 -17"><span class='ocrx_word' id='word_1_108' title='bbox 643 1709 1036 1773; x_wconf 88' lang='lat' dir='ltr'>sententiam</span> <span class='ocrx_word' id='word_1_109' title='bbox 1093 1708 1351 1775; x_wconf 88' lang='lat' dir='ltr'>videtur</span> <span class='ocrx_word' id='word_1_110' title='bbox 1415 1710 1729 1775; x_wconf 85' lang='lat' dir='ltr'>Lucanus</span> <span class='ocrx_word' id='word_1_111' title='bbox 1783 1707 2080 1773; x_wconf 84' lang='lat' dir='ltr'>allusisse</span> <span class='ocrx_word' id='word_1_112' title='bbox 2135 1707 2302 1773; x_wconf 90' lang='lat' dir='ltr'>libro</span> <span class='ocrx_word' id='word_1_113' title='bbox 2355 1708 2590 1790; x_wconf 89' lang='lat' dir='ltr'>primo,</span> 
     </span>
     <span class='ocr_line' id='line_1_18' title="bbox 647 1793 2009 1861; baseline -0.001 -3"><span class='ocrx_word' id='word_1_114' title='bbox 647 1795 762 1860; x_wconf 89' lang='lat' dir='ltr'>ubi</span> <span class='ocrx_word' id='word_1_115' title='bbox 806 1802 1025 1859; x_wconf 90' lang='lat' dir='ltr'>tamen</span> <span class='ocrx_word' id='word_1_116' title='bbox 1069 1794 1311 1861; x_wconf 89' lang='lat' dir='ltr'>ironice</span> <span class='ocrx_word' id='word_1_117' title='bbox 1354 1793 1611 1859; x_wconf 84' lang='lat' dir='ltr'>deridet</span> <span class='ocrx_word' id='word_1_118' title='bbox 1651 1793 2009 1858; x_wconf 87' lang='lat' dir='ltr'>Neronem:</span> 
     </span>
    </p>

    <p class='ocr_par' dir='ltr' id='par_1_5' title="bbox 849 1892 2079 1963">
     <span class='ocr_line' id='line_1_19' title="bbox 849 1892 2079 1963; baseline -0.003 -12"><span class='ocrx_word' id='word_1_119' title='bbox 849 1895 1006 1963; x_wconf 81' lang='lat' dir='ltr'>Quod</span> <span class='ocrx_word' id='word_1_120' title='bbox 1041 1897 1086 1951; x_wconf 91' lang='lat' dir='ltr'>si</span> <span class='ocrx_word' id='word_1_121' title='bbox 1123 1913 1229 1951; x_wconf 89' lang='lat' dir='ltr'>non</span> <span class='ocrx_word' id='word_1_122' title='bbox 1265 1896 1424 1949; x_wconf 88' lang='lat' dir='ltr'>aliam</span> <span class='ocrx_word' id='word_1_123' title='bbox 1459 1904 1686 1947; x_wconf 82' lang='lat' dir='ltr'>venturo</span> <span class='ocrx_word' id='word_1_124' title='bbox 1724 1893 1840 1947; x_wconf 82' lang='lat' dir='ltr'>fata</span> <span class='ocrx_word' id='word_1_125' title='bbox 1874 1892 2079 1948; x_wconf 84' lang='lat' dir='ltr'>Neroni</span> 
     </span>
    </p>

    <p class='ocr_par' dir='ltr' id='par_1_6' title="bbox 845 1965 2191 2034">
     <span class='ocr_line' id='line_1_20' title="bbox 845 1965 2191 2034; baseline -0.001 -16"><span class='ocrx_word' id='word_1_126' title='bbox 845 1965 1105 2019; x_wconf 77' lang='lat' dir='ltr'>Invenere</span> <span class='ocrx_word' id='word_1_127' title='bbox 1141 1966 1300 2034; x_wconf 87' lang='lat' dir='ltr'>viam,</span> <span class='ocrx_word' id='word_1_128' title='bbox 1334 1977 1635 2032; x_wconf 83' lang='lat' dir='ltr'>magnoque</span> <span class='ocrx_word' id='word_1_129' title='bbox 1673 1968 1896 2016; x_wconf 86' lang='lat' dir='ltr'>aeterna</span> <span class='ocrx_word' id='word_1_130' title='bbox 1930 1971 2191 2031; x_wconf 78' lang='lat' dir='ltr'>parantur</span> 
     </span>
    </p>

    <p class='ocr_par' dir='ltr' id='par_1_7' title="bbox 849 2032 2161 2102">
     <span class='ocr_line' id='line_1_21' title="bbox 849 2032 2161 2102; baseline -0.004 -13"><span class='ocrx_word' id='word_1_131' title='bbox 849 2033 1039 2102; x_wconf 76' lang='lat' dir='ltr'>Regna</span> <span class='ocrx_word' id='word_1_132' title='bbox 1074 2033 1191 2101; x_wconf 87' lang='lat' dir='ltr'>diis,</span> <span class='ocrx_word' id='word_1_133' title='bbox 1229 2033 1542 2100; x_wconf 86' lang='lat' dir='ltr'>coelumque</span> <span class='ocrx_word' id='word_1_134' title='bbox 1579 2046 1678 2084; x_wconf 88' lang='lat' dir='ltr'>suo</span> <span class='ocrx_word' id='word_1_135' title='bbox 1715 2032 1916 2087; x_wconf 81' lang='lat' dir='ltr'>servire</span> <span class='ocrx_word' id='word_1_136' title='bbox 1953 2033 2161 2085; x_wconf 83' lang='lat' dir='ltr'>tonanti</span> 
     </span>
    </p>

    <p class='ocr_par' dir='ltr' id='par_1_8' title="bbox 846 2100 2344 2169">
     <span class='ocr_line' id='line_1_22' title="bbox 846 2100 2344 2169; baseline -0.002 -14"><span class='ocrx_word' id='word_1_137' title='bbox 846 2100 972 2156; x_wconf 84' lang='lat' dir='ltr'>Non</span> <span class='ocrx_word' id='word_1_138' title='bbox 1006 2102 1107 2156; x_wconf 90' lang='lat' dir='ltr'>nisi</span> <span class='ocrx_word' id='word_1_139' title='bbox 1142 2117 1454 2169; x_wconf 84' lang='lat' dir='ltr'>magnorum</span> <span class='ocrx_word' id='word_1_140' title='bbox 1489 2100 1667 2167; x_wconf 88' lang='lat' dir='ltr'>potuit</span> <span class='ocrx_word' id='word_1_141' title='bbox 1699 2107 1829 2167; x_wconf 88' lang='lat' dir='ltr'>post</span> <span class='ocrx_word' id='word_1_142' title='bbox 1865 2100 2020 2154; x_wconf 86' lang='lat' dir='ltr'>bella.</span> <span class='ocrx_word' id='word_1_143' title='bbox 2040 2102 2344 2169; x_wconf 82' lang='lat' dir='ltr'>gigantum:</span> 
     </span>
    </p>

    <p class='ocr_par' dir='ltr' id='par_1_9' title="bbox 846 2166 2403 2306">
     <span class='ocr_line' id='line_1_23' title="bbox 846 2166 2403 2306; baseline 0 -15"><span class='ocrx_word' id='word_1_144' title='bbox 846 2171 964 2292; x_wconf 55' lang='lat'>{1:52</span> <span class='ocrx_word' id='word_1_145' title='bbox 998 2169 1707 2306; x_wconf 50' lang='lat' dir='ltr'>ffiffl‘iassussiitffirfflg</span> <span class='ocrx_word' id='word_1_146' title='bbox 1744 2166 2403 2305; x_wconf 48' lang='grc' dir='ltr'>ἱῗέξζὲυἳὸἒαέῧξῗῳθ</span> 
     </span>
    </p>

    <p class='ocr_par' dir='ltr' id='par_1_10' title="bbox 846 2305 2380 2375">
     <span class='ocr_line' id='line_1_24' title="bbox 846 2305 2380 2375; baseline -0.001 -16"><span class='ocrx_word' id='word_1_147' title='bbox 846 2306 1091 2375; x_wconf 79' lang='lat' dir='ltr'>Impleat,</span> <span class='ocrx_word' id='word_1_148' title='bbox 1128 2314 1184 2359; x_wconf 88' lang='lat' dir='ltr'>et</span> <span class='ocrx_word' id='word_1_149' title='bbox 1220 2305 1386 2360; x_wconf 80' lang='lat' dir='ltr'>Poeni</span> <span class='ocrx_word' id='word_1_150' title='bbox 1422 2310 1730 2358; x_wconf 81' lang='lat' dir='ltr'>saturentur</span> <span class='ocrx_word' id='word_1_151' title='bbox 1766 2305 2021 2371; x_wconf 76' lang='lat' dir='ltr'>sanguine</span> <span class='ocrx_word' id='word_1_152' title='bbox 2058 2320 2241 2359; x_wconf 86' lang='lat' dir='ltr'>manes</span> <span class='ocrx_word' id='word_1_153' title='bbox 2279 2311 2380 2359; x_wconf 84' lang='lat' dir='ltr'>etc.</span> 
     </span>
    </p>

    <p class='ocr_par' dir='ltr' id='par_1_11' title="bbox 638 2386 2594 3227">
     <span class='ocr_line' id='line_1_25' title="bbox 817 2386 2591 2475; baseline -0.001 -18"><span class='ocrx_word' id='word_1_154' title='bbox 817 2392 964 2457; x_wconf 80' lang='lat' dir='ltr'>Non</span> <span class='ocrx_word' id='word_1_155' title='bbox 1004 2391 1105 2457; x_wconf 77' lang='lat' dir='ltr'>hic</span> <span class='ocrx_word' id='word_1_156' title='bbox 1146 2396 1237 2456; x_wconf 76' lang='lat' dir='ltr'>est</span> <span class='ocrx_word' id='word_1_157' title='bbox 1275 2392 1414 2455; x_wconf 76' lang='lat' dir='ltr'>sine</span> <span class='ocrx_word' id='word_1_158' title='bbox 1453 2386 1722 2475; x_wconf 77' lang='lat' dir='ltr'>ratione]</span> <span class='ocrx_word' id='word_1_159' title='bbox 1781 2387 2113 2474; x_wconf 89' lang='lat' dir='ltr'>Prolepsis</span> <span class='ocrx_word' id='word_1_160' title='bbox 2156 2411 2272 2455; x_wconf 91' lang='lat' dir='ltr'>seu</span> <span class='ocrx_word' id='word_1_161' title='bbox 2315 2411 2591 2473; x_wconf 88' lang='lat' dir='ltr'>occupa-</span> 
     </span>
     <span class='ocr_line' id='line_1_26' title="bbox 640 2474 2591 2561; baseline -0.003 -17"><span class='ocrx_word' id='word_1_162' title='bbox 640 2479 749 2558; x_wconf 90' lang='lat' dir='ltr'>tio,</span> <span class='ocrx_word' id='word_1_163' title='bbox 808 2499 891 2543; x_wconf 91' lang='lat' dir='ltr'>ne</span> <span class='ocrx_word' id='word_1_164' title='bbox 934 2477 1082 2561; x_wconf 85' lang='lat' dir='ltr'>quis</span> <span class='ocrx_word' id='word_1_165' title='bbox 1116 2477 1465 2543; x_wconf 75' lang='lat' dir='ltr'>cavilletur</span> <span class='ocrx_word' id='word_1_166' title='bbox 1505 2474 1947 2541; x_wconf 86' lang='lat' dir='ltr'>temeritatem</span> <span class='ocrx_word' id='word_1_167' title='bbox 1990 2497 2132 2542; x_wconf 90' lang='lat' dir='ltr'>esse</span> <span class='ocrx_word' id='word_1_168' title='bbox 2176 2484 2370 2559; x_wconf 85' lang='lat' dir='ltr'>atque</span> <span class='ocrx_word' id='word_1_169' title='bbox 2412 2476 2591 2540; x_wconf 88' lang='lat' dir='ltr'>insa-</span> 
     </span>
     <span class='ocr_line' id='line_1_27' title="bbox 638 2560 2594 2643; baseline -0.003 -13"><span class='ocrx_word' id='word_1_170' title='bbox 638 2565 833 2643; x_wconf 86' lang='lat' dir='ltr'>niam,</span> <span class='ocrx_word' id='word_1_171' title='bbox 904 2570 1004 2628; x_wconf 90' lang='lat' dir='ltr'>tot</span> <span class='ocrx_word' id='word_1_172' title='bbox 1070 2563 1415 2628; x_wconf 87' lang='lat' dir='ltr'>hominum</span> <span class='ocrx_word' id='word_1_173' title='bbox 1467 2560 1678 2625; x_wconf 90' lang='lat' dir='ltr'>millia</span> <span class='ocrx_word' id='word_1_174' title='bbox 1729 2581 1798 2625; x_wconf 90' lang='lat' dir='ltr'>se</span> <span class='ocrx_word' id='word_1_175' title='bbox 1852 2564 2048 2626; x_wconf 90' lang='lat' dir='ltr'>morti</span> <span class='ocrx_word' id='word_1_176' title='bbox 2101 2561 2461 2639; x_wconf 90' lang='lat' dir='ltr'>destinare,</span> <span class='ocrx_word' id='word_1_177' title='bbox 2518 2567 2594 2625; x_wconf 88' lang='lat' dir='ltr'>ut</span> 
     </span>
     <span class='ocr_line' id='line_1_28' title="bbox 638 2648 2592 2716; baseline -0.002 0"><span class='ocrx_word' id='word_1_178' title='bbox 638 2652 835 2716; x_wconf 87' lang='lat' dir='ltr'>unius</span> <span class='ocrx_word' id='word_1_179' title='bbox 896 2649 1101 2714; x_wconf 83' lang='lat' dir='ltr'>vitam</span> <span class='ocrx_word' id='word_1_180' title='bbox 1156 2649 1349 2713; x_wconf 88' lang='lat' dir='ltr'>morti</span> <span class='ocrx_word' id='word_1_181' title='bbox 1418 2648 1712 2713; x_wconf 82' lang='lat' dir='ltr'>eximant</span> <span class='ocrx_word' id='word_1_182' title='bbox 1726 2667 1750 2710; x_wconf 75' lang='grc' dir='ltr'>ε.</span> <span class='ocrx_word' id='word_1_183' title='bbox 1799 2666 1871 2711; x_wconf 92' lang='lat' dir='ltr'>se</span> <span class='ocrx_word' id='word_1_184' title='bbox 1923 2649 1995 2712; x_wconf 88' lang='lat' dir='ltr'>in</span> <span class='ocrx_word' id='word_1_185' title='bbox 2048 2655 2303 2715; x_wconf 88' lang='lat' dir='ltr'>certum</span> <span class='ocrx_word' id='word_1_186' title='bbox 2359 2648 2592 2712; x_wconf 88' lang='lat' dir='ltr'>mortis</span> 
     </span>
     <span class='ocr_line' id='line_1_29' title="bbox 638 2731 2593 2819; baseline -0.002 -18"><span class='ocrx_word' id='word_1_187' title='bbox 638 2735 1004 2819; x_wconf 88' lang='lat' dir='ltr'>periculum</span> <span class='ocrx_word' id='word_1_188' title='bbox 1072 2734 1360 2813; x_wconf 83' lang='lat' dir='ltr'>reiicere,</span> <span class='ocrx_word' id='word_1_189' title='bbox 1393 2739 1468 2797; x_wconf 91' lang='lat' dir='ltr'>ut</span> <span class='ocrx_word' id='word_1_190' title='bbox 1502 2731 1583 2796; x_wconf 90' lang='lat' dir='ltr'>ab</span> <span class='ocrx_word' id='word_1_191' title='bbox 1618 2751 1751 2797; x_wconf 90' lang='lat' dir='ltr'>uno</span> <span class='ocrx_word' id='word_1_192' title='bbox 1788 2734 1999 2814; x_wconf 89' lang='lat' dir='ltr'>capite</span> <span class='ocrx_word' id='word_1_193' title='bbox 2034 2733 2371 2816; x_wconf 88' lang='lat' dir='ltr'>repellant.</span> <span class='ocrx_word' id='word_1_194' title='bbox 2461 2732 2593 2799; x_wconf 89' lang='lat' dir='ltr'>Hic</span> 
     </span>
     <span class='ocr_line' id='line_1_30' title="bbox 639 2816 2592 2904; baseline -0.004 -15"><span class='ocrx_word' id='word_1_195' title='bbox 639 2819 993 2904; x_wconf 78' lang='lat' dir='ltr'>respondet</span> <span class='ocrx_word' id='word_1_196' title='bbox 1090 2839 1317 2897; x_wconf 90' lang='lat' dir='ltr'>eneca,</span> <span class='ocrx_word' id='word_1_197' title='bbox 1363 2818 1727 2900; x_wconf 89' lang='lat' dir='ltr'>principem</span> <span class='ocrx_word' id='word_1_198' title='bbox 1772 2838 1914 2881; x_wconf 90' lang='lat' dir='ltr'>esse</span> <span class='ocrx_word' id='word_1_199' title='bbox 1957 2819 2028 2881; x_wconf 91' lang='lat' dir='ltr'>in</span> <span class='ocrx_word' id='word_1_200' title='bbox 2073 2838 2144 2883; x_wconf 89' lang='lat' dir='ltr'>re</span> <span class='ocrx_word' id='word_1_201' title='bbox 2191 2816 2402 2887; x_wconf 85' lang='lat' dir='ltr'>ublica</span> <span class='ocrx_word' id='word_1_202' title='bbox 2447 2827 2592 2882; x_wconf 91' lang='lat' dir='ltr'>tan-</span> 
     </span>
     <span class='ocr_line' id='line_1_31' title="bbox 640 2900 2592 2989; baseline -0.002 -18"><span class='ocrx_word' id='word_1_203' title='bbox 640 2926 837 2989; x_wconf 85' lang='lat' dir='ltr'>quam</span> <span class='ocrx_word' id='word_1_204' title='bbox 889 2904 1182 2969; x_wconf 88' lang='lat' dir='ltr'>animum</span> <span class='ocrx_word' id='word_1_205' title='bbox 1230 2904 1302 2967; x_wconf 91' lang='lat' dir='ltr'>in</span> <span class='ocrx_word' id='word_1_206' title='bbox 1343 2924 1626 2985; x_wconf 90' lang='lat' dir='ltr'>corpore.</span> <span class='ocrx_word' id='word_1_207' title='bbox 1719 2900 2130 2982; x_wconf 81' lang='lat' dir='ltr'>Quemadmo</span> <span class='ocrx_word' id='word_1_208' title='bbox 2175 2924 2288 2967; x_wconf 88' lang='lat' dir='ltr'>um</span> <span class='ocrx_word' id='word_1_209' title='bbox 2332 2904 2592 2967; x_wconf 89' lang='lat' dir='ltr'>animus</span> 
     </span>
     <span class='ocr_line' id='line_1_32' title="bbox 640 2987 2587 3073; baseline -0.003 -16"><span class='ocrx_word' id='word_1_210' title='bbox 640 2992 861 3058; x_wconf 90' lang='lat' dir='ltr'>omnia</span> <span class='ocrx_word' id='word_1_211' title='bbox 913 2987 1356 3054; x_wconf 87' lang='lat' dir='ltr'>membrorum</span> <span class='ocrx_word' id='word_1_212' title='bbox 1411 2990 1777 3054; x_wconf 74' lang='lat' dir='ltr'>ministeria</span> <span class='ocrx_word' id='word_1_213' title='bbox 1831 2989 2001 3073; x_wconf 84' lang='lat' dir='ltr'>regit</span> <span class='ocrx_word' id='word_1_214' title='bbox 2061 3010 2136 3055; x_wconf 90' lang='lat' dir='ltr'>ac</span> <span class='ocrx_word' id='word_1_215' title='bbox 2191 2988 2587 3064; x_wconf 87' lang='lat' dir='ltr'>moderatur,</span> 
     </span>
     <span class='ocr_line' id='line_1_33' title="bbox 642 3074 2593 3157; baseline -0.001 -16"><span class='ocrx_word' id='word_1_216' title='bbox 642 3078 736 3141; x_wconf 88' lang='lat' dir='ltr'>ita</span> <span class='ocrx_word' id='word_1_217' title='bbox 758 3074 1003 3141; x_wconf 88' lang='lat' dir='ltr'>subditi</span> <span class='ocrx_word' id='word_1_218' title='bbox 1026 3075 1339 3157; x_wconf 88' lang='lat' dir='ltr'>principis</span> <span class='ocrx_word' id='word_1_219' title='bbox 1362 3083 1603 3138; x_wconf 90' lang='lat' dir='ltr'>nutum</span> <span class='ocrx_word' id='word_1_220' title='bbox 1623 3074 1703 3139; x_wconf 90' lang='lat' dir='ltr'>ad</span> <span class='ocrx_word' id='word_1_221' title='bbox 1746 3076 1968 3139; x_wconf 89' lang='lat' dir='ltr'>omnia</span> <span class='ocrx_word' id='word_1_222' title='bbox 2001 3075 2214 3141; x_wconf 86' lang='lat' dir='ltr'>officia</span> <span class='ocrx_word' id='word_1_223' title='bbox 2247 3075 2593 3139; x_wconf 87' lang='lat' dir='ltr'>intuentur</span> 
     </span>
     <span class='ocr_line' id='line_1_34' title="bbox 642 3162 1544 3227; baseline -0.011 0"><span class='ocrx_word' id='word_1_224' title='bbox 642 3171 710 3227; x_wconf 92' lang='lat' dir='ltr'>et</span> <span class='ocrx_word' id='word_1_225' title='bbox 755 3162 1122 3226; x_wconf 88' lang='lat' dir='ltr'>observant.</span> <span class='ocrx_word' id='word_1_226' title='bbox 1533 3179 1544 3190; x_wconf 74' lang='grc'><strong><em>·</em></strong></span> 
     </span>
    </p>

    <p class='ocr_par' dir='ltr' id='par_1_12' title="bbox 638 3243 2595 3844">
     <span class='ocr_line' id='line_1_35' title="bbox 815 3243 2592 3332; baseline 0.001 -22"><span class='ocrx_word' id='word_1_227' title='bbox 815 3245 1045 3310; x_wconf 72' lang='lat' dir='ltr'>Multis</span> <span class='ocrx_word' id='word_1_228' title='bbox 1087 3246 1385 3310; x_wconf 77' lang='lat' dir='ltr'>mortibus</span> <span class='ocrx_word' id='word_1_229' title='bbox 1427 3265 1622 3310; x_wconf 76' lang='lat' dir='ltr'>unam</span> <span class='ocrx_word' id='word_1_230' title='bbox 1665 3247 1948 3310; x_wconf 68' lang='lat' dir='ltr'>(zamam</span> <span class='ocrx_word' id='word_1_231' title='bbox 1989 3244 2320 3332; x_wconf 81' lang='lat' dir='ltr'>redimere]</span> <span class='ocrx_word' id='word_1_232' title='bbox 2383 3243 2592 3326; x_wconf 76' lang='lat' dir='ltr'>Quasi</span> 
     </span>
     <span class='ocr_line' id='line_1_36' title="bbox 643 3330 2589 3414; baseline -0.001 -17"><span class='ocrx_word' id='word_1_233' title='bbox 643 3333 888 3398; x_wconf 90' lang='lat' dir='ltr'>diceret</span> <span class='ocrx_word' id='word_1_234' title='bbox 937 3330 1105 3396; x_wconf 90' lang='lat' dir='ltr'>male</span> <span class='ocrx_word' id='word_1_235' title='bbox 1148 3331 1410 3413; x_wconf 88' lang='lat' dir='ltr'>pensari</span> <span class='ocrx_word' id='word_1_236' title='bbox 1465 3339 1560 3395; x_wconf 89' lang='lat' dir='ltr'>tot</span> <span class='ocrx_word' id='word_1_237' title='bbox 1603 3339 1848 3397; x_wconf 88' lang='lat' dir='ltr'>mortes</span> <span class='ocrx_word' id='word_1_238' title='bbox 1901 3333 2099 3398; x_wconf 86' lang='lat' dir='ltr'>unius</span> <span class='ocrx_word' id='word_1_239' title='bbox 2155 3333 2325 3412; x_wconf 84' lang='lat' dir='ltr'>vita,</span> <span class='ocrx_word' id='word_1_240' title='bbox 2386 3353 2589 3414; x_wconf 90' lang='lat' dir='ltr'>coque</span> 
     </span>
     <span class='ocr_line' id='line_1_37' title="bbox 639 3416 2592 3503; baseline -0.001 -20"><span class='ocrx_word' id='word_1_241' title='bbox 639 3420 845 3503; x_wconf 89' lang='lat' dir='ltr'>peius,</span> <span class='ocrx_word' id='word_1_242' title='bbox 890 3419 946 3482; x_wconf 90' lang='lat' dir='ltr'>si</span> <span class='ocrx_word' id='word_1_243' title='bbox 982 3437 1181 3482; x_wconf 86' lang='lat' dir='ltr'>senex</span> <span class='ocrx_word' id='word_1_244' title='bbox 1225 3416 1561 3494; x_wconf 89' lang='lat' dir='ltr'>iuvenum,</span> <span class='ocrx_word' id='word_1_245' title='bbox 1608 3417 2129 3482; x_wconf 83' lang='lat' dir='ltr'>valetudinarius</span> <span class='ocrx_word' id='word_1_246' title='bbox 2173 3418 2592 3483; x_wconf 90' lang='lat' dir='ltr'>robustorum</span> 
     </span>
     <span class='ocr_line' id='line_1_38' title="bbox 639 3500 2592 3587; baseline -0.002 -16"><span class='ocrx_word' id='word_1_247' title='bbox 639 3504 915 3571; x_wconf 87' lang='lat' dir='ltr'>interitu</span> <span class='ocrx_word' id='word_1_248' title='bbox 957 3501 1318 3568; x_wconf 79' lang='lat' dir='ltr'>redimitur.</span> <span class='ocrx_word' id='word_1_249' title='bbox 1410 3500 1742 3583; x_wconf 75' lang='lat' dir='ltr'>Quorsum</span> <span class='ocrx_word' id='word_1_250' title='bbox 1799 3504 2000 3587; x_wconf 90' lang='lat' dir='ltr'>igitur</span> <span class='ocrx_word' id='word_1_251' title='bbox 2053 3503 2288 3569; x_wconf 88' lang='lat' dir='ltr'>attinet</span> <span class='ocrx_word' id='word_1_252' title='bbox 2330 3510 2592 3568; x_wconf 88' lang='lat' dir='ltr'>tantum</span> 
     </span>
     <span class='ocr_line' id='line_1_39' title="bbox 640 3587 2594 3674; baseline -0.001 -18"><span class='ocrx_word' id='word_1_253' title='bbox 640 3592 927 3660; x_wconf 88' lang='lat' dir='ltr'>iacturae</span> <span class='ocrx_word' id='word_1_254' title='bbox 970 3590 1184 3654; x_wconf 86' lang='lat' dir='ltr'>facere</span> <span class='ocrx_word' id='word_1_255' title='bbox 1226 3608 1357 3653; x_wconf 90' lang='lat' dir='ltr'>non</span> <span class='ocrx_word' id='word_1_256' title='bbox 1404 3590 1497 3653; x_wconf 89' lang='lat' dir='ltr'>ita</span> <span class='ocrx_word' id='word_1_257' title='bbox 1517 3587 1777 3674; x_wconf 54' lang='lat' dir='ltr'>*magna</span> <span class='ocrx_word' id='word_1_258' title='bbox 1819 3588 2162 3656; x_wconf 78' lang='lat' dir='ltr'>mercede?</span> <span class='ocrx_word' id='word_1_259' title='bbox 2207 3609 2426 3654; x_wconf 90' lang='lat' dir='ltr'>nonne</span> <span class='ocrx_word' id='word_1_260' title='bbox 2469 3610 2594 3672; x_wconf 91' lang='lat' dir='ltr'>pu-</span> 
     </span>
     <span class='ocr_line' id='line_1_40' title="bbox 638 3673 2595 3760; baseline -0.002 -16"><span class='ocrx_word' id='word_1_261' title='bbox 638 3676 806 3744; x_wconf 90' lang='lat' dir='ltr'>blice</span> <span class='ocrx_word' id='word_1_262' title='bbox 831 3674 1253 3760; x_wconf 87' lang='lat' dir='ltr'>delinquitur,</span> <span class='ocrx_word' id='word_1_263' title='bbox 1291 3683 1359 3740; x_wconf 89' lang='lat' dir='ltr'>et</span> <span class='ocrx_word' id='word_1_264' title='bbox 1378 3674 1734 3758; x_wconf 83' lang='lat' dir='ltr'>privatim?</span> <span class='ocrx_word' id='word_1_265' title='bbox 1775 3673 1952 3741; x_wconf 88' lang='lat' dir='ltr'>Sunt</span> <span class='ocrx_word' id='word_1_266' title='bbox 1986 3674 2148 3740; x_wconf 89' lang='lat' dir='ltr'>haec</span> <span class='ocrx_word' id='word_1_267' title='bbox 2184 3674 2381 3740; x_wconf 89' lang='lat' dir='ltr'>etiam</span> <span class='ocrx_word' id='word_1_268' title='bbox 2418 3673 2595 3744; x_wconf 89' lang='lat' dir='ltr'>dicta</span> 
     </span>
     <span class='ocr_line' id='line_1_41' title="bbox 639 3759 1288 3844; baseline 0 -20"><span class='ocrx_word' id='word_1_269' title='bbox 639 3760 788 3824; x_wconf 72' lang='grc' dir='ltr'><strong><em>κατὰ</em></strong></span> <span class='ocrx_word' id='word_1_270' title='bbox 832 3759 931 3839; x_wconf 71' lang='grc' dir='ltr'>τήν</span> <span class='ocrx_word' id='word_1_271' title='bbox 975 3760 1288 3844; x_wconf 74' lang='grc' dir='ltr'><strong><em>πρόληψιν.</em></strong></span> 
     </span>
    </p>

    <p class='ocr_par' dir='ltr' id='par_1_13' title="bbox 636 3844 2599 5300">
     <span class='ocr_line' id='line_1_42' title="bbox 819 3844 2591 3933; baseline -0.001 -21"><span class='ocrx_word' id='word_1_272' title='bbox 819 3847 1343 3929; x_wconf 75' lang='lat' dir='ltr'>Quemadmodum</span> <span class='ocrx_word' id='word_1_273' title='bbox 1397 3851 1585 3910; x_wconf 80' lang='lat' dir='ltr'>totum</span> <span class='ocrx_word' id='word_1_274' title='bbox 1635 3844 1883 3933; x_wconf 73' lang='lat' dir='ltr'>corpus]</span> <span class='ocrx_word' id='word_1_275' title='bbox 1942 3844 2125 3910; x_wconf 87' lang='lat' dir='ltr'>Nihil</span> <span class='ocrx_word' id='word_1_276' title='bbox 2166 3845 2248 3911; x_wconf 90' lang='lat' dir='ltr'>ad</span> <span class='ocrx_word' id='word_1_277' title='bbox 2294 3845 2591 3910; x_wconf 84' lang='lat' dir='ltr'>similitu-</span> 
     </span>
     <span class='ocr_line' id='line_1_43' title="bbox 640 3929 2591 4015; baseline -0.001 -18"><span class='ocrx_word' id='word_1_278' title='bbox 640 3932 864 3997; x_wconf 89' lang='lat' dir='ltr'>dinem</span> <span class='ocrx_word' id='word_1_279' title='bbox 901 3941 1154 4015; x_wconf 90' lang='lat' dir='ltr'>poterat</span> <span class='ocrx_word' id='word_1_280' title='bbox 1187 3933 1405 4014; x_wconf 80' lang='lat' dir='ltr'>aptius</span> <span class='ocrx_word' id='word_1_281' title='bbox 1439 3939 1554 3997; x_wconf 89' lang='lat' dir='ltr'>aut</span> <span class='ocrx_word' id='word_1_282' title='bbox 1591 3931 1858 4015; x_wconf 92' lang='lat' dir='ltr'>propius</span> <span class='ocrx_word' id='word_1_283' title='bbox 1904 3932 2277 4015; x_wconf 83' lang='lat' dir='ltr'>excogitari.</span> <span class='ocrx_word' id='word_1_284' title='bbox 2370 3929 2591 4015; x_wconf 88' lang='lat' dir='ltr'>Siqui-</span> 
     </span>
     <span class='ocr_line' id='line_1_44' title="bbox 640 4016 2594 4101; baseline 0 -20"><span class='ocrx_word' id='word_1_285' title='bbox 640 4016 791 4082; x_wconf 91' lang='lat' dir='ltr'>dem</span> <span class='ocrx_word' id='word_1_286' title='bbox 834 4025 909 4080; x_wconf 91' lang='lat' dir='ltr'>ut</span> <span class='ocrx_word' id='word_1_287' title='bbox 950 4017 1252 4101; x_wconf 88' lang='lat' dir='ltr'>princeps</span> <span class='ocrx_word' id='word_1_288' title='bbox 1297 4025 1364 4082; x_wconf 90' lang='lat' dir='ltr'>et</span> <span class='ocrx_word' id='word_1_289' title='bbox 1406 4039 1576 4083; x_wconf 89' lang='lat' dir='ltr'>unus</span> <span class='ocrx_word' id='word_1_290' title='bbox 1620 4023 1749 4095; x_wconf 90' lang='lat' dir='ltr'>est,</span> <span class='ocrx_word' id='word_1_291' title='bbox 1798 4025 1863 4082; x_wconf 91' lang='lat' dir='ltr'>et</span> <span class='ocrx_word' id='word_1_292' title='bbox 1905 4017 2238 4083; x_wconf 90' lang='lat' dir='ltr'>interdum</span> <span class='ocrx_word' id='word_1_293' title='bbox 2283 4039 2483 4082; x_wconf 85' lang='lat' dir='ltr'>senex</span> <span class='ocrx_word' id='word_1_294' title='bbox 2526 4024 2594 4081; x_wconf 88' lang='lat' dir='ltr'>ct</span> 
     </span>
     <span class='ocr_line' id='line_1_45' title="bbox 639 4101 2591 4186; baseline 0 -20"><span class='ocrx_word' id='word_1_295' title='bbox 639 4101 1186 4180; x_wconf 81' lang='lat' dir='ltr'>valetudinarius,</span> <span class='ocrx_word' id='word_1_296' title='bbox 1212 4105 1307 4166; x_wconf 85' lang='lat' dir='ltr'>ita</span> <span class='ocrx_word' id='word_1_297' title='bbox 1325 4103 1583 4167; x_wconf 87' lang='lat' dir='ltr'>animus</span> <span class='ocrx_word' id='word_1_298' title='bbox 1605 4102 1894 4167; x_wconf 88' lang='lat' dir='ltr'>hominis</span> <span class='ocrx_word' id='word_1_299' title='bbox 1915 4103 2229 4186; x_wconf 88' lang='lat' dir='ltr'>pusillum</span> <span class='ocrx_word' id='word_1_300' title='bbox 2267 4112 2367 4168; x_wconf 91' lang='lat' dir='ltr'>est</span> <span class='ocrx_word' id='word_1_301' title='bbox 2406 4102 2591 4185; x_wconf 90' lang='lat' dir='ltr'>quid-</span> 
     </span>
     <span class='ocr_line' id='line_1_46' title="bbox 641 4187 2594 4272; baseline -0.001 -20"><span class='ocrx_word' id='word_1_302' title='bbox 641 4187 791 4252; x_wconf 86' lang='lat' dir='ltr'>dam</span> <span class='ocrx_word' id='word_1_303' title='bbox 831 4194 897 4251; x_wconf 90' lang='lat' dir='ltr'>et</span> <span class='ocrx_word' id='word_1_304' title='bbox 937 4188 1353 4264; x_wconf 90' lang='lat' dir='ltr'>minutulum,</span> <span class='ocrx_word' id='word_1_305' title='bbox 1397 4187 1602 4255; x_wconf 89' lang='lat' dir='ltr'>nullis</span> <span class='ocrx_word' id='word_1_306' title='bbox 1646 4187 1849 4254; x_wconf 90' lang='lat' dir='ltr'>oculis</span> <span class='ocrx_word' id='word_1_307' title='bbox 1890 4190 2328 4272; x_wconf 89' lang='lat' dir='ltr'>conspicuum.</span> <span class='ocrx_word' id='word_1_308' title='bbox 2417 4189 2594 4252; x_wconf 90' lang='lat' dir='ltr'>Rur-</span> 
     </span>
     <span class='ocr_line' id='line_1_47' title="bbox 640 4273 2595 4355; baseline -0.002 -15"><span class='ocrx_word' id='word_1_309' title='bbox 640 4294 787 4340; x_wconf 89' lang='lat' dir='ltr'>sum</span> <span class='ocrx_word' id='word_1_310' title='bbox 831 4273 1117 4355; x_wconf 90' lang='lat' dir='ltr'>corporis</span> <span class='ocrx_word' id='word_1_311' title='bbox 1157 4279 1307 4352; x_wconf 80' lang='lat' dir='ltr'>[pag.</span> <span class='ocrx_word' id='word_1_312' title='bbox 1335 4280 1444 4353; x_wconf 76' lang='lat'>32]</span> <span class='ocrx_word' id='word_1_313' title='bbox 1485 4280 1674 4340; x_wconf 88' lang='lat' dir='ltr'>vasta</span> <span class='ocrx_word' id='word_1_314' title='bbox 1706 4273 1929 4353; x_wconf 89' lang='lat' dir='ltr'>moles,</span> <span class='ocrx_word' id='word_1_315' title='bbox 1976 4282 2043 4340; x_wconf 93' lang='lat' dir='ltr'>et</span> <span class='ocrx_word' id='word_1_316' title='bbox 2074 4275 2349 4340; x_wconf 87' lang='lat' dir='ltr'>honesta</span> <span class='ocrx_word' id='word_1_317' title='bbox 2390 4295 2595 4338; x_wconf 87' lang='lat' dir='ltr'>mem-</span> 
     </span>
     <span class='ocr_line' id='line_1_48' title="bbox 638 4358 2596 4443; baseline 0.001 -20"><span class='ocrx_word' id='word_1_318' title='bbox 638 4359 909 4423; x_wconf 90' lang='lat' dir='ltr'>brorum</span> <span class='ocrx_word' id='word_1_319' title='bbox 954 4360 1364 4443; x_wconf 85' lang='lat' dir='ltr'>proportione</span> <span class='ocrx_word' id='word_1_320' title='bbox 1399 4362 1704 4442; x_wconf 89' lang='lat' dir='ltr'>speciosa,</span> <span class='ocrx_word' id='word_1_321' title='bbox 1740 4367 1807 4424; x_wconf 87' lang='lat' dir='ltr'>et</span> <span class='ocrx_word' id='word_1_322' title='bbox 1850 4362 2035 4424; x_wconf 89' lang='lat' dir='ltr'>varia</span> <span class='ocrx_word' id='word_1_323' title='bbox 2067 4361 2429 4426; x_wconf 86' lang='lat' dir='ltr'>officiorum</span> <span class='ocrx_word' id='word_1_324' title='bbox 2464 4358 2596 4424; x_wconf 89' lang='lat' dir='ltr'>dis-</span> 
     </span>
     <span class='ocr_line' id='line_1_49' title="bbox 641 4444 2596 4529; baseline 0.001 -21"><span class='ocrx_word' id='word_1_325' title='bbox 641 4445 973 4512; x_wconf 63' lang='lat' dir='ltr'>tinctione.</span> <span class='ocrx_word' id='word_1_326' title='bbox 1061 4444 1458 4527; x_wconf 87' lang='lat' dir='ltr'>Respublica</span> <span class='ocrx_word' id='word_1_327' title='bbox 1501 4452 1758 4512; x_wconf 89' lang='lat' dir='ltr'>constat</span> <span class='ocrx_word' id='word_1_328' title='bbox 1799 4467 1881 4510; x_wconf 82' lang='lat' dir='ltr'>ex</span> <span class='ocrx_word' id='word_1_329' title='bbox 1924 4446 2182 4510; x_wconf 87' lang='lat' dir='ltr'>infinito</span> <span class='ocrx_word' id='word_1_330' title='bbox 2226 4466 2434 4529; x_wconf 90' lang='lat' dir='ltr'>paene</span> <span class='ocrx_word' id='word_1_331' title='bbox 2476 4445 2596 4510; x_wconf 89' lang='lat' dir='ltr'>ho-</span> 
     </span>
     <span class='ocr_line' id='line_1_50' title="bbox 638 4531 2594 4607; baseline 0.001 -13"><span class='ocrx_word' id='word_1_332' title='bbox 638 4531 892 4594; x_wconf 90' lang='lat' dir='ltr'>minum</span> <span class='ocrx_word' id='word_1_333' title='bbox 915 4550 1206 4607; x_wconf 90' lang='lat' dir='ltr'>numero,</span> <span class='ocrx_word' id='word_1_334' title='bbox 1244 4551 1362 4596; x_wconf 88' lang='lat' dir='ltr'>nec</span> <span class='ocrx_word' id='word_1_335' title='bbox 1381 4531 1622 4597; x_wconf 89' lang='lat' dir='ltr'>minori</span> <span class='ocrx_word' id='word_1_336' title='bbox 1655 4532 2020 4597; x_wconf 86' lang='lat' dir='ltr'>officiorum</span> <span class='ocrx_word' id='word_1_337' title='bbox 2045 4532 2378 4596; x_wconf 76' lang='lat' dir='ltr'>varietate.</span> <span class='ocrx_word' id='word_1_338' title='bbox 2432 4531 2594 4596; x_wconf 79' lang='lat' dir='ltr'>&#39;I&#39;er-</span> 
     </span>
     <span class='ocr_line' id='line_1_51' title="bbox 639 4613 2596 4701; baseline 0.002 -22"><span class='ocrx_word' id='word_1_339' title='bbox 639 4616 731 4680; x_wconf 89' lang='lat' dir='ltr'>tio</span> <span class='ocrx_word' id='word_1_340' title='bbox 786 4613 1080 4680; x_wconf 89' lang='lat' dir='ltr'>membra</span> <span class='ocrx_word' id='word_1_341' title='bbox 1135 4617 1419 4698; x_wconf 89' lang='lat' dir='ltr'>corporis</span> <span class='ocrx_word' id='word_1_342' title='bbox 1474 4617 1720 4682; x_wconf 85' lang='lat' dir='ltr'>habent</span> <span class='ocrx_word' id='word_1_343' title='bbox 1773 4615 2039 4701; x_wconf 90' lang='lat' dir='ltr'>quidem</span> <span class='ocrx_word' id='word_1_344' title='bbox 2092 4636 2132 4681; x_wconf 88' lang='lat' dir='ltr'>a</span> <span class='ocrx_word' id='word_1_345' title='bbox 2182 4636 2254 4682; x_wconf 90' lang='lat' dir='ltr'>se</span> <span class='ocrx_word' id='word_1_346' title='bbox 2297 4617 2596 4701; x_wconf 83' lang='lat' dir='ltr'>vigorem</span> 
     </span>
     <span class='ocr_line' id='line_1_52' title="bbox 639 4701 2597 4787; baseline 0 -21"><span class='ocrx_word' id='word_1_347' title='bbox 639 4707 708 4766; x_wconf 91' lang='lat' dir='ltr'>et</span> <span class='ocrx_word' id='word_1_348' title='bbox 751 4701 1119 4766; x_wconf 88' lang='lat' dir='ltr'>naturalem</span> <span class='ocrx_word' id='word_1_349' title='bbox 1167 4701 1505 4785; x_wconf 85' lang='lat' dir='ltr'>impetum,</span> <span class='ocrx_word' id='word_1_350' title='bbox 1553 4702 1668 4767; x_wconf 91' lang='lat' dir='ltr'>sed</span> <span class='ocrx_word' id='word_1_351' title='bbox 1701 4724 1902 4787; x_wconf 90' lang='lat' dir='ltr'>penes</span> <span class='ocrx_word' id='word_1_352' title='bbox 1945 4703 2242 4768; x_wconf 90' lang='lat' dir='ltr'>animum</span> <span class='ocrx_word' id='word_1_353' title='bbox 2287 4711 2387 4767; x_wconf 90' lang='lat' dir='ltr'>est</span> <span class='ocrx_word' id='word_1_354' title='bbox 2429 4711 2597 4767; x_wconf 89' lang='lat' dir='ltr'>tem-</span> 
     </span>
     <span class='ocr_line' id='line_1_53' title="bbox 638 4786 2597 4871; baseline 0.001 -20"><span class='ocrx_word' id='word_1_355' title='bbox 638 4793 962 4870; x_wconf 84' lang='lat' dir='ltr'>peratura.</span> <span class='ocrx_word' id='word_1_356' title='bbox 1051 4787 1136 4850; x_wconf 91' lang='lat' dir='ltr'>In</span> <span class='ocrx_word' id='word_1_357' title='bbox 1179 4786 1382 4871; x_wconf 87' lang='lat' dir='ltr'>vulgo</span> <span class='ocrx_word' id='word_1_358' title='bbox 1435 4788 1583 4869; x_wconf 89' lang='lat' dir='ltr'>plus</span> <span class='ocrx_word' id='word_1_359' title='bbox 1638 4792 1795 4854; x_wconf 90' lang='lat' dir='ltr'>satis</span> <span class='ocrx_word' id='word_1_360' title='bbox 1847 4788 2127 4866; x_wconf 89' lang='lat' dir='ltr'>roboris,</span> <span class='ocrx_word' id='word_1_361' title='bbox 2184 4787 2439 4853; x_wconf 88' lang='lat' dir='ltr'>consilii</span> <span class='ocrx_word' id='word_1_362' title='bbox 2482 4809 2597 4871; x_wconf 91' lang='lat' dir='ltr'>pa-</span> 
     </span>
     <span class='ocr_line' id='line_1_54' title="bbox 638 4871 2599 4958; baseline 0.002 -23"><span class='ocrx_word' id='word_1_363' title='bbox 638 4893 807 4949; x_wconf 90' lang='lat' dir='ltr'>rum,</span> <span class='ocrx_word' id='word_1_364' title='bbox 850 4873 983 4938; x_wconf 91' lang='lat' dir='ltr'>nisi</span> <span class='ocrx_word' id='word_1_365' title='bbox 1025 4871 1291 4937; x_wconf 87' lang='lat' dir='ltr'>aliunde</span> <span class='ocrx_word' id='word_1_366' title='bbox 1331 4872 1783 4940; x_wconf 88' lang='lat' dir='ltr'>sustineretur.</span> <span class='ocrx_word' id='word_1_367' title='bbox 1871 4875 1980 4939; x_wconf 82' lang='lat' dir='ltr'>Ita</span> <span class='ocrx_word' id='word_1_368' title='bbox 2021 4895 2142 4957; x_wconf 91' lang='lat' dir='ltr'>per</span> <span class='ocrx_word' id='word_1_369' title='bbox 2206 4883 2426 4958; x_wconf 79' lang='lat' dir='ltr'>partes</span> <span class='ocrx_word' id='word_1_370' title='bbox 2482 4894 2599 4938; x_wconf 82' lang='lat' dir='ltr'>ex-</span> 
     </span>
     <span class='ocr_line' id='line_1_55' title="bbox 639 4958 2599 5044; baseline 0 -21"><span class='ocrx_word' id='word_1_371' title='bbox 639 4958 946 5023; x_wconf 87' lang='lat' dir='ltr'>cutienda</span> <span class='ocrx_word' id='word_1_372' title='bbox 999 4966 1102 5023; x_wconf 91' lang='lat' dir='ltr'>est</span> <span class='ocrx_word' id='word_1_373' title='bbox 1152 4978 1379 5022; x_wconf 89' lang='lat' dir='ltr'>eorum</span> <span class='ocrx_word' id='word_1_374' title='bbox 1433 4958 1792 5024; x_wconf 87' lang='lat' dir='ltr'>similitudo</span> <span class='ocrx_word' id='word_1_375' title='bbox 1845 4981 2013 5044; x_wconf 88' lang='lat' dir='ltr'>quae</span> <span class='ocrx_word' id='word_1_376' title='bbox 2065 4961 2242 5025; x_wconf 90' lang='lat' dir='ltr'>inter</span> <span class='ocrx_word' id='word_1_377' title='bbox 2298 4981 2368 5025; x_wconf 92' lang='lat' dir='ltr'>se</span> <span class='ocrx_word' id='word_1_378' title='bbox 2422 4980 2599 5026; x_wconf 89' lang='lat' dir='ltr'>com-</span> 
     </span>
     <span class='ocr_line' id='line_1_56' title="bbox 636 5042 2596 5127; baseline 0.001 -19"><span class='ocrx_word' id='word_1_379' title='bbox 636 5051 970 5127; x_wconf 81' lang='lat' dir='ltr'>parantur.</span> <span class='ocrx_word' id='word_1_380' title='bbox 1032 5044 1117 5108; x_wconf 90' lang='lat' dir='ltr'>In</span> <span class='ocrx_word' id='word_1_381' title='bbox 1160 5042 1332 5109; x_wconf 89' lang='lat' dir='ltr'>hanc</span> <span class='ocrx_word' id='word_1_382' title='bbox 1374 5044 1766 5109; x_wconf 75' lang='lat' dir='ltr'>sententiam</span> <span class='ocrx_word' id='word_1_383' title='bbox 1805 5046 2008 5111; x_wconf 81' lang='lat' dir='ltr'>refert</span> <span class='ocrx_word' id='word_1_384' title='bbox 2050 5046 2318 5112; x_wconf 76' lang='lat' dir='ltr'>Tacitus</span> <span class='ocrx_word' id='word_1_385' title='bbox 2359 5045 2469 5111; x_wconf 92' lang='lat' dir='ltr'>lib.</span> <span class='ocrx_word' id='word_1_386' title='bbox 2509 5046 2562 5110; x_wconf 87' lang='lat' dir='ltr'>L</span> <span class='ocrx_word' id='word_1_387' title='bbox 2580 5096 2596 5124; x_wconf 94' lang='lat'>,</span> 
     </span>
     <span class='ocr_line' id='line_1_57' title="bbox 641 5130 2599 5215; baseline 0.002 -22"><span class='ocrx_word' id='word_1_388' title='bbox 641 5149 845 5212; x_wconf 88' lang='lat' dir='ltr'>quum</span> <span class='ocrx_word' id='word_1_389' title='bbox 887 5130 1190 5196; x_wconf 76' lang='lat' dir='ltr'>Tiberius</span> <span class='ocrx_word' id='word_1_390' title='bbox 1247 5136 1524 5214; x_wconf 81' lang='lat' dir='ltr'>negaret</span> <span class='ocrx_word' id='word_1_391' title='bbox 1568 5150 1639 5195; x_wconf 88' lang='lat' dir='ltr'>se</span> <span class='ocrx_word' id='word_1_392' title='bbox 1679 5130 1979 5196; x_wconf 84' lang='lat' dir='ltr'>sufficere</span> <span class='ocrx_word' id='word_1_393' title='bbox 2020 5132 2145 5197; x_wconf 90' lang='lat' dir='ltr'>toti</span> <span class='ocrx_word' id='word_1_394' title='bbox 2202 5130 2599 5215; x_wconf 87' lang='lat' dir='ltr'>reipublicae</span> 
     </span>
     <span class='ocr_line' id='line_1_58' title="bbox 640 5214 2599 5300; baseline 0.001 -20"><span class='ocrx_word' id='word_1_395' title='bbox 640 5214 1215 5295; x_wconf 81' lang='lat' dir='ltr'>administrandae,</span> <span class='ocrx_word' id='word_1_396' title='bbox 1256 5215 1736 5299; x_wconf 80' lang='lat' dir='ltr'>interrogatum</span> <span class='ocrx_word' id='word_1_397' title='bbox 1772 5214 1855 5280; x_wconf 84' lang='lat' dir='ltr'>ab</span> <span class='ocrx_word' id='word_1_398' title='bbox 1898 5216 2125 5282; x_wconf 80' lang='lat' dir='ltr'>Asinio</span> <span class='ocrx_word' id='word_1_399' title='bbox 2166 5216 2363 5283; x_wconf 83' lang='lat' dir='ltr'>Gallo</span> <span class='ocrx_word' id='word_1_400' title='bbox 2398 5237 2599 5300; x_wconf 82' lang='lat' dir='ltr'>quam</span> 
     </span>
    </p>
   </div>
   <div class='ocr_carea' id='block_1_4' title="bbox 2618 512 2683 5273">
    <p class='ocr_par' dir='ltr' id='par_1_14' title="bbox 2618 512 2683 5273">
     <span class='ocr_line' id='line_1_59' title="bbox 2618 512 2683 5273; baseline 0 0"><span class='ocrx_word' id='word_1_401' title='bbox 2618 512 2683 5273; x_wconf 95' lang='lat' dir='ltr'> </span> 
     </span>
    </p>
   </div>
   <div class='ocr_carea' id='block_1_5' title="bbox 2294 321 4605 389">
    <p class='ocr_par' dir='ltr' id='par_1_15' title="bbox 2294 321 4605 389">
     <span class='ocr_line' id='line_1_60' title="bbox 2294 321 4605 389; baseline -0 -1"><span class='ocrx_word' id='word_1_402' title='bbox 2294 321 2423 388; x_wconf 76' lang='lat' dir='ltr'>DE:</span> <span class='ocrx_word' id='word_1_403' title='bbox 2466 321 3012 389; x_wconf 73' lang='lat' dir='ltr'><strong>CLEMENTIA</strong></span> <span class='ocrx_word' id='word_1_404' title='bbox 3822 348 3825 351; x_wconf 57' lang='grc'><strong>’</strong></span> <span class='ocrx_word' id='word_1_405' title='bbox 4531 326 4605 387; x_wconf 77' lang='lat'>44</span> 
     </span>
    </p>
   </div>
   <div class='ocr_carea' id='block_1_6' title="bbox 2693 509 4645 3108">
    <p class='ocr_par' dir='ltr' id='par_1_16' title="bbox 2698 509 4613 936">
     <span class='ocr_line' id='line_1_61' title="bbox 2701 509 4610 593; baseline 0.001 -19"><span class='ocrx_word' id='word_1_406' title='bbox 2701 509 2827 575; x_wconf 88' lang='lat' dir='ltr'>sibi</span> <span class='ocrx_word' id='word_1_407' title='bbox 2868 516 3127 593; x_wconf 85' lang='lat' dir='ltr'>partem</span> <span class='ocrx_word' id='word_1_408' title='bbox 3168 510 3482 576; x_wconf 75' lang='lat' dir='ltr'>committi</span> <span class='ocrx_word' id='word_1_409' title='bbox 3527 510 3730 577; x_wconf 83' lang='lat' dir='ltr'>vellet</span> <span class='ocrx_word' id='word_1_410' title='bbox 3738 533 3753 588; x_wconf 90' lang='lat'>;</span> <span class='ocrx_word' id='word_1_411' title='bbox 3808 509 3922 575; x_wconf 83' lang='lat' dir='ltr'>sed</span> <span class='ocrx_word' id='word_1_412' title='bbox 3977 530 4179 593; x_wconf 90' lang='lat' dir='ltr'>quum</span> <span class='ocrx_word' id='word_1_413' title='bbox 4223 511 4474 576; x_wconf 81' lang='lat' dir='ltr'>Asinius</span> <span class='ocrx_word' id='word_1_414' title='bbox 4512 510 4610 576; x_wconf 83' lang='lat' dir='ltr'>de·</span> 
     </span>
     <span class='ocr_line' id='line_1_62' title="bbox 2700 595 4612 678; baseline 0.001 -18"><span class='ocrx_word' id='word_1_415' title='bbox 2700 595 3158 678; x_wconf 87' lang='lat' dir='ltr'>prehendisset</span> <span class='ocrx_word' id='word_1_416' title='bbox 3199 597 3272 660; x_wconf 91' lang='lat' dir='ltr'>in</span> <span class='ocrx_word' id='word_1_417' title='bbox 3314 596 3502 662; x_wconf 85' lang='lat' dir='ltr'>vultu</span> <span class='ocrx_word' id='word_1_418' title='bbox 3547 596 3991 674; x_wconf 82' lang='lat' dir='ltr'>offensionem,</span> <span class='ocrx_word' id='word_1_419' title='bbox 4038 595 4279 662; x_wconf 82' lang='lat' dir='ltr'>dixisse</span> <span class='ocrx_word' id='word_1_420' title='bbox 4319 616 4441 660; x_wconf 90' lang='lat' dir='ltr'>non</span> <span class='ocrx_word' id='word_1_421' title='bbox 4483 595 4612 662; x_wconf 87' lang='lat' dir='ltr'>ideo</span> 
     </span>
     <span class='ocr_line' id='line_1_63' title="bbox 2698 681 4610 765; baseline 0.001 -20"><span class='ocrx_word' id='word_1_422' title='bbox 2698 681 3179 765; x_wconf 87' lang='lat' dir='ltr'>interrogatum</span> <span class='ocrx_word' id='word_1_423' title='bbox 3194 733 3209 761; x_wconf 91' lang='lat'>,</span> <span class='ocrx_word' id='word_1_424' title='bbox 3254 688 3330 748; x_wconf 88' lang='lat' dir='ltr'>ut</span> <span class='ocrx_word' id='word_1_425' title='bbox 3369 681 3692 748; x_wconf 89' lang='lat' dir='ltr'>divideret</span> <span class='ocrx_word' id='word_1_426' title='bbox 3734 701 3903 764; x_wconf 89' lang='lat' dir='ltr'>quae</span> <span class='ocrx_word' id='word_1_427' title='bbox 3944 681 4235 764; x_wconf 83' lang='lat' dir='ltr'>separari</span> <span class='ocrx_word' id='word_1_428' title='bbox 4276 681 4610 765; x_wconf 86' lang='lat' dir='ltr'>nequirent,</span> 
     </span>
     <span class='ocr_line' id='line_1_64' title="bbox 2698 766 4613 851; baseline 0.001 -20"><span class='ocrx_word' id='word_1_429' title='bbox 2698 766 2813 832; x_wconf 89' lang='lat' dir='ltr'>sed</span> <span class='ocrx_word' id='word_1_430' title='bbox 2868 774 2944 832; x_wconf 89' lang='lat' dir='ltr'>ut</span> <span class='ocrx_word' id='word_1_431' title='bbox 3001 787 3121 832; x_wconf 88' lang='lat' dir='ltr'>sua</span> <span class='ocrx_word' id='word_1_432' title='bbox 3170 767 3567 833; x_wconf 80' lang='lat' dir='ltr'>confessione</span> <span class='ocrx_word' id='word_1_433' title='bbox 3621 774 4008 851; x_wconf 83' lang='lat' dir='ltr'>argueretur</span> <span class='ocrx_word' id='word_1_434' title='bbox 4059 788 4263 831; x_wconf 86' lang='lat' dir='ltr'>unum</span> <span class='ocrx_word' id='word_1_435' title='bbox 4318 787 4453 832; x_wconf 89' lang='lat' dir='ltr'>esse</span> <span class='ocrx_word' id='word_1_436' title='bbox 4501 767 4613 832; x_wconf 85' lang='lat' dir='ltr'>rei-</span> 
     </span>
     <span class='ocr_line' id='line_1_65' title="bbox 2698 850 4440 936; baseline 0 -20"><span class='ocrx_word' id='word_1_437' title='bbox 2698 851 2998 936; x_wconf 88' lang='lat' dir='ltr'>publicae</span> <span class='ocrx_word' id='word_1_438' title='bbox 3041 873 3293 936; x_wconf 91' lang='lat' dir='ltr'>corpus,</span> <span class='ocrx_word' id='word_1_439' title='bbox 3334 860 3529 936; x_wconf 90' lang='lat' dir='ltr'>atque</span> <span class='ocrx_word' id='word_1_440' title='bbox 3569 853 3768 917; x_wconf 83' lang='lat' dir='ltr'>unius</span> <span class='ocrx_word' id='word_1_441' title='bbox 3810 853 4028 917; x_wconf 91' lang='lat' dir='ltr'>animo</span> <span class='ocrx_word' id='word_1_442' title='bbox 4072 850 4440 936; x_wconf 87' lang='lat' dir='ltr'>regendum.</span> 
     </span>
    </p>

    <p class='ocr_par' dir='ltr' id='par_1_17' title="bbox 2693 952 4625 1979">
     <span class='ocr_line' id='line_1_66' title="bbox 2870 952 4619 1040; baseline 0.001 -22"><span class='ocrx_word' id='word_1_443' title='bbox 2870 954 2956 1018; x_wconf 77' lang='lat' dir='ltr'>In</span> <span class='ocrx_word' id='word_1_444' title='bbox 2999 975 3125 1036; x_wconf 79' lang='lat' dir='ltr'>qua</span> <span class='ocrx_word' id='word_1_445' title='bbox 3167 956 3312 1021; x_wconf 78' lang='lat' dir='ltr'>sede</span> <span class='ocrx_word' id='word_1_446' title='bbox 3354 955 3550 1020; x_wconf 74' lang='lat' dir='ltr'>latitet</span> <span class='ocrx_word' id='word_1_447' title='bbox 3564 1006 3578 1033; x_wconf 91' lang='lat'>,</span> <span class='ocrx_word' id='word_1_448' title='bbox 3633 953 3928 1040; x_wconf 67' lang='lat' dir='ltr'>immas]</span> <span class='ocrx_word' id='word_1_449' title='bbox 3989 952 4222 1021; x_wconf 89' lang='lat' dir='ltr'>Obiter</span> <span class='ocrx_word' id='word_1_450' title='bbox 4262 954 4619 1038; x_wconf 82' lang='lat' dir='ltr'>perstringit</span> 
     </span>
     <span class='ocr_line' id='line_1_67' title="bbox 2697 1040 4619 1125; baseline -0.001 -21"><span class='ocrx_word' id='word_1_451' title='bbox 2697 1048 3066 1125; x_wconf 89' lang='lat' dir='ltr'>pugnantes</span> <span class='ocrx_word' id='word_1_452' title='bbox 3121 1041 3294 1104; x_wconf 88' lang='lat' dir='ltr'>inter</span> <span class='ocrx_word' id='word_1_453' title='bbox 3348 1061 3418 1106; x_wconf 92' lang='lat' dir='ltr'>se</span> <span class='ocrx_word' id='word_1_454' title='bbox 3475 1040 4010 1124; x_wconf 87' lang='lat' dir='ltr'>philosophorum</span> <span class='ocrx_word' id='word_1_455' title='bbox 4076 1041 4428 1106; x_wconf 86' lang='lat' dir='ltr'>sententias</span> <span class='ocrx_word' id='word_1_456' title='bbox 4442 1091 4456 1119; x_wconf 94' lang='lat'>,</span> <span class='ocrx_word' id='word_1_457' title='bbox 4519 1040 4619 1123; x_wconf 88' lang='lat' dir='ltr'>qui</span> 
     </span>
     <span class='ocr_line' id='line_1_68' title="bbox 2695 1125 4617 1192; baseline 0.001 -2"><span class='ocrx_word' id='word_1_458' title='bbox 2695 1125 2986 1190; x_wconf 88' lang='lat' dir='ltr'>nondum</span> <span class='ocrx_word' id='word_1_459' title='bbox 3042 1127 3112 1190; x_wconf 90' lang='lat' dir='ltr'>in</span> <span class='ocrx_word' id='word_1_460' title='bbox 3156 1132 3403 1192; x_wconf 88' lang='lat' dir='ltr'>certam</span> <span class='ocrx_word' id='word_1_461' title='bbox 3449 1145 3524 1190; x_wconf 88' lang='lat' dir='ltr'>ac</span> <span class='ocrx_word' id='word_1_462' title='bbox 3568 1136 3806 1192; x_wconf 88' lang='lat' dir='ltr'>statam</span> <span class='ocrx_word' id='word_1_463' title='bbox 3859 1125 4081 1190; x_wconf 88' lang='lat' dir='ltr'>sedem</span> <span class='ocrx_word' id='word_1_464' title='bbox 4135 1126 4420 1191; x_wconf 87' lang='lat' dir='ltr'>animum</span> <span class='ocrx_word' id='word_1_465' title='bbox 4459 1145 4617 1191; x_wconf 88' lang='lat' dir='ltr'>rece-</span> 
     </span>
     <span class='ocr_line' id='line_1_69' title="bbox 2694 1210 4619 1294; baseline -0.001 -19"><span class='ocrx_word' id='word_1_466' title='bbox 2694 1220 2953 1293; x_wconf 91' lang='lat' dir='ltr'>perunt.</span> <span class='ocrx_word' id='word_1_467' title='bbox 3061 1211 3467 1294; x_wconf 82' lang='lat' dir='ltr'>Herophilus</span> <span class='ocrx_word' id='word_1_468' title='bbox 3542 1212 3611 1275; x_wconf 90' lang='lat' dir='ltr'>in</span> <span class='ocrx_word' id='word_1_469' title='bbox 3675 1210 4040 1277; x_wconf 88' lang='lat' dir='ltr'>ventriculo</span> <span class='ocrx_word' id='word_1_470' title='bbox 4118 1212 4362 1277; x_wconf 89' lang='lat' dir='ltr'>cerebri</span> <span class='ocrx_word' id='word_1_471' title='bbox 4427 1211 4619 1276; x_wconf 88' lang='lat' dir='ltr'>locum</span> 
     </span>
     <span class='ocr_line' id='line_1_70' title="bbox 2694 1295 4622 1381; baseline -0.001 -21"><span class='ocrx_word' id='word_1_472' title='bbox 2694 1296 2793 1360; x_wconf 91' lang='lat' dir='ltr'>illi</span> <span class='ocrx_word' id='word_1_473' title='bbox 2852 1297 3220 1375; x_wconf 89' lang='lat' dir='ltr'>constituit,</span> <span class='ocrx_word' id='word_1_474' title='bbox 3274 1296 3539 1362; x_wconf 88' lang='lat' dir='ltr'>Platoni</span> <span class='ocrx_word' id='word_1_475' title='bbox 3597 1305 3665 1363; x_wconf 88' lang='lat' dir='ltr'>et</span> <span class='ocrx_word' id='word_1_476' title='bbox 3725 1295 4108 1362; x_wconf 88' lang='lat' dir='ltr'>Democrito</span> <span class='ocrx_word' id='word_1_477' title='bbox 4169 1297 4378 1381; x_wconf 83' lang='lat' dir='ltr'>magis</span> <span class='ocrx_word' id='word_1_478' title='bbox 4428 1295 4622 1380; x_wconf 85' lang='lat' dir='ltr'>placet</span> 
     </span>
     <span class='ocr_line' id='line_1_71' title="bbox 2696 1382 4622 1464; baseline -0.002 -17"><span class='ocrx_word' id='word_1_479' title='bbox 2696 1402 2839 1447; x_wconf 87' lang='lat' dir='ltr'>esse</span> <span class='ocrx_word' id='word_1_480' title='bbox 2893 1382 2963 1446; x_wconf 90' lang='lat' dir='ltr'>in</span> <span class='ocrx_word' id='word_1_481' title='bbox 3008 1390 3143 1447; x_wconf 88' lang='lat' dir='ltr'>toto</span> <span class='ocrx_word' id='word_1_482' title='bbox 3188 1382 3429 1464; x_wconf 88' lang='lat' dir='ltr'>capite;</span> <span class='ocrx_word' id='word_1_483' title='bbox 3483 1383 3929 1448; x_wconf 87' lang='lat' dir='ltr'>Erasistratus</span> <span class='ocrx_word' id='word_1_484' title='bbox 3969 1383 4141 1447; x_wconf 90' lang='lat' dir='ltr'>circa</span> <span class='ocrx_word' id='word_1_485' title='bbox 4198 1383 4622 1448; x_wconf 85' lang='lat' dir='ltr'>membranam</span> 
     </span>
     <span class='ocr_line' id='line_1_72' title="bbox 2697 1466 4621 1550; baseline -0.001 -17"><span class='ocrx_word' id='word_1_486' title='bbox 2697 1466 2974 1545; x_wconf 89' lang='lat' dir='ltr'>cerebri,</span> <span class='ocrx_word' id='word_1_487' title='bbox 3020 1467 3245 1533; x_wconf 88' lang='lat' dir='ltr'>Strato</span> <span class='ocrx_word' id='word_1_488' title='bbox 3286 1469 3356 1531; x_wconf 87' lang='lat' dir='ltr'>in</span> <span class='ocrx_word' id='word_1_489' title='bbox 3399 1468 3893 1550; x_wconf 89' lang='lat' dir='ltr'>superciliorum</span> <span class='ocrx_word' id='word_1_490' title='bbox 3939 1468 4289 1532; x_wconf 85' lang='lat' dir='ltr'>interstitio</span> <span class='ocrx_word' id='word_1_491' title='bbox 4307 1519 4322 1547; x_wconf 94' lang='lat'>,</span> <span class='ocrx_word' id='word_1_492' title='bbox 4376 1468 4621 1532; x_wconf 88' lang='lat' dir='ltr'>Parme-</span> 
     </span>
     <span class='ocr_line' id='line_1_73' title="bbox 2697 1551 4623 1637; baseline -0.001 -20"><span class='ocrx_word' id='word_1_493' title='bbox 2697 1551 2885 1617; x_wconf 89' lang='lat' dir='ltr'>nides</span> <span class='ocrx_word' id='word_1_494' title='bbox 2929 1560 2996 1617; x_wconf 89' lang='lat' dir='ltr'>et</span> <span class='ocrx_word' id='word_1_495' title='bbox 3035 1553 3363 1636; x_wconf 83' lang='lat' dir='ltr'>Epicurus</span> <span class='ocrx_word' id='word_1_496' title='bbox 3404 1553 3477 1617; x_wconf 91' lang='lat' dir='ltr'>in</span> <span class='ocrx_word' id='word_1_497' title='bbox 3519 1563 3654 1618; x_wconf 90' lang='lat' dir='ltr'>toto</span> <span class='ocrx_word' id='word_1_498' title='bbox 3698 1561 3985 1637; x_wconf 88' lang='lat' dir='ltr'>pectore,</span> <span class='ocrx_word' id='word_1_499' title='bbox 4035 1551 4370 1637; x_wconf 88' lang='lat' dir='ltr'>Diogenes</span> <span class='ocrx_word' id='word_1_500' title='bbox 4413 1554 4481 1618; x_wconf 91' lang='lat' dir='ltr'>in</span> <span class='ocrx_word' id='word_1_501' title='bbox 4531 1571 4623 1615; x_wconf 88' lang='lat' dir='ltr'>ar-</span> 
     </span>
     <span class='ocr_line' id='line_1_74' title="bbox 2697 1637 4625 1723; baseline -0.001 -21"><span class='ocrx_word' id='word_1_502' title='bbox 2697 1638 2937 1703; x_wconf 83' lang='lat' dir='ltr'>teriace</span> <span class='ocrx_word' id='word_1_503' title='bbox 2996 1637 3208 1704; x_wconf 90' lang='lat' dir='ltr'>cordis</span> <span class='ocrx_word' id='word_1_504' title='bbox 3273 1639 3673 1717; x_wconf 82' lang='lat' dir='ltr'>ventricuIO,</span> <span class='ocrx_word' id='word_1_505' title='bbox 3733 1638 3938 1705; x_wconf 78' lang='lat' dir='ltr'>Stoici</span> <span class='ocrx_word' id='word_1_506' title='bbox 3992 1639 4322 1723; x_wconf 87' lang='lat' dir='ltr'>integrum</span> <span class='ocrx_word' id='word_1_507' title='bbox 4377 1659 4483 1705; x_wconf 90' lang='lat' dir='ltr'>cor</span> <span class='ocrx_word' id='word_1_508' title='bbox 4522 1657 4625 1701; x_wconf 90' lang='lat' dir='ltr'>seu</span> 
     </span>
     <span class='ocr_line' id='line_1_75' title="bbox 2696 1720 4625 1808; baseline 0 -19"><span class='ocrx_word' id='word_1_509' title='bbox 2696 1723 3001 1806; x_wconf 89' lang='lat' dir='ltr'>spiritum</span> <span class='ocrx_word' id='word_1_510' title='bbox 3064 1723 3163 1787; x_wconf 90' lang='lat' dir='ltr'>illi</span> <span class='ocrx_word' id='word_1_511' title='bbox 3232 1726 3597 1808; x_wconf 87' lang='lat' dir='ltr'>assignant,</span> <span class='ocrx_word' id='word_1_512' title='bbox 3676 1724 3787 1789; x_wconf 89' lang='lat' dir='ltr'>alii</span> <span class='ocrx_word' id='word_1_513' title='bbox 3840 1727 4161 1791; x_wconf 86' lang='lat' dir='ltr'>cervicem</span> <span class='ocrx_word' id='word_1_514' title='bbox 4228 1723 4461 1797; x_wconf 85' lang='lat' dir='ltr'>cordis,</span> <span class='ocrx_word' id='word_1_515' title='bbox 4524 1720 4625 1789; x_wconf 86' lang='lat' dir='ltr'>alii</span> 
     </span>
     <span class='ocr_line' id='line_1_76' title="bbox 2696 1806 4625 1894; baseline -0.001 -22"><span class='ocrx_word' id='word_1_516' title='bbox 2696 1808 3088 1891; x_wconf 88' lang='lat' dir='ltr'>praecordia,</span> <span class='ocrx_word' id='word_1_517' title='bbox 3123 1809 3551 1894; x_wconf 87' lang='lat' dir='ltr'>Empedocles</span> <span class='ocrx_word' id='word_1_518' title='bbox 3575 1811 3913 1894; x_wconf 85' lang='lat' dir='ltr'>sanguinis</span> <span class='ocrx_word' id='word_1_519' title='bbox 3937 1811 4430 1876; x_wconf 88' lang='lat' dir='ltr'>concretionem.</span> <span class='ocrx_word' id='word_1_520' title='bbox 4471 1806 4625 1872; x_wconf 84' lang='lat' dir='ltr'>Vide</span> 
     </span>
     <span class='ocr_line' id='line_1_77' title="bbox 2693 1892 4623 1979; baseline -0.001 -20"><span class='ocrx_word' id='word_1_521' title='bbox 2693 1894 3148 1974; x_wconf 89' lang='lat' dir='ltr'>Plutarchum,</span> <span class='ocrx_word' id='word_1_522' title='bbox 3195 1903 3261 1959; x_wconf 91' lang='lat' dir='ltr'>et</span> <span class='ocrx_word' id='word_1_523' title='bbox 3302 1896 3619 1963; x_wconf 90' lang='lat' dir='ltr'>nonnulla</span> <span class='ocrx_word' id='word_1_524' title='bbox 3653 1895 3826 1979; x_wconf 89' lang='lat' dir='ltr'>apud</span> <span class='ocrx_word' id='word_1_525' title='bbox 3862 1895 4249 1973; x_wconf 78' lang='lat' dir='ltr'>Ciceronem</span> <span class='ocrx_word' id='word_1_526' title='bbox 4290 1894 4543 1960; x_wconf 82' lang='lat' dir='ltr'>Tuscul.</span> <span class='ocrx_word' id='word_1_527' title='bbox 4575 1892 4623 1957; x_wconf 81' lang='grc' dir='ltr'>Ι.</span> 
     </span>
    </p>

    <p class='ocr_par' dir='ltr' id='par_1_18' title="bbox 2693 1991 4628 2236">
     <span class='ocr_line' id='line_1_78' title="bbox 2870 1991 4626 2085; baseline 0 -25"><span class='ocrx_word' id='word_1_528' title='bbox 2870 1995 3129 2076; x_wconf 75' lang='grc' dir='ltr'>Μαηαε,</span> <span class='ocrx_word' id='word_1_529' title='bbox 3160 1991 3381 2078; x_wconf 71' lang='lat' dir='ltr'>pedes,</span> <span class='ocrx_word' id='word_1_530' title='bbox 3421 1998 3582 2065; x_wconf 80' lang='lat' dir='ltr'>oculi</span> <span class='ocrx_word' id='word_1_531' title='bbox 3624 2001 3929 2082; x_wconf 74' lang='lat' dir='ltr'>neyotium</span> <span class='ocrx_word' id='word_1_532' title='bbox 3975 1999 4077 2064; x_wconf 78' lang='lat' dir='ltr'>illi</span> <span class='ocrx_word' id='word_1_533' title='bbox 4152 1995 4362 2085; x_wconf 81' lang='lat' dir='ltr'>erunt]</span> <span class='ocrx_word' id='word_1_534' title='bbox 4409 1995 4489 2061; x_wconf 92' lang='lat' dir='ltr'>Id</span> <span class='ocrx_word' id='word_1_535' title='bbox 4520 2004 4626 2072; x_wconf 88' lang='lat' dir='ltr'>est,</span> 
     </span>
     <span class='ocr_line' id='line_1_79' title="bbox 2693 2021 4628 2236; baseline -0.001 -91"><span class='ocrx_word' id='word_1_536' title='bbox 2693 2102 2812 2231; x_wconf 54' lang='lat' dir='ltr'>pgo</span> <span class='ocrx_word' id='word_1_537' title='bbox 2879 2082 3056 2232; x_wconf 59' lang='grc' dir='ltr'>ἰΠέιιε</span> <span class='ocrx_word' id='word_1_538' title='bbox 3136 2083 3429 2234; x_wconf 42' lang='lat' dir='ltr'>arbitrie}</span> <span class='ocrx_word' id='word_1_539' title='bbox 3476 2094 3861 2235; x_wconf 48' lang='grc' dir='ltr'>ῑΧρ-ῗέγθηειὸτ,</span> <span class='ocrx_word' id='word_1_540' title='bbox 3942 2104 4016 2147; x_wconf 88' lang='lat' dir='ltr'>ac</span> <span class='ocrx_word' id='word_1_541' title='bbox 4080 2021 4179 2148; x_wconf 68' lang='lat' dir='ltr'>iiii</span> <span class='ocrx_word' id='word_1_542' title='bbox 4249 2082 4628 2236; x_wconf 47' lang='lat' dir='ltr'>fflrviunt.</span> 
     </span>
    </p>

    <p class='ocr_par' dir='ltr' id='par_1_19' title="bbox 2695 2183 4645 3108">
     <span class='ocr_line' id='line_1_80' title="bbox 2777 2183 4630 2252; baseline 0 -21"><span class='ocrx_word' id='word_1_543' title='bbox 2777 2188 2884 2232; x_wconf 92' lang='lat' dir='ltr'>em</span> <span class='ocrx_word' id='word_1_544' title='bbox 2994 2189 3195 2234; x_wconf 90' lang='lat' dir='ltr'>eneca</span> <span class='ocrx_word' id='word_1_545' title='bbox 3246 2189 3384 2252; x_wconf 76' lang='lat' dir='ltr'>epis</span> <span class='ocrx_word' id='word_1_546' title='bbox 3654 2192 3696 2234; x_wconf 95' lang='lat'>.:</span> <span class='ocrx_word' id='word_1_547' title='bbox 3819 2190 4006 2235; x_wconf 89' lang='lat' dir='ltr'>mnes</span> <span class='ocrx_word' id='word_1_548' title='bbox 4048 2183 4215 2234; x_wconf 82' lang='lat' dir='ltr'>istae</span> <span class='ocrx_word' id='word_1_549' title='bbox 4401 2190 4460 2246; x_wconf 91' lang='lat' dir='ltr'>s,</span> <span class='ocrx_word' id='word_1_550' title='bbox 4503 2188 4630 2251; x_wconf 85' lang='lat' dir='ltr'>qm-</span> 
     </span>
     <span class='ocr_line' id='line_1_81' title="bbox 2695 2253 4528 2340; baseline -0.001 -21"><span class='ocrx_word' id='word_1_551' title='bbox 2695 2254 2816 2319; x_wconf 87' lang='lat' dir='ltr'>bus</span> <span class='ocrx_word' id='word_1_552' title='bbox 2853 2266 2966 2318; x_wconf 91' lang='lat' dir='ltr'>aut</span> <span class='ocrx_word' id='word_1_553' title='bbox 3011 2253 3336 2319; x_wconf 81' lang='lat' dir='ltr'>excitatur</span> <span class='ocrx_word' id='word_1_554' title='bbox 3376 2256 3635 2335; x_wconf 87' lang='lat' dir='ltr'>civitas,</span> <span class='ocrx_word' id='word_1_555' title='bbox 3683 2267 3800 2320; x_wconf 86' lang='lat' dir='ltr'>aut</span> <span class='ocrx_word' id='word_1_556' title='bbox 3841 2255 4104 2338; x_wconf 89' lang='lat' dir='ltr'>strepit,</span> <span class='ocrx_word' id='word_1_557' title='bbox 4151 2256 4407 2340; x_wconf 88' lang='lat' dir='ltr'>corpori</span> <span class='ocrx_word' id='word_1_558' title='bbox 4449 2274 4528 2318; x_wconf 92' lang='lat' dir='ltr'>ne</span> 
     </span>
     <span class='ocr_line' id='line_1_82' title="bbox 2695 2339 4632 2426; baseline -0.001 -23"><span class='ocrx_word' id='word_1_559' title='bbox 2695 2339 2863 2403; x_wconf 90' lang='lat' dir='ltr'>tium</span> <span class='ocrx_word' id='word_1_560' title='bbox 2906 2350 3163 2423; x_wconf 84' lang='lat' dir='ltr'>gerunt.</span> <span class='ocrx_word' id='word_1_561' title='bbox 3252 2339 3336 2404; x_wconf 91' lang='lat' dir='ltr'>In</span> <span class='ocrx_word' id='word_1_562' title='bbox 3378 2340 3617 2414; x_wconf 83' lang='lat' dir='ltr'>multis</span> <span class='ocrx_word' id='word_1_563' title='bbox 3643 2340 4125 2425; x_wconf 83' lang='lat' dir='ltr'>exemplaribus</span> <span class='ocrx_word' id='word_1_564' title='bbox 4171 2361 4514 2426; x_wconf 87' lang='lat' dir='ltr'>perperam</span> <span class='ocrx_word' id='word_1_565' title='bbox 4574 2358 4632 2402; x_wconf 88' lang='lat' dir='ltr'>e-</span> 
     </span>
     <span class='ocr_line' id='line_1_83' title="bbox 2695 2425 4635 2511; baseline -0.001 -22"><span class='ocrx_word' id='word_1_566' title='bbox 2695 2425 2875 2509; x_wconf 90' lang='lat' dir='ltr'>gitur</span> <span class='ocrx_word' id='word_1_567' title='bbox 2914 2444 3289 2508; x_wconf 88' lang='lat' dir='ltr'>corporum,</span> <span class='ocrx_word' id='word_1_568' title='bbox 3340 2426 3748 2511; x_wconf 86' lang='lat' dir='ltr'>suffragante</span> <span class='ocrx_word' id='word_1_569' title='bbox 3792 2427 3991 2491; x_wconf 90' lang='lat' dir='ltr'>etiam</span> <span class='ocrx_word' id='word_1_570' title='bbox 4035 2427 4315 2492; x_wconf 87' lang='lat' dir='ltr'>Erasmo</span> <span class='ocrx_word' id='word_1_571' title='bbox 4355 2428 4423 2492; x_wconf 91' lang='lat' dir='ltr'>in</span> <span class='ocrx_word' id='word_1_572' title='bbox 4468 2430 4635 2488; x_wconf 89' lang='lat' dir='ltr'>utra·</span> 
     </span>
     <span class='ocr_line' id='line_1_84' title="bbox 2695 2509 4636 2593; baseline -0.001 -18"><span class='ocrx_word' id='word_1_573' title='bbox 2695 2532 2819 2593; x_wconf 90' lang='lat' dir='ltr'>que</span> <span class='ocrx_word' id='word_1_574' title='bbox 2874 2509 3177 2575; x_wconf 87' lang='lat' dir='ltr'>editione.</span> <span class='ocrx_word' id='word_1_575' title='bbox 3278 2511 3363 2575; x_wconf 91' lang='lat' dir='ltr'>In</span> <span class='ocrx_word' id='word_1_576' title='bbox 3432 2511 3605 2578; x_wconf 88' lang='lat' dir='ltr'>hanc</span> <span class='ocrx_word' id='word_1_577' title='bbox 3660 2512 4055 2578; x_wconf 88' lang='lat' dir='ltr'>sententiam</span> <span class='ocrx_word' id='word_1_578' title='bbox 4106 2514 4372 2579; x_wconf 87' lang='lat' dir='ltr'>vocavit</span> <span class='ocrx_word' id='word_1_579' title='bbox 4421 2510 4636 2577; x_wconf 78' lang='lat' dir='ltr'>Cicero</span> 
     </span>
     <span class='ocr_line' id='line_1_85' title="bbox 2696 2594 4632 2682; baseline -0.001 -23"><span class='ocrx_word' id='word_1_580' title='bbox 2696 2616 3008 2660; x_wconf 88' lang='lat' dir='ltr'>sensuum</span> <span class='ocrx_word' id='word_1_581' title='bbox 3069 2602 3345 2674; x_wconf 74' lang='lat' dir='ltr'>iontem,</span> <span class='ocrx_word' id='word_1_582' title='bbox 3421 2598 3720 2662; x_wconf 86' lang='lat' dir='ltr'>animum</span> <span class='ocrx_word' id='word_1_583' title='bbox 3734 2649 3750 2675; x_wconf 92' lang='lat'>,</span> <span class='ocrx_word' id='word_1_584' title='bbox 3821 2599 3931 2682; x_wconf 90' lang='lat' dir='ltr'>qui</span> <span class='ocrx_word' id='word_1_585' title='bbox 4003 2596 4259 2665; x_wconf 88' lang='lat' dir='ltr'>obiecta</span> <span class='ocrx_word' id='word_1_586' title='bbox 4294 2594 4632 2681; x_wconf 50' lang='lat' dir='ltr'>,discernitz</span> 
     </span>
     <span class='ocr_line' id='line_1_86' title="bbox 2696 2680 4642 2767; baseline -0.002 -21"><span class='ocrx_word' id='word_1_587' title='bbox 2696 2701 2947 2757; x_wconf 87' lang='lat' dir='ltr'>sensus,</span> <span class='ocrx_word' id='word_1_588' title='bbox 2992 2680 3266 2763; x_wconf 91' lang='lat' dir='ltr'>perinde</span> <span class='ocrx_word' id='word_1_589' title='bbox 3310 2690 3502 2764; x_wconf 84' lang='lat' dir='ltr'>atque</span> <span class='ocrx_word' id='word_1_590' title='bbox 3544 2683 3643 2746; x_wconf 89' lang='lat' dir='ltr'>illi</span> <span class='ocrx_word' id='word_1_591' title='bbox 3687 2683 3902 2749; x_wconf 86' lang='lat' dir='ltr'>visum</span> <span class='ocrx_word' id='word_1_592' title='bbox 3946 2689 4065 2764; x_wconf 88' lang='lat' dir='ltr'>est,</span> <span class='ocrx_word' id='word_1_593' title='bbox 4112 2691 4492 2767; x_wconf 88' lang='lat' dir='ltr'>sequuntur,</span> <span class='ocrx_word' id='word_1_594' title='bbox 4534 2685 4642 2747; x_wconf 87' lang='lat' dir='ltr'>aut</span> 
     </span>
     <span class='ocr_line' id='line_1_87' title="bbox 2695 2764 4642 2852; baseline 0.001 -22"><span class='ocrx_word' id='word_1_595' title='bbox 2695 2766 2984 2849; x_wconf 81' lang='lat' dir='ltr'>fugiunt:</span> <span class='ocrx_word' id='word_1_596' title='bbox 3044 2777 3236 2849; x_wconf 82' lang='lat' dir='ltr'>atque</span> <span class='ocrx_word' id='word_1_597' title='bbox 3290 2768 3389 2830; x_wconf 90' lang='lat' dir='ltr'>uti</span> <span class='ocrx_word' id='word_1_598' title='bbox 3434 2788 3586 2834; x_wconf 86' lang='lat' dir='ltr'>vere</span> <span class='ocrx_word' id='word_1_599' title='bbox 3630 2780 3731 2840; x_wconf 84' lang='lat' dir='ltr'>est</span> <span class='ocrx_word' id='word_1_600' title='bbox 3785 2769 3958 2852; x_wconf 89' lang='lat' dir='ltr'>apud</span> <span class='ocrx_word' id='word_1_601' title='bbox 4004 2768 4406 2847; x_wconf 83' lang='lat' dir='ltr'>Salustium,</span> <span class='ocrx_word' id='word_1_602' title='bbox 4451 2764 4642 2832; x_wconf 84' lang='lat' dir='ltr'>animi</span> 
     </span>
     <span class='ocr_line' id='line_1_88' title="bbox 2696 2851 4642 2938; baseline 0 -23"><span class='ocrx_word' id='word_1_603' title='bbox 2696 2851 3000 2933; x_wconf 89' lang='lat' dir='ltr'>imperio,</span> <span class='ocrx_word' id='word_1_604' title='bbox 3047 2854 3334 2934; x_wconf 75' lang='lat' dir='ltr'>corporis</span> <span class='ocrx_word' id='word_1_605' title='bbox 3382 2854 3651 2918; x_wconf 84' lang='lat' dir='ltr'>servitio</span> <span class='ocrx_word' id='word_1_606' title='bbox 3695 2856 3906 2938; x_wconf 87' lang='lat' dir='ltr'>magis</span> <span class='ocrx_word' id='word_1_607' title='bbox 3950 2856 4214 2920; x_wconf 87' lang='lat' dir='ltr'>utimur.</span> <span class='ocrx_word' id='word_1_608' title='bbox 4312 2855 4463 2921; x_wconf 88' lang='lat' dir='ltr'>Huc</span> <span class='ocrx_word' id='word_1_609' title='bbox 4506 2860 4642 2936; x_wconf 80' lang='lat' dir='ltr'>per-</span> 
     </span>
     <span class='ocr_line' id='line_1_89' title="bbox 2699 2935 4643 3025; baseline 0.001 -23"><span class='ocrx_word' id='word_1_610' title='bbox 2699 2937 2866 3002; x_wconf 89' lang='lat' dir='ltr'>tinet</span> <span class='ocrx_word' id='word_1_611' title='bbox 2925 2944 2992 3002; x_wconf 89' lang='lat' dir='ltr'>et</span> <span class='ocrx_word' id='word_1_612' title='bbox 3043 2935 3209 3002; x_wconf 89' lang='lat' dir='ltr'>illud</span> <span class='ocrx_word' id='word_1_613' title='bbox 3250 2935 3647 3019; x_wconf 76' lang='lat' dir='ltr'>Quintiliani</span> <span class='ocrx_word' id='word_1_614' title='bbox 3692 2941 3761 3005; x_wconf 90' lang='lat' dir='ltr'>in</span> <span class='ocrx_word' id='word_1_615' title='bbox 3806 2941 4033 3007; x_wconf 86' lang='lat' dir='ltr'>Divite</span> <span class='ocrx_word' id='word_1_616' title='bbox 4089 2952 4396 3008; x_wconf 87' lang='lat' dir='ltr'>accusato</span> <span class='ocrx_word' id='word_1_617' title='bbox 4440 2936 4643 3025; x_wconf 87' lang='lat' dir='ltr'>prodi-</span> 
     </span>
     <span class='ocr_line' id='line_1_90' title="bbox 2698 3020 4645 3108; baseline 0.001 -21"><span class='ocrx_word' id='word_1_618' title='bbox 2698 3024 2923 3087; x_wconf 89' lang='lat' dir='ltr'>tionis:</span> <span class='ocrx_word' id='word_1_619' title='bbox 2982 3020 3095 3088; x_wconf 92' lang='lat' dir='ltr'>Sic</span> <span class='ocrx_word' id='word_1_620' title='bbox 3162 3044 3432 3108; x_wconf 88' lang='lat' dir='ltr'>corpora</span> <span class='ocrx_word' id='word_1_621' title='bbox 3487 3037 3715 3092; x_wconf 88' lang='lat' dir='ltr'>nostra</span> <span class='ocrx_word' id='word_1_622' title='bbox 3776 3035 4027 3092; x_wconf 88' lang='lat' dir='ltr'>motum</span> <span class='ocrx_word' id='word_1_623' title='bbox 4095 3029 4225 3093; x_wconf 89' lang='lat' dir='ltr'>nisi</span> <span class='ocrx_word' id='word_1_624' title='bbox 4284 3027 4367 3093; x_wconf 92' lang='lat' dir='ltr'>de</span> <span class='ocrx_word' id='word_1_625' title='bbox 4434 3031 4645 3092; x_wconf 90' lang='lat' dir='ltr'>mente</span> 
     </span>
    </p>
   </div>
   <div class='ocr_carea' id='block_1_7' title="bbox 2698 3111 4647 3260">
    <p class='ocr_par' dir='ltr' id='par_1_20' title="bbox 2698 3111 4647 3260">
     <span class='ocr_line' id='line_1_91' title="bbox 2698 3111 4647 3187; baseline 0.002 -14"><span class='ocrx_word' id='word_1_626' title='bbox 2698 3130 2828 3173; x_wconf 91' lang='lat' dir='ltr'>non</span> <span class='ocrx_word' id='word_1_627' title='bbox 2873 3117 3161 3187; x_wconf 90' lang='lat' dir='ltr'>sumunt,</span> <span class='ocrx_word' id='word_1_628' title='bbox 3200 3118 3267 3173; x_wconf 91' lang='lat' dir='ltr'>et</span> <span class='ocrx_word' id='word_1_629' title='bbox 3310 3111 3517 3175; x_wconf 90' lang='lat' dir='ltr'>otiosa</span> <span class='ocrx_word' id='word_1_630' title='bbox 3558 3122 3714 3177; x_wconf 91' lang='lat' dir='ltr'>sunt</span> <span class='ocrx_word' id='word_1_631' title='bbox 3757 3114 4051 3179; x_wconf 88' lang='lat' dir='ltr'>membra</span> <span class='ocrx_word' id='word_1_632' title='bbox 4094 3114 4305 3181; x_wconf 89' lang='lat' dir='ltr'>donec</span> <span class='ocrx_word' id='word_1_633' title='bbox 4347 3112 4479 3179; x_wconf 89' lang='lat' dir='ltr'>illis</span> <span class='ocrx_word' id='word_1_634' title='bbox 4513 3111 4647 3176; x_wconf 88' lang='lat' dir='ltr'>ani-</span> 
     </span>
     <span class='ocr_line' id='line_1_92' title="bbox 2699 3203 3131 3260; baseline -0.007 0"><span class='ocrx_word' id='word_1_635' title='bbox 2699 3215 2846 3260; x_wconf 88' lang='lat' dir='ltr'>mus</span> <span class='ocrx_word' id='word_1_636' title='bbox 2889 3203 3131 3258; x_wconf 88' lang='lat' dir='ltr'>utatur.</span> 
     </span>
    </p>
   </div>
   <div class='ocr_carea' id='block_1_8' title="bbox 2694 3294 4681 5030">
    <p class='ocr_par' dir='ltr' id='par_1_21' title="bbox 2694 3294 4681 4750">
     <span class='ocr_line' id='line_1_93' title="bbox 2867 3294 4650 3389; baseline 0.003 -30"><span class='ocrx_word' id='word_1_637' title='bbox 2867 3294 3059 3360; x_wconf 81' lang='lat' dir='ltr'>Mare</span> <span class='ocrx_word' id='word_1_638' title='bbox 3101 3298 3266 3362; x_wconf 82' lang='lat' dir='ltr'>lueri</span> <span class='ocrx_word' id='word_1_639' title='bbox 3299 3318 3495 3362; x_wconf 79' lang='lat' dir='ltr'>causa</span> <span class='ocrx_word' id='word_1_640' title='bbox 3535 3299 3924 3389; x_wconf 78' lang='lat' dir='ltr'>scrutamur]</span> <span class='ocrx_word' id='word_1_641' title='bbox 3972 3303 4247 3368; x_wconf 89' lang='lat' dir='ltr'>Ponunt</span> <span class='ocrx_word' id='word_1_642' title='bbox 4283 3298 4650 3387; x_wconf 86' lang='lat' dir='ltr'>philosophi</span> 
     </span>
     <span class='ocr_line' id='line_1_94' title="bbox 2695 3383 4648 3533; baseline 0.002 -85"><span class='ocrx_word' id='word_1_643' title='bbox 2695 3383 3019 3533; x_wconf 69' lang='lat' dir='ltr'>triplicem</span> <span class='ocrx_word' id='word_1_644' title='bbox 3064 3385 3443 3467; x_wconf 88' lang='lat' dir='ltr'>appetitum,</span> <span class='ocrx_word' id='word_1_645' title='bbox 3480 3386 3868 3464; x_wconf 87' lang='lat' dir='ltr'>naturalem,</span> <span class='ocrx_word' id='word_1_646' title='bbox 3915 3387 4309 3470; x_wconf 83' lang='lat' dir='ltr'>sensitivum</span> <span class='ocrx_word' id='word_1_647' title='bbox 4352 3399 4421 3454; x_wconf 90' lang='lat' dir='ltr'>et</span> <span class='ocrx_word' id='word_1_648' title='bbox 4463 3387 4648 3454; x_wconf 85' lang='lat' dir='ltr'>ratio-</span> 
     </span>
     <span class='ocr_line' id='line_1_95' title="bbox 2695 3468 4649 3554; baseline 0.002 -20"><span class='ocrx_word' id='word_1_649' title='bbox 2695 3490 2783 3534; x_wconf 92' lang='lat' dir='ltr'>na</span> <span class='ocrx_word' id='word_1_650' title='bbox 2807 3490 2930 3534; x_wconf 89' lang='lat' dir='ltr'>em.</span> <span class='ocrx_word' id='word_1_651' title='bbox 3020 3468 3325 3534; x_wconf 88' lang='lat' dir='ltr'>Primum</span> <span class='ocrx_word' id='word_1_652' title='bbox 3380 3470 3683 3536; x_wconf 91' lang='lat' dir='ltr'>omnibus</span> <span class='ocrx_word' id='word_1_653' title='bbox 3740 3475 3994 3539; x_wconf 89' lang='lat' dir='ltr'>naturis</span> <span class='ocrx_word' id='word_1_654' title='bbox 4038 3472 4439 3554; x_wconf 88' lang='lat' dir='ltr'>attribuunt,</span> <span class='ocrx_word' id='word_1_655' title='bbox 4454 3523 4471 3536; x_wconf 83' lang='lat'>.</span> <span class='ocrx_word' id='word_1_656' title='bbox 4499 3472 4649 3538; x_wconf 87' lang='lat' dir='ltr'>alte·-</span> 
     </span>
     <span class='ocr_line' id='line_1_96' title="bbox 2694 3554 4653 3633; baseline 0.003 -14"><span class='ocrx_word' id='word_1_657' title='bbox 2694 3576 2845 3622; x_wconf 88' lang='lat' dir='ltr'>rum</span> <span class='ocrx_word' id='word_1_658' title='bbox 2886 3554 3295 3633; x_wconf 88' lang='lat' dir='ltr'>animalibus,</span> <span class='ocrx_word' id='word_1_659' title='bbox 3342 3557 3611 3622; x_wconf 88' lang='lat' dir='ltr'>tertium</span> <span class='ocrx_word' id='word_1_660' title='bbox 3654 3560 3912 3623; x_wconf 89' lang='lat' dir='ltr'>animae</span> <span class='ocrx_word' id='word_1_661' title='bbox 3952 3558 4278 3625; x_wconf 84' lang='lat' dir='ltr'>rationali.</span> <span class='ocrx_word' id='word_1_662' title='bbox 4362 3561 4653 3626; x_wconf 87' lang='lat' dir='ltr'>Rursum</span> 
     </span>
     <span class='ocr_line' id='line_1_97' title="bbox 2697 3640 4657 3728; baseline 0.001 -23"><span class='ocrx_word' id='word_1_663' title='bbox 2697 3641 3057 3724; x_wconf 91' lang='lat' dir='ltr'>appetitum</span> <span class='ocrx_word' id='word_1_664' title='bbox 3115 3640 3507 3706; x_wconf 76' lang='lat' dir='ltr'>sensitivam</span> <span class='ocrx_word' id='word_1_665' title='bbox 3561 3644 3653 3708; x_wconf 90' lang='lat' dir='ltr'>sic</span> <span class='ocrx_word' id='word_1_666' title='bbox 3732 3645 4137 3728; x_wconf 86' lang='lat' dir='ltr'>partiuntur,</span> <span class='ocrx_word' id='word_1_667' title='bbox 4209 3655 4290 3710; x_wconf 89' lang='lat' dir='ltr'>ut</span> <span class='ocrx_word' id='word_1_668' title='bbox 4348 3645 4521 3711; x_wconf 88' lang='lat' dir='ltr'>alius</span> <span class='ocrx_word' id='word_1_669' title='bbox 4576 3643 4657 3709; x_wconf 88' lang='lat' dir='ltr'>sit</span> 
     </span>
     <span class='ocr_line' id='line_1_98' title="bbox 2697 3725 4653 3815; baseline 0.002 -25"><span class='ocrx_word' id='word_1_670' title='bbox 2697 3745 2738 3790; x_wconf 92' lang='lat' dir='ltr'>a</span> <span class='ocrx_word' id='word_1_671' title='bbox 2783 3727 3025 3810; x_wconf 91' lang='lat' dir='ltr'>petitus</span> <span class='ocrx_word' id='word_1_672' title='bbox 3068 3726 3394 3809; x_wconf 90' lang='lat' dir='ltr'>superior,</span> <span class='ocrx_word' id='word_1_673' title='bbox 3458 3725 3542 3792; x_wconf 90' lang='lat' dir='ltr'>ad</span> <span class='ocrx_word' id='word_1_674' title='bbox 3586 3729 3858 3795; x_wconf 84' lang='lat' dir='ltr'>affectus</span> <span class='ocrx_word' id='word_1_675' title='bbox 3903 3731 4247 3796; x_wconf 89' lang='lat' dir='ltr'>interiores</span> <span class='ocrx_word' id='word_1_676' title='bbox 4293 3732 4653 3815; x_wconf 87' lang='lat' dir='ltr'>pertinens,</span> 
     </span>
     <span class='ocr_line' id='line_1_99' title="bbox 2697 3811 4681 3898; baseline 0.002 -21"><span class='ocrx_word' id='word_1_677' title='bbox 2697 3833 2734 3877; x_wconf 94' lang='lat' dir='ltr'>o</span> <span class='ocrx_word' id='word_1_678' title='bbox 2786 3811 2938 3891; x_wconf 84' lang='lat' dir='ltr'>’um,</span> <span class='ocrx_word' id='word_1_679' title='bbox 2983 3831 3290 3888; x_wconf 89' lang='lat' dir='ltr'>amorem,</span> <span class='ocrx_word' id='word_1_680' title='bbox 3339 3813 3690 3894; x_wconf 89' lang='lat' dir='ltr'>tristitiam,</span> <span class='ocrx_word' id='word_1_681' title='bbox 3737 3836 3938 3898; x_wconf 89' lang='lat' dir='ltr'>spem,</span> <span class='ocrx_word' id='word_1_682' title='bbox 3983 3823 4237 3882; x_wconf 88' lang='lat' dir='ltr'>metum</span> <span class='ocrx_word' id='word_1_683' title='bbox 4256 3868 4273 3896; x_wconf 94' lang='lat'>,</span> <span class='ocrx_word' id='word_1_684' title='bbox 4323 3826 4393 3883; x_wconf 91' lang='lat' dir='ltr'>et</span> <span class='ocrx_word' id='word_1_685' title='bbox 4437 3817 4681 3881; x_wconf 82' lang='lat' dir='ltr'>huius-‘</span> 
     </span>
     <span class='ocr_line' id='line_1_100' title="bbox 2695 3892 4661 3982; baseline 0.003 -21"><span class='ocrx_word' id='word_1_686' title='bbox 2695 3892 2898 3962; x_wconf 89' lang='lat' dir='ltr'>modi:</span> <span class='ocrx_word' id='word_1_687' title='bbox 2964 3895 3045 3961; x_wconf 89' lang='lat' dir='ltr'>de</span> <span class='ocrx_word' id='word_1_688' title='bbox 3112 3919 3237 3979; x_wconf 90' lang='lat' dir='ltr'>quo</span> <span class='ocrx_word' id='word_1_689' title='bbox 3306 3900 3719 3980; x_wconf 87' lang='lat' dir='ltr'>accipiendus</span> <span class='ocrx_word' id='word_1_690' title='bbox 3773 3911 3875 3966; x_wconf 90' lang='lat' dir='ltr'>est</span> <span class='ocrx_word' id='word_1_691' title='bbox 3929 3902 4037 3967; x_wconf 90' lang='lat' dir='ltr'>hic</span> <span class='ocrx_word' id='word_1_692' title='bbox 4100 3902 4313 3982; x_wconf 90' lang='lat' dir='ltr'>locus;</span> <span class='ocrx_word' id='word_1_693' title='bbox 4373 3903 4544 3968; x_wconf 90' lang='lat' dir='ltr'>alter</span> <span class='ocrx_word' id='word_1_694' title='bbox 4591 3901 4661 3966; x_wconf 88' lang='lat' dir='ltr'>in</span> 
     </span>
     <span class='ocr_line' id='line_1_101' title="bbox 2696 3982 4664 4073; baseline 0.001 -25"><span class='ocrx_word' id='word_1_695' title='bbox 2696 3982 3108 4066; x_wconf 84' lang='lat' dir='ltr'>passionibus</span> <span class='ocrx_word' id='word_1_696' title='bbox 3162 3984 3450 4066; x_wconf 88' lang='lat' dir='ltr'>corporis</span> <span class='ocrx_word' id='word_1_697' title='bbox 3485 3984 3795 4064; x_wconf 88' lang='lat' dir='ltr'>resideat,</span> <span class='ocrx_word' id='word_1_698' title='bbox 3838 3988 4043 4066; x_wconf 87' lang='lat' dir='ltr'>fame,</span> <span class='ocrx_word' id='word_1_699' title='bbox 4086 3988 4226 4065; x_wconf 87' lang='lat' dir='ltr'>siti,</span> <span class='ocrx_word' id='word_1_700' title='bbox 4272 3989 4554 4073; x_wconf 77' lang='lat' dir='ltr'>frigore,</span> <span class='ocrx_word' id='word_1_701' title='bbox 4599 3991 4664 4051; x_wconf 86' lang='lat' dir='ltr'>et</span> 
     </span>
     <span class='ocr_line' id='line_1_102' title="bbox 2699 4067 4662 4154; baseline 0.002 -19"><span class='ocrx_word' id='word_1_702' title='bbox 2699 4067 3038 4135; x_wconf 88' lang='lat' dir='ltr'>similibus.</span> <span class='ocrx_word' id='word_1_703' title='bbox 3144 4069 3246 4133; x_wconf 93' lang='lat' dir='ltr'>De</span> <span class='ocrx_word' id='word_1_704' title='bbox 3290 4089 3417 4152; x_wconf 90' lang='lat' dir='ltr'>quo</span> <span class='ocrx_word' id='word_1_705' title='bbox 3473 4070 3678 4154; x_wconf 90' lang='lat' dir='ltr'>igitur</span> <span class='ocrx_word' id='word_1_706' title='bbox 3733 4075 3810 4138; x_wconf 88' lang='lat' dir='ltr'>fit</span> <span class='ocrx_word' id='word_1_707' title='bbox 3850 4074 4095 4138; x_wconf 90' lang='lat' dir='ltr'>mentio</span> <span class='ocrx_word' id='word_1_708' title='bbox 4137 4094 4177 4137; x_wconf 89' lang='lat' dir='ltr'>a</span> <span class='ocrx_word' id='word_1_709' title='bbox 4221 4071 4515 4154; x_wconf 86' lang='lat' dir='ltr'>Seneca,</span> <span class='ocrx_word' id='word_1_710' title='bbox 4560 4094 4662 4138; x_wconf 83' lang='lat' dir='ltr'>ra-</span> 
     </span>
     <span class='ocr_line' id='line_1_103' title="bbox 2698 4151 4667 4242; baseline 0.003 -24"><span class='ocrx_word' id='word_1_711' title='bbox 2698 4151 2812 4218; x_wconf 78' lang='lat' dir='ltr'>dix</span> <span class='ocrx_word' id='word_1_712' title='bbox 2864 4164 2964 4220; x_wconf 89' lang='lat' dir='ltr'>est</span> <span class='ocrx_word' id='word_1_713' title='bbox 3018 4153 3312 4219; x_wconf 90' lang='lat' dir='ltr'>omnium</span> <span class='ocrx_word' id='word_1_714' title='bbox 3380 4156 3840 4239; x_wconf 85' lang='lat' dir='ltr'>cupiditatum,</span> <span class='ocrx_word' id='word_1_715' title='bbox 3906 4180 4069 4242; x_wconf 89' lang='lat' dir='ltr'>quas</span> <span class='ocrx_word' id='word_1_716' title='bbox 4126 4159 4312 4226; x_wconf 85' lang='lat' dir='ltr'>velut</span> <span class='ocrx_word' id='word_1_717' title='bbox 4367 4165 4524 4240; x_wconf 79' lang='lat' dir='ltr'>[pag.</span> <span class='ocrx_word' id='word_1_718' title='bbox 4554 4161 4667 4237; x_wconf 61' lang='grc'>«33]</span> 
     </span>
     <span class='ocr_line' id='line_1_104' title="bbox 2700 4239 4664 4328; baseline 0.003 -24"><span class='ocrx_word' id='word_1_719' title='bbox 2700 4260 2938 4305; x_wconf 85' lang='lat' dir='ltr'>nervos</span> <span class='ocrx_word' id='word_1_720' title='bbox 2973 4241 3042 4304; x_wconf 91' lang='lat' dir='ltr'>in</span> <span class='ocrx_word' id='word_1_721' title='bbox 3087 4239 3354 4305; x_wconf 89' lang='lat' dir='ltr'>homine</span> <span class='ocrx_word' id='word_1_722' title='bbox 3399 4241 3626 4307; x_wconf 88' lang='lat' dir='ltr'>scribit</span> <span class='ocrx_word' id='word_1_723' title='bbox 3667 4244 3859 4310; x_wconf 89' lang='lat' dir='ltr'>Plato</span> <span class='ocrx_word' id='word_1_724' title='bbox 3894 4245 3967 4310; x_wconf 90' lang='lat' dir='ltr'>in</span> <span class='ocrx_word' id='word_1_725' title='bbox 4003 4244 4319 4328; x_wconf 86' lang='lat' dir='ltr'>Legibus,</span> <span class='ocrx_word' id='word_1_726' title='bbox 4368 4255 4440 4311; x_wconf 91' lang='lat' dir='ltr'>et</span> <span class='ocrx_word' id='word_1_727' title='bbox 4476 4267 4594 4313; x_wconf 92' lang='lat' dir='ltr'>seu</span> <span class='ocrx_word' id='word_1_728' title='bbox 4615 4245 4664 4325; x_wconf 83' lang='lat'>¹)</span> 
     </span>
     <span class='ocr_line' id='line_1_105' title="bbox 2698 4324 4665 4416; baseline 0.004 -27"><span class='ocrx_word' id='word_1_729' title='bbox 2698 4325 3021 4391; x_wconf 88' lang='lat' dir='ltr'>funiculos</span> <span class='ocrx_word' id='word_1_730' title='bbox 3086 4324 3398 4408; x_wconf 89' lang='lat' dir='ltr'>quosdam</span> <span class='ocrx_word' id='word_1_731' title='bbox 3476 4329 3711 4410; x_wconf 89' lang='lat' dir='ltr'>quibus</span> <span class='ocrx_word' id='word_1_732' title='bbox 3774 4331 4145 4396; x_wconf 89' lang='lat' dir='ltr'>trahamur:</span> <span class='ocrx_word' id='word_1_733' title='bbox 4213 4336 4282 4395; x_wconf 92' lang='lat' dir='ltr'>et</span> <span class='ocrx_word' id='word_1_734' title='bbox 4350 4328 4665 4416; x_wconf 89' lang='lat' dir='ltr'>quemad-</span> 
     </span>
     <span class='ocr_line' id='line_1_106' title="bbox 2698 4410 4669 4499; baseline 0.004 -25"><span class='ocrx_word' id='word_1_735' title='bbox 2698 4410 2967 4476; x_wconf 90' lang='lat' dir='ltr'>modum</span> <span class='ocrx_word' id='word_1_736' title='bbox 3014 4412 3189 4476; x_wconf 90' lang='lat' dir='ltr'>inter</span> <span class='ocrx_word' id='word_1_737' title='bbox 3240 4433 3309 4476; x_wconf 90' lang='lat' dir='ltr'>se</span> <span class='ocrx_word' id='word_1_738' title='bbox 3365 4417 3727 4480; x_wconf 88' lang='lat' dir='ltr'>contrariae</span> <span class='ocrx_word' id='word_1_739' title='bbox 3793 4427 3949 4481; x_wconf 90' lang='lat' dir='ltr'>sunt</span> <span class='ocrx_word' id='word_1_740' title='bbox 4004 4417 4208 4499; x_wconf 89' lang='lat' dir='ltr'>ipsae,</span> <span class='ocrx_word' id='word_1_741' title='bbox 4269 4418 4369 4483; x_wconf 92' lang='lat' dir='ltr'>sic</span> <span class='ocrx_word' id='word_1_742' title='bbox 4425 4428 4493 4484; x_wconf 90' lang='lat' dir='ltr'>et</span> <span class='ocrx_word' id='word_1_743' title='bbox 4549 4436 4669 4482; x_wconf 89' lang='lat' dir='ltr'>nos</span> 
     </span>
     <span class='ocr_line' id='line_1_107' title="bbox 2699 4498 4669 4587; baseline 0.003 -27"><span class='ocrx_word' id='word_1_744' title='bbox 2699 4498 2943 4579; x_wconf 89' lang='lat' dir='ltr'>raptari</span> <span class='ocrx_word' id='word_1_745' title='bbox 2986 4499 3059 4561; x_wconf 90' lang='lat' dir='ltr'>in</span> <span class='ocrx_word' id='word_1_746' title='bbox 3102 4505 3323 4579; x_wconf 88' lang='lat' dir='ltr'>partes</span> <span class='ocrx_word' id='word_1_747' title='bbox 3368 4499 3601 4579; x_wconf 82' lang='lat' dir='ltr'>varias,</span> <span class='ocrx_word' id='word_1_748' title='bbox 3648 4501 3779 4565; x_wconf 89' lang='lat' dir='ltr'>nisi</span> <span class='ocrx_word' id='word_1_749' title='bbox 3821 4500 4088 4567; x_wconf 90' lang='lat' dir='ltr'>domina</span> <span class='ocrx_word' id='word_1_750' title='bbox 4130 4503 4295 4567; x_wconf 89' lang='lat' dir='ltr'>ratio</span> <span class='ocrx_word' id='word_1_751' title='bbox 4336 4503 4669 4587; x_wconf 72' lang='lat' dir='ltr'>praefecta</span> 
     </span>
     <span class='ocr_line' id='line_1_108' title="bbox 2700 4582 4668 4666; baseline 0.005 -20"><span class='ocrx_word' id='word_1_752' title='bbox 2700 4582 2913 4648; x_wconf 84' lang='lat' dir='ltr'>fuerit.</span> <span class='ocrx_word' id='word_1_753' title='bbox 3019 4583 3113 4648; x_wconf 87' lang='lat' dir='ltr'>At</span> <span class='ocrx_word' id='word_1_754' title='bbox 3154 4604 3310 4649; x_wconf 83' lang='lat' dir='ltr'>vero</span> <span class='ocrx_word' id='word_1_755' title='bbox 3363 4584 3517 4666; x_wconf 89' lang='lat' dir='ltr'>quia</span> <span class='ocrx_word' id='word_1_756' title='bbox 3559 4585 3669 4650; x_wconf 90' lang='lat' dir='ltr'>alii</span> <span class='ocrx_word' id='word_1_757' title='bbox 3719 4588 3792 4650; x_wconf 91' lang='lat' dir='ltr'>in</span> <span class='ocrx_word' id='word_1_758' title='bbox 3837 4587 3983 4653; x_wconf 88' lang='lat' dir='ltr'>aliis</span> <span class='ocrx_word' id='word_1_759' title='bbox 4028 4588 4324 4654; x_wconf 89' lang='lat' dir='ltr'>eminent</span> <span class='ocrx_word' id='word_1_760' title='bbox 4370 4588 4668 4666; x_wconf 79' lang='lat' dir='ltr'>affectus,</span> 
     </span>
     <span class='ocr_line' id='line_1_109' title="bbox 2701 4668 3491 4750; baseline 0.004 -18"><span class='ocrx_word' id='word_1_761' title='bbox 2701 4678 2786 4745; x_wconf 91' lang='lat' dir='ltr'>et,</span> <span class='ocrx_word' id='word_1_762' title='bbox 2834 4677 2908 4732; x_wconf 89' lang='lat' dir='ltr'>ut</span> <span class='ocrx_word' id='word_1_763' title='bbox 2950 4670 3043 4734; x_wconf 90' lang='lat' dir='ltr'>ait</span> <span class='ocrx_word' id='word_1_764' title='bbox 3085 4668 3491 4750; x_wconf 90' lang='lat' dir='ltr'>Propertius,</span> 
     </span>
    </p>

    <p class='ocr_par' dir='ltr' id='par_1_22' title="bbox 2701 4770 4673 5030">
     <span class='ocr_line' id='line_1_110' title="bbox 3041 4770 4244 4845; baseline 0.005 -19"><span class='ocrx_word' id='word_1_765' title='bbox 3041 4770 3282 4828; x_wconf 80' lang='lat' dir='ltr'>Naturae</span> <span class='ocrx_word' id='word_1_766' title='bbox 3321 4773 3562 4840; x_wconf 77' lang='lat' dir='ltr'>sequitur</span> <span class='ocrx_word' id='word_1_767' title='bbox 3584 4776 3800 4830; x_wconf 80' lang='lat' dir='ltr'>-semina</span> <span class='ocrx_word' id='word_1_768' title='bbox 3836 4777 4060 4845; x_wconf 84' lang='lat' dir='ltr'>quisque</span> <span class='ocrx_word' id='word_1_769' title='bbox 4096 4789 4244 4843; x_wconf 81' lang='lat' dir='ltr'>suae,</span> 
     </span>
     <span class='ocr_line' id='line_1_111' title="bbox 2701 4854 4673 4939; baseline 0.003 -19"><span class='ocrx_word' id='word_1_770' title='bbox 2701 4856 2848 4921; x_wconf 92' lang='lat' dir='ltr'>ideo</span> <span class='ocrx_word' id='word_1_771' title='bbox 2895 4854 3150 4924; x_wconf 86' lang='lat' dir='ltr'>Seneca</span> <span class='ocrx_word' id='word_1_772' title='bbox 3193 4877 3371 4923; x_wconf 89' lang='lat' dir='ltr'>nuno</span> <span class='ocrx_word' id='word_1_773' title='bbox 3407 4879 3679 4924; x_wconf 86' lang='lat' dir='ltr'>avarum</span> <span class='ocrx_word' id='word_1_774' title='bbox 3714 4861 3870 4927; x_wconf 87' lang='lat' dir='ltr'>facit</span> <span class='ocrx_word' id='word_1_775' title='bbox 3910 4860 4269 4939; x_wconf 88' lang='lat' dir='ltr'>dominum,</span> <span class='ocrx_word' id='word_1_776' title='bbox 4306 4883 4495 4928; x_wconf 90' lang='lat' dir='ltr'>nunc</span> <span class='ocrx_word' id='word_1_777' title='bbox 4533 4880 4673 4928; x_wconf 75' lang='lat' dir='ltr'>am·</span> 
     </span>
     <span class='ocr_line' id='line_1_112' title="bbox 2702 4939 4298 5030; baseline 0.004 -24"><span class='ocrx_word' id='word_1_778' title='bbox 2702 4941 3025 5007; x_wconf 91' lang='lat' dir='ltr'>bitiosum.</span> <span class='ocrx_word' id='word_1_779' title='bbox 3117 4939 3195 5006; x_wconf 91' lang='lat' dir='ltr'>Si</span> <span class='ocrx_word' id='word_1_780' title='bbox 3238 4963 3477 5010; x_wconf 86' lang='lat' dir='ltr'>avarus</span> <span class='ocrx_word' id='word_1_781' title='bbox 3517 4952 3637 5024; x_wconf 87' lang='lat' dir='ltr'>est,</span> <span class='ocrx_word' id='word_1_782' title='bbox 3681 4967 3800 5029; x_wconf 91' lang='lat' dir='ltr'>pro</span> <span class='ocrx_word' id='word_1_783' title='bbox 3847 4947 3988 5013; x_wconf 89' lang='lat' dir='ltr'>eius</span> <span class='ocrx_word' id='word_1_784' title='bbox 4028 4947 4298 5030; x_wconf 89' lang='lat' dir='ltr'>imperio</span> 
     </span>
    </p>
   </div>
   <div class='ocr_carea' id='block_1_9' title="bbox 2716 5117 3119 5124">
    <p class='ocr_par' dir='ltr' id='par_1_23' title="bbox 2716 5117 3119 5124">
     <span class='ocr_line' id='line_1_113' title="bbox 2716 5117 3119 5124; baseline 0 -2"><span class='ocrx_word' id='word_1_785' title='bbox 2716 5117 2961 5124; x_wconf 72' lang='lat'><em>——--.-——</em></span> <span class='ocrx_word' id='word_1_786' title='bbox 2982 5117 3119 5123; x_wconf 78' lang='lat'>———</span> 
     </span>
    </p>
   </div>
   <div class='ocr_carea' id='block_1_10' title="bbox 2844 5230 3622 5302">
    <p class='ocr_par' dir='ltr' id='par_1_24' title="bbox 2844 5230 3622 5302">
     <span class='ocr_line' id='line_1_114' title="bbox 2844 5230 3622 5302; baseline 0.01 -19"><span class='ocrx_word' id='word_1_787' title='bbox 2844 5231 2900 5296; x_wconf 79' lang='lat'>1)</span> <span class='ocrx_word' id='word_1_788' title='bbox 2944 5231 3090 5285; x_wconf 75' lang='lat' dir='ltr'>Edd.</span> <span class='ocrx_word' id='word_1_789' title='bbox 3129 5230 3259 5284; x_wconf 87' lang='grc'>1611</span> <span class='ocrx_word' id='word_1_790' title='bbox 3304 5247 3469 5302; x_wconf 51' lang='lat' dir='ltr'>seqq:</span> <span class='ocrx_word' id='word_1_791' title='bbox 3508 5251 3622 5291; x_wconf 80' lang='lat' dir='ltr'>ceu.</span> 
     </span>
    </p>
   </div>
  </div>
 </body>
</html>
