4984 5975
375 285 445 348 89
1883 279 2176 345 LIBER
2215 280 2273 349 Ι.
2360 280 2664 348 CAPUT
2706 280 2834 346 XI.
3879 287 3891 308 ³
4274 287 4360 352 90

374 476 505 536 tate.
585 468 660 535 Si
698 468 877 534 enim
912 471 1075 533 istae
1109 469 1530 551 imperiorum
1562 469 1956 535 mutationes
1991 491 2301 555 magnam

371 576 573 622 rerum
638 556 935 620 omnium
1004 553 1515 621 vicissitudinem
1588 577 1708 621 sua
1774 565 2012 621 natura
2073 565 2299 640 partu-

371 642 559 720 riunt,
625 661 945 726 magnum
999 657 1099 707 est
1151 662 1270 723 per
1322 663 1422 718 se,
1479 640 1652 723 quod
1693 641 1870 706 Nero
1924 663 2008 707 ne
2055 642 2301 708 stillam

369 725 614 812 quidem
656 727 999 810 sanguinis
1052 725 1325 792 humani
1368 725 1563 805 fudit,
1622 749 1826 811 quum
1880 726 2156 811 adeptus
2200 735 2303 795 est

369 812 720 897 imperium.
809 812 1061 877 Verum
1105 811 1230 878 hoe
1272 829 1473 897 auget
1512 834 1583 877 m
1715 811 2034 879 itudinem
2050 867 2067 895 ,
2126 816 2300 899 quod

518 919 556 963 e
624 897 840 964 adhue
907 919 1072 981 puer
1127 906 1405 963 aetatem
1475 920 1600 983 pru
1646 900 1824 963 entia
1888 902 2296 984 temperavit.

421 1006 518 1051 am
565 982 1030 1068 septemdecim
1065 993 1262 1050 natus
1292 1006 1500 1050 annos
1536 983 1842 1051 defuncto
1866 985 2144 1052 Claudio
2175 988 2299 1052 im-

364 1072 602 1156 perium
648 1070 951 1153 suscepit.

792 1157 862 1221 ia
902 1177 1046 1240 erqo
1085 1177 1209 1220 non
1243 1161 1484 1220 tantum
1517 1156 1920 1258 honestiores]
1976 1161 2298 1243 Assump-

364 1253 489 1309 tum
533 1265 648 1309 seu
688 1243 988 1308 intentio.
1074 1243 1244 1307 Erat
1285 1242 1463 1306 enim
1506 1245 1859 1326 propositio
1902 1265 2037 1310 iam
2068 1246 2299 1328 posita,

363 1331 691 1396 certiorem
747 1349 890 1394 esse
958 1328 1223 1412 regibus
1276 1329 1697 1394 securitatem
1766 1351 1845 1394 ex
1914 1338 2299 1397 mansuetu-

363 1415 509 1481 dine.
602 1417 1093 1499 Argumentum
1138 1422 1356 1479 autem
1401 1415 1472 1478 in
1514 1415 1824 1480 suasoriis
1869 1417 1949 1482 ab
1993 1418 2140 1482 utili
2182 1437 2299 1483 va-

359 1502 439 1567 let
530 1502 865 1566 lurimum.
968 1498 1421 1581 Quintilianus
1492 1501 1661 1566 libro
1718 1502 1940 1567 tertio:
2006 1503 2088 1568 In
2146 1526 2297 1571 sua-

361 1588 469 1654 den
511 1609 555 1652 o
600 1586 1053 1654 consideratur
1096 1587 1407 1652 honestas
1420 1636 1437 1664 ,
1483 1586 1720 1652 deinde
1764 1588 2031 1655 utilitas.
2121 1591 2300 1655 Sunt

358 1676 454 1758 qui
472 1673 781 1739 utilitatis
814 1671 1403 1738 considerationem
1420 1671 1497 1736 in
1516 1671 2049 1739 deliberationem
2072 1677 2297 1742 venire

358 1761 547 1827 solam
587 1766 849 1843 putant.

518 1845 973 1912 Ornamentum
1015 1842 1452 1932 imperiorum]
1499 1844 1986 1928 Interpretatio.

517 1932 732 2014 Quum
772 1950 944 2013 reyes
986 1932 1426 2008 emesenumnt,
1470 1929 1834 2018 liberisque]
1905 1930 2038 2013 Qui
2081 1933 2296 2019 legiti-

355 2039 521 2082 mum
571 2017 924 2100 imperium
966 2016 1261 2082 obtinent
1304 2024 1372 2080 et
1418 2015 1588 2081 bono
1632 2018 1890 2100 publico
1935 2040 2296 2086 accommo-

356 2102 527 2182 dant,
585 2103 689 2168 illi
739 2111 950 2190 morte
1006 2123 1129 2168 sua
1173 2101 1510 2180 occidunt,
1566 2124 1690 2169 nec
1734 2112 1887 2169 ante
1933 2104 2134 2186 diem,
2179 2105 2296 2171 sed

356 2210 534 2274 saepe
578 2190 652 2254 in
695 2189 826 2254 otio
865 2198 932 2253 et
971 2208 1131 2272 pace
1173 2196 1664 2254 consenescunt.
1753 2190 2047 2256 Tandem
2092 2213 2295 2276 quum

354 2285 617 2343 naturae
672 2274 934 2359 legibus
985 2272 1350 2340 cedendum
1394 2280 1521 2352 est,
1579 2295 1856 2359 regnum
1912 2276 2297 2360 relinquunt

353 2359 631 2428 familiae
685 2380 843 2427 suae
896 2359 1428 2425 haereditarium.
1532 2360 1932 2427 Devolvitur
1974 2363 2046 2427 in
2101 2364 2289 2444 filios,

354 2468 391 2511 a
425 2448 578 2514 filiis
611 2455 883 2530 nepotes
922 2446 1270 2529 accipiunt.
1337 2446 1392 2511 T
1614 2446 1638 2509 i
1681 2448 1996 2530 quamdiu
2038 2450 2290 2529 vivunt,

353 2533 791 2611 exsecrabiles,
825 2531 1044 2616 gladio
1070 2531 1330 2616 saepius
1358 2553 1399 2598 a
1442 2545 1795 2598 sumunt-ur
1813 2555 2013 2617 quam
2045 2535 2289 2603 morbo.

352 2616 453 2685 Sic
493 2627 809 2686 exercent
850 2617 1207 2684 violentam
1240 2624 1650 2700 potestatem,
1697 2628 1775 2683 ut
1807 2641 1938 2685 non
1974 2631 2292 2705 perpetua

352 2706 441 2769 sit.
526 2707 660 2771 Est
701 2725 860 2789 ergo
901 2703 1088 2769 locus
1131 2724 1215 2769 ex
1269 2703 1641 2770 contrariis:
1694 2705 1981 2789 primum
2022 2708 2292 2858 ponitur

350 2792 695 2875 propositio
708 2843 725 2870 ,
771 2810 962 2875 reges
1008 2808 1496 2869 consenescere,
1543 2798 1977 2874 tyrannorum
2066 2815 2292 2859 revem

351 2898 477 2943 esse
519 2886 933 2962 potestatem,
978 2896 1108 2957 qua
1146 2875 1473 2941 contraria
1512 2877 1688 2942 inter
1726 2899 1798 2943 se
1841 2879 2289 2946 conferuntur.

351 2959 655 3048 Sequitur
698 2962 1069 3029 differentia
1101 2963 1276 3027 inter
1310 2983 1380 3027 re
1426 2983 1530 3027 em
1565 2973 1631 3028 et
1665 2971 2045 3049 tyrannum.
2117 2966 2291 3031 Tum

351 3051 682 3117 subiicitur
722 3050 862 3115 eius
917 3047 1323 3114 differentiae
1367 3050 1388 3112 i
1443 3051 1737 3115 ustratio.
1829 3049 2025 3132 Quod
2070 3062 2292 3118 autem

350 3132 448 3201 hic
502 3136 758 3203 Seneca
811 3134 971 3201 dicit
1029 3156 1218 3218 reges
1269 3134 1491 3200 liberis
1547 3156 1624 3201 ac
1685 3136 2029 3220 nepotibus
2082 3160 2291 3222 regna

386 3224 525 3287 uasi
565 3243 685 3306 per
726 3238 964 3286 manus
1005 3220 1284 3298 tradere,
1331 3242 1415 3286 ex
1456 3221 1599 3285 iure
1639 3223 1935 3306 gentium
1978 3224 2287 3290 trahitur.

408 3307 534 3373 nod
595 3307 932 3373 Homerus
1010 3306 1346 3390 eleganter
1420 3306 1748 3391 significat
1810 3309 1933 3375 hoc
1998 3309 2290 3375 carmine

344 3390 605 3459 llhados
690 3416 739 3457 .:
1026 3434 1047 3447 ο
2234 3421 2249 3432 ·

576 3396 768 3530 Egeta
805 3475 871 3528 δὲ
909 3478 1185 3547 σκῆπτρον
1218 3473 1493 3545 πατρώϊον
1527 3474 1763 3548 ἄλφιτον
1797 3479 1922 3531 αἰεί.

346 3561 465 3630 Ubi
510 3573 577 3632 et
618 3566 927 3649 patrium,
974 3573 1041 3628 et
1081 3566 1537 3649 incorruptum
1579 3573 1911 3649 sceptrum
1955 3578 2159 3634 vocat.

516 3669 957 3752 Tyrcmnorum
996 3666 1225 3755 brevis]
1272 3668 1420 3734 Hoc
1463 3668 1671 3734 voluit
1711 3669 2076 3735 Iuvenalis:

472 3769 1546 3910 32.:.⁹33.‘3?.S;::,¹¹2.⁸222.2⁸033.3
1574 3786 1838 3908 {53:23⁰
1873 3787 2032 3840 ΡΜ

341 3921 433 3988 Et
469 3921 727 3991 Seneca
769 3924 1088 4008 Tragicus
1131 3926 1203 3989 in
1244 3924 1511 3999 Medea:

646 4028 836 4096 Iniqua
868 4043 1139 4096 nunquam
1172 4043 1342 4097 regna
1373 4036 1643 4097 perpetuo
1678 4036 1910 4083 manent.

338 4109 429 4175 Et
469 4114 544 4178 in
583 4113 872 4179 Nerone:
901 4113 950 4198 ¹)

951 4216 1055 4271 Ubi
1090 4232 1197 4271 non
1234 4224 1320 4272 est
1354 4217 1544 4287 pudor,

677 4285 795 4340 Nec
831 4301 959 4340 cura
994 4287 1142 4355 iuris,
1175 4286 1370 4356 pietas,
1409 4287 1685 4355 sanctitas,
1720 4285 1874 4355 fides,

675 4355 935 4409 Instabile
969 4370 1192 4424 regnum
1227 4362 1326 4409 est.

336 4435 564 4505 Subiit
609 4440 995 4506 memoriam
1054 4440 1272 4506 nobile
1334 4440 1499 4507 illud
1568 4440 1815 4506 dictum
1882 4441 2288 4528 Theopompi

703 4527 1004 4591 oniorum
1044 4527 1249 4610 regis:
1293 4528 1401 4593 cui
1444 4547 1646 4610 quum
1690 4527 1771 4592 ab
1806 4549 2012 4593 uxore
2045 4530 2286 4611 probro

336 4609 751 4691 obiiceretur,
804 4612 975 4696 quod
1030 4621 1203 4678 esset
1255 4612 1571 4678 humilius
1626 4634 1909 4697 regnum
1949 4614 2105 4680 filiis
2148 4624 2286 4680 tra-

333 4693 592 4763 diturus
612 4750 629 4778 ,
684 4718 880 4781 quam
924 4698 1065 4782 ipse
1109 4698 1491 4782 accepisset:
1549 4696 1913 4784 respondit,
1960 4721 2037 4765 eo
2079 4700 2286 4785 igitur

332 4783 580 4862 maius,
641 4805 770 4867 quo
834 4782 1225 4851 diuturnius.
1322 4785 1539 4850 Erant
1602 4787 1778 4851 enim
1833 4805 1911 4850 eo
1964 4794 2286 4871 regnante

471 5003 540 5066 1)
576 5004 681 5060 Ed.
716 5008 921 5061 Amet„-
954 5004 1119 5061 in'Th
1157 5014 1293 5076 este,
1493 5009 1714 5063 omnino
1739 5007 2098 5076 probandum.
2156 5009 2283 5063 Ver-

328 5083 428 5126 nu
472 5071 566 5126 cui
602 5077 740 5129 entim
785 5075 1039 5144 leyuntur
1155 5077 1167 5089 '
1208 5091 1257 5131 v.
1292 5074 1328 5127 2
1363 5076 1490 5131 5⁸⁸.
1572 5078 1813 5131 Neronis
1856 5093 2050 5133 nornen
2163 5080 2286 5134 ocul

328 5138 506 5196 dubio
544 5143 741 5197 ωῑασιι·
770 5144 961 5213 lapsui
992 5143 1229 5200 debetur.
1287 5143 1567 5199 Caeterum
1602 5147 1787 5200 eadem
1821 5148 2064 5203 Annulo
2104 5162 2283 5202 mnen-

328 5212 412 5262 ιιι
444 5209 720 5266 emendet.-
758 5213 1036 5283 sanctitas,
1069 5214 1262 5282 pietas,
1287 5212 1512 5281 jubente
1545 5213 1654 5283 lege
1681 5216 1993 5283 prosodiae.

2405 468 2743 535 constituti
2791 469 3064 552 Ephori,
3110 477 3257 549 [pag.
3284 484 3319 537 8
3339 476 3394 551 ι]
3430 471 3543 554 qui
3577 492 3710 536 non
3749 474 4210 555 permitterent
4244 495 4359 538 va-

2405 554 2549 639 gari
2593 554 2844 639 regiam
2886 554 3243 621 libidinem.
3332 555 3506 621 Vide
3548 556 3936 623 Ciceronem
3975 559 4048 623 in
4085 558 4355 626 Officiis.

2584 641 2761 721 Quod
2817 643 3064 708 interest
3132 644 3295 708 inter
3350 648 3694 727 tyrannum
3747 650 3804 709 et
3853 642 4082 731 reqem]
4145 643 4356 726 Quid-

2406 726 2584 810 quid'
2618 735 2721 791 est
2764 725 3200 807 differentiae,
3266 750 3426 794 usus
3480 730 3694 811 potius
3738 752 3935 813 quam
3979 731 4163 797 verbi
4208 738 4355 815 ety-

2404 833 2559 877 mon
2594 818 2710 877 aut
2746 814 3110 896 proprietas
3146 816 3502 880 constituit.
3568 816 3919 900 Tyrannus
3953 818 4128 881 enim
4165 838 4355 901 grae—

2404 920 2554 965 cum
2596 905 2728 976 est,
2788 897 3155 965 derivatum
3202 922 3241 965 a
3284 899 3484 966 verbo
3526 897 3760 966 neutro
3802 910 4127 986 τυραννέω,
4184 902 4357 986 quod

2402 983 2537 1050 illis
2579 985 2905 1091 imperare
2948 986 3292 1070 signifieat.
3358 986 3554 1052 Unde
3598 986 3919 1054 Isocrates
3953 990 4022 1052 in
4053 987 4354 1080 Εὐαγόρᾳ,

2403 1093 2742 1154 τυραννικον
2798 1068 2968 1135 dixit
3022 1092 3140 1154 pro
3197 1070 3574 1137 dominandi
3630 1074 3861 1156 perite.
3961 1075 4053 1139 Et
4097 1075 4352 1140 Aristo-

2404 1155 2653 1238 phanes
2707 1157 2780 1220 in
2821 1156 3106 1223 nubibus
3160 1165 3350 1224 vocat
3399 1156 3760 1242 ὖψιμέδοντα
3814 1162 3934 1222 τῶν
3976 1163 4144 1225 θεῶν
4186 1163 4356 1239 Ζῆνα

2402 1242 2695 1325 τῦραννον.
2786 1240 3170 1326 Sophocles:

2785 1329 2956 1397 Σοφοὶ
2990 1325 3250 1398 τύραννοι
3283 1332 3396 1381 τῶν
3431 1330 3627 1398 σοφῶν
3662 1336 3939 1398 συνουσίᾳ.

2401 1413 2550 1479 Hoc
2605 1421 2674 1478 et
2726 1412 3006 1480 Servius
3071 1423 3351 1481 testatur
3421 1418 3493 1480 in
3551 1417 3828 1500 septimo
3891 1420 4357 1484 commentario

2402 1499 2734 1564 Aeneidos
2789 1502 2976 1567 ouius
3023 1500 3223 1567 verba
3262 1514 3444 1568 sunt:
3506 1504 3706 1586 Apud
3750 1504 4042 1570 Graecos
4086 1505 4356 1587 tyranni

2403 1593 2470 1649 et
2511 1586 2686 1671 regis
2729 1580 2916 1651 nulla
2951 1585 3253 1653 diseretio
3289 1597 3406 1668 est,
3443 1589 3597 1655 licet
3630 1588 3807 1673 apud
3842 1612 3958 1655 nos
3993 1590 4353 1672 incubator,

2401 1672 2659 1754 imperii
2716 1683 3041 1758 tyrannus
3099 1673 3368 1740 dicatur.
3457 1675 3587 1739 His
3631 1676 3790 1741 satis
3833 1677 4208 1742 confutatus
4253 1684 4356 1741 est

2401 1778 2586 1822 error
2640 1757 2862 1822 Verrii
2918 1758 3173 1836 Flacci,
3233 1761 3343 1844 qui
3400 1762 3665 1844 scripsit
3722 1772 4040 1845 tyrannos
4086 1762 4168 1827 ab
4213 1762 4352 1827 He-

2401 1845 2640 1909 truscis
2683 1844 3059 1927 appellatos,
3105 1847 3219 1928 qui
3264 1855 3329 1912 et
3372 1847 3706 1932 Tyrrheni
3749 1869 3788 1911 a
3830 1848 4178 1932 Tyrrheno
4213 1849 4353 1934 Ly-

2401 1927 2637 1994 dorum
2696 1928 2857 1995 duce
2924 1931 3078 1997 dicti
3134 1941 3319 2011 sunt,
3376 1933 3529 2014 quia
3583 1954 3742 2017 gens
3788 1934 3905 1999 illa
3946 1933 4351 2000 crudelitatis

2400 2016 2664 2080 nomine
2721 2015 2965 2080 famata
3020 2017 3159 2083 fuit.
3259 2019 3489 2102 Itaque
3544 2027 3611 2083 et
3665 2029 3927 2086 autores
3980 2019 4167 2085 latini
4227 2020 4350 2086 hac

2400 2099 2683 2167 dictione
2718 2101 3098 2184 frequenter
3134 2105 3235 2169 usi
3272 2115 3426 2170 sunt
3460 2106 3530 2169 in
3566 2104 3801 2170 bonam
3836 2114 4112 2190 partem.
4178 2105 4350 2170 Ver-

2398 2186 2609 2270 gelius
2650 2185 2979 2253 Aeneidos
3023 2197 3279 2272 quarto:

2570 2289 2914 2412 ggepgopter
2949 2289 3183 2361 Libycae
3223 2305 3429 2362 gentse,
3465 2292 3871 2362 Nomadumque
3907 2295 4118 2364 tyranni

2395 2444 2488 2508 Et
2531 2443 2602 2507 in
2646 2445 2951 2527 septimo:

2567 2529 2704 2584 Pars
2738 2531 2868 2584 mihi
2900 2531 3053 2600 pacis
3090 2533 3208 2599 erit,
3247 2530 3493 2587 dextram
3531 2533 3774 2601 tetigisse
3810 2535 4036 2603 tyranni.

2394 2614 2715 2680 Horatius
2760 2615 2886 2681 111.
2932 2615 3349 2682 carminum:

2803 2699 2904 2768 Qui
2943 2701 3274 2758 Formiarum
3312 2705 3522 2757 moenia
3557 2704 3749 2759 dicitur

2806 2770 2999 2825 Princo
3041 2787 3084 2840 s,
3121 2781 3177 2825 et
3211 2773 3482 2826 innantem
3517 2772 3758 2827 Maricae

2805 2838 3004 2894 Littori
3040 2856 3106 2894 us
3140 2841 3378 2896 tenuisse
3412 2840 3594 2909 Lyrim

2807 2907 2944 2963 Late
2981 2914 3257 2978 tyrannuS.

2394 2992 2656 3061 Statius
2700 2994 2790 3058 Π.
2838 2994 3229 3061 Thebaidos:

2635 3078 2716 3133 Ne
2754 3082 2919 3136 toties
2954 3082 3161 3136 incerta
3197 3082 3392 3150 ferant,
3427 3088 3723 3150 nutentque
3759 3092 4034 3153 gementes

2633 3147 2884 3217 Imperia,
2922 3157 2976 3203 et
3011 3150 3172 3204 dubio
3209 3151 3392 3218 pigeat
3425 3158 3620 3219 parer'e
3656 3153 3902 3220 tyranne.

2393 3233 2570 3299 Vide
2627 3235 3080 3319 Augustinum
3137 3233 3244 3299 lib.
3292 3234 3383 3300 H.
3441 3245 3508 3301 et
3558 3237 3727 3302 libro
3768 3238 3852 3302 V.
3922 3238 4003 3304 de
4056 3237 4343 3304 Oivitate

2393 3319 2540 3385 Dei.
2644 3319 2789 3383 Iam
2844 3341 2999 3386 vero
3051 3341 3214 3386 usus
3265 3321 3552 3386 obtinuit
3607 3330 3967 3407 tyrannum
4013 3322 4169 3403 diei,
4229 3326 4345 3407 qui

2394 3414 2627 3470 contra
2679 3426 2946 3471 suorum
3005 3406 3412 3472 voluntatem
3466 3408 3870 3488 dominatur,
3939 3416 4052 3474 aut
4104 3410 4343 3475 intem-

2393 3496 2705 3574 peranter
2748 3500 3007 3557 exercet
3047 3500 3458 3576 potestatem,
3503 3502 3580 3559 ut
3618 3495 3704 3559 sit
3745 3515 3983 3560 nomen
4028 3495 4188 3560 vitii.
4255 3495 4348 3560 Et

2394 3577 2488 3642 sic
2544 3575 2819 3642 Graecis
2877 3577 3373 3663 distinguuntur
3422 3570 3698 3664 τύραννος
3757 3585 3858 3642 καὶ
3907 3578 4215 3663 βασιλεός,
4270 3588 4347 3645 ut

2393 3662 2583 3728 nobis
2623 3683 2744 3727 rex
2787 3670 2853 3729 et
2898 3672 3238 3748 tyrannus.
3340 3665 3497 3730 Ideo
3541 3663 3744 3731 Solon
3797 3666 4024 3731 scribit
4063 3665 4347 3749 quodam

2393 3749 2680 3814 carmine
2734 3770 2805 3814 se
2857 3748 3190 3815 horruisse
3233 3751 3520 3817 nominis
3562 3751 3931 3831 infamiam,
3988 3772 4193 3834 quum
4235 3760 4344 3836 ty-

2392 3833 2739 3899 rannidem
2801 3835 2973 3900 ultro
3029 3856 3068 3900 a
3122 3836 3375 3902 civibus
3442 3838 3576 3903 suis
3648 3837 3932 3902 oblatam
3983 3844 4340 3921 respueret.

2392 3918 2779 3986 Aristoteles
2813 3920 3008 3985 VIII.
3045 3921 3434 3987 Ethieorum
3476 3924 3657 4007 ponit
3700 3922 4119 4006 tyrannidem
4153 3924 4344 4008 regni

2392 4007 3000 4089 transgressionem.
3089 4008 3182 4071 Et
3221 4007 3648 4075 Politieorum
3683 4006 3842 4074 111.:
3899 4008 4155 4076 Vocare
4190 4030 4342 4075 eon-

2393 4091 2746 4171 suevimus,
2793 4114 2994 4175 quum
3039 4114 3209 4158 unus
3255 4092 3339 4159 ad
3381 4115 3793 4159 communem
3837 4096 4188 4161 utilitatem
4222 4118 4342 4180 gu-

2389 4174 2651 4256 bernat,
2709 4198 2780 4242 re
2832 4178 2844 4190 '
3011 4187 3418 4262 potestatem.
3509 4178 3733 4261 Quum
3775 4202 3934 4247 vero
3988 4182 4177 4264 pauci
4220 4203 4342 4266 gue-

2390 4261 2692 4340 bernant,
2739 4286 2783 4346 p
2810 4284 2961 4329 ures
3005 4284 3225 4330 tamen
3269 4287 3418 4345 unc,
3465 4266 3878 4349 optimatium
3920 4268 4340 4352 gubernatio-

2390 4369 2561 4412 nem.
2653 4346 2879 4429 Quum
2922 4357 3141 4415 autem
3185 4350 3538 4416 multitudo
3585 4350 3669 4416 ad
3710 4374 4120 4419 communem
4161 4353 4340 4417 utili-

2390 4441 2592 4498 tatem
2652 4435 3002 4518 gubernat,
3059 4437 3138 4500 fit
3191 4435 3572 4519 respublica.
3671 4437 4023 4503 Labuntur
4068 4460 4221 4503 vero
4275 4446 4343 4504 et

2390 4519 2975 4603 transgrediuntur
3015 4521 3395 4588 huiusmodi
3433 4523 3698 4607 species,
3741 4544 3825 4588 ex
3858 4525 4044 4608 regia
4077 4523 4341 4622 quitbm

2388 4603 2862 4688 gubernatione
2901 4608 2976 4671 in
3019 4606 3453 4693 tyrannidem,
3498 4630 3579 4674 ex
3617 4609 4039 4693 optimatibus
4069 4612 4138 4674 in
4175 4630 4339 4694 pau-

2389 4711 2617 4755 corum
2716 4692 3061 4771 otentiam,
3118 4715 3202 4758 ex
3257 4695 3589 4777 republica
3641 4697 3712 4760 in
3765 4695 4147 4779 popularem
4202 4704 4336 4761 sta-

2388 4784 2551 4840 tum.
2705 4788 2828 4842 unt
2883 4787 3102 4843 autem
3161 4779 3407 4844 multae
3473 4781 3719 4864 species
3784 4781 4186 4879 tyrannidis,
4254 4781 4337 4847 de

2389 4861 2628 4944 quibus
2672 4862 2846 4929 idem
2889 4862 3054 4928 libro
3095 4864 3328 4946 quinto
3384 4865 3661 4932 disserit.
3751 4865 3980 4938 Cicero
4023 4866 4094 4929 in
4140 4867 4335 4949 Topi-

2388 4946 2513 5012 cis:
2558 4948 2670 5013 Ex
2723 4948 2930 5014 altero
2985 4970 3226 5032 genere
3266 4951 3435 5033 quod
3480 4961 3622 5016 erat
3664 4950 4070 5035 bipertitum,
4127 4973 4334 5016 unum

2387 5041 2488 5098 est
2531 5032 2611 5099 de
2667 5032 2924 5111 eodem,
2966 5041 3034 5099 et
3078 5034 3158 5099 de
3203 5035 3358 5101 alio:
3416 5046 3492 5101 ut
3535 5038 3589 5102 si
3635 5044 3988 5120 quaeratur
4031 5036 4185 5119 quid
4229 5037 4332 5100 in-
4353 5110 4366 5129 ἱ

2387 5120 2578 5184 tersit
2630 5121 2803 5184 inter
2852 5120 3138 5184 amicum
3190 5130 3256 5186 et
3300 5132 3796 5200 assentatorem,
3854 5141 4075 5204 regem
4121 5130 4188 5185 et
4229 5130 4332 5205 ty-

2387 5204 2714 5269 rannum?
2763 5203 3016 5271 Seneca
3053 5207 3124 5270 in
3167 5208 3687 5291 Agamemnone:
