4984 5975
391 277 494 337 105

386 469 585 526 santae
629 459 916 542 loquitur
950 460 1060 525 lib.
1084 460 1278 524 VIII.
1324 462 1431 539 τῆς
1467 458 1788 535 Παιδείαςε
1831 463 1977 545 Ego
1998 482 2313 544 saepenu-

382 566 541 610 mero
560 545 844 629 eogitavi
888 547 1134 612 bonum
1177 546 1539 629 principem
1581 546 1749 611 nihil
1794 547 2056 612 differre
2079 568 2119 611 a
2145 546 2312 612 bono

373 638 565 714 patre,
592 640 715 696 ete.
773 632 1034 697 Plinius
1069 633 1139 696 in
1159 632 1572 716 Panegyrico
1609 634 1908 698 Traiani:
1955 632 2148 713 Quod
2170 635 2312 715 qui-

384 716 512 781 dem
554 736 792 800 nomen
839 738 968 800 qua
1009 716 1444 800 benignitate,
1490 739 1618 799 qua
1658 719 2071 802 indulgentia
2125 740 2311 784 exer-
2362 745 2365 770 ι

385 801 508 901 ees?
592 801 690 867 Ut
734 822 885 867 eum
929 801 1178 868 civibus
1223 804 1356 868 tuis
1399 805 1581 886 quasi
1628 826 1778 869 cum
1813 803 2035 870 liberis
2070 825 2310 888 parens

381 908 864 1054 nme-Numquid
906 972 1172 1059 aliquis]
1222 972 1736 1054 Quatuordeeim
1771 995 2003 1040 causae
2045 975 2117 1039 in
2152 974 2309 1039 Iure

388 1058 766 1138 scribuntur,
804 1080 968 1143 quas
1002 1068 1186 1142 pater
1220 1060 1290 1123 in
1333 1059 1454 1123 filii
1498 1059 2109 1125 exhaeredationem
2151 1060 2308 1125 alle-

380 1159 516 1227 gare
568 1155 799 1226 potest.
859 1145 1060 1209 Auth.
1110 1145 1204 1210 Ut
1259 1166 1463 1228 quum
1520 1146 1601 1210 de
1655 1145 2091 1229 appellatione
2157 1167 2307 1228 eog-

379 1229 663 1294 noscitur.
721 1228 950 1295 Collat.
998 1230 1191 1294 VIII.
1239 1233 1287 1314 §.
1335 1230 1536 1295 Aliud
1595 1253 1844 1315 quoque
1907 1233 2096 1314 capit.
2191 1233 2306 1297 Ius

379 1314 556 1379 etiam
614 1315 1065 1394 abdicationis,
1123 1338 1319 1399 quam
1371 1316 1618 1383 Fabius
1674 1317 1979 1381 ultimum
2047 1315 2333 1401 patri‘ae‘

375 1402 699 1482 potestatis
740 1401 992 1466 fulmen
1035 1401 1352 1484 appellat,
1392 1403 1773 1486 abrogatum
1830 1411 1945 1470 est.
1983 1424 2102 1485 per
2156 1424 2308 1469 6011-Δ

376 1486 764 1551 stitutionem
808 1487 1174 1566 Iustiniani,
1220 1509 1385 1569 quae
1430 1497 1530 1566 est
1573 1490 1669 1553 tit.
1718 1488 1797 1552 de
1842 1491 2050 1570 patria
2093 1497 2307 1572 potes-

374 1583 505 1648 tate,
542 1573 587 1636 l.
633 1570 967 1637 abdicatio.
1109 1640 1118 1649 ,
2080 1603 2089 1614 ‘

524 1673 824 1740 Iniuriae
846 1676 1221 1757 patientiam
1258 1675 1578 1763 evicerint]
1634 1677 1698 1741 N
1700 1699 1784 1742 on
1829 1679 1920 1742 sie
1962 1678 2175 1760 prima
2211 1680 2306 1743 of-

371 1759 534 1824 fensa
578 1759 881 1824 irritetur
922 1773 1136 1844 pater,
1191 1771 1268 1826 ut
1320 1762 1531 1826 filium
1587 1762 2001 1828 exhaeredet.
2091 1764 2307 1828 Multa

369 1846 868 1927 praetermittat,
927 1846 1008 1911 ad
1064 1847 1273 1911 multa
1317 1850 1665 1913 conniveat
1706 1850 1909 1914 donec
1963 1869 2040 1913 eo
2095 1870 2304 1915 emer-

371 1932 562 1995 serint
608 1932 798 2005 vitia,
861 1943 935 1997 ut
985 1934 1120 1997 iam
1173 1933 1437 1998 tolerari
1480 1954 1612 1998 non
1704 1935 1929 1999 ossint.
2018 1935 2166 2001 Hac
2209 1935 2305 2000 lo-

370 2018 665 2098 quutione
710 2039 869 2083 usus
913 2028 1017 2082 est
1058 2019 1254 2082 etiam
1301 2018 1579 2084 Ovidius
1687 2020 1857 2103 legia
1897 2020 2022 2084 11.:

578 2119 755 2174 Multa
789 2119 983 2187 diuque
1020 2120 1137 2187 tuli,
1170 2122 1314 2175 {vitiis
1351 2123 1612 2190 patientia
1646 2123 1790 2176 victa
1825 2129 1925 2176 est.

368 2204 449 2268 Et
478 2206 925 2271 Mamertinus
968 2207 1038 2269 in
1083 2206 1496 2291 Panegyrico
1540 2208 1814 2271 Iuliani:
1854 2206 2039 2287 Quae
2083 2210 2304 2273 omnia

367 2285 751 2356 obstinatam
795 2298 863 2355 et
903 2291 1296 2357 immobilem
1341 2293 1654 2376 principis
1701 2299 1843 2372 [pag.
1883 2298 1988 2370 97]
2036 2294 2301 2360 tandem

368 2375 564 2441 vicere
602 2378 1001 2460 patientiam.
1506 2409 1516 2422 =

524 2480 683 2545 Nisi
711 2479 870 2562 plus
912 2485 1001 2544 est
1045 2482 1206 2561 quod
1249 2480 1442 2567 timet]
1488 2483 1626 2545 Aut
1667 2481 1748 2546 ad
1793 2481 1954 2546 illud
2003 2482 2301 2550 Platonis

368 2566 636 2647 respicit,
673 2565 1004 2631 neminem
1040 2566 1432 2649 prudentem
1466 2566 1612 2631 ideo
1654 2567 1908 2650 punire,
1954 2570 2109 2651 quia
2150 2590 2301 2652 pec-

367 2656 567 2715 catum
606 2659 722 2731 est,
761 2650 875 2716 sed
911 2674 994 2716 ne
1030 2652 1101 2716 in
1144 2659 1480 2736 posterum
1518 2660 1846 2736 peccetur:
1894 2661 2008 2718 aut
2050 2655 2300 2738 simpli-

367 2736 511 2800 citer
566 2736 757 2814 dicit,
803 2747 1053 2819 patrem
1114 2739 1341 2803 timere
1385 2738 1530 2821 plus
1584 2761 1779 2822 quam
1835 2738 2129 2819 damnat,
2189 2743 2297 2823 qui

364 2843 484 2885 non
523 2821 734 2888 eredit
780 2844 850 2886 se
895 2831 1109 2887 tutum
1131 2875 1145 2900 ,
1191 2824 1325 2888 filio
1380 2823 1611 2889 iisdem
1667 2847 1886 2890 seeum
1941 2827 2299 2908 parietibus

365 2906 634 2988 incluse,
681 2909 791 2993 qui
838 2909 1257 2993 parricidium
1306 2910 1719 2994 cogitaverit,
1766 2917 1880 2974 aut
1925 2911 2136 2976 simile
2182 2912 2299 2976 ali-

304 2996 313 3011 '
363 2994 515 3075 quod
556 2996 830 3061 facinus

524 3097 675 3163 Non
719 3099 951 3164 accedit
994 3099 1081 3163 ad
1124 3099 1527 3164 decretorium
1578 3098 1833 3187 stylum]
1890 3101 2024 3165 Per
2078 3101 2297 3166 deere-

364 3183 594 3248 torium
618 3183 870 3268 stylum
905 3204 1204 3267 asperam
1241 3184 1568 3268 significat
1602 3207 1963 3263 censuram,
2002 3201 2067 3252 et
2101 3209 2296 3269 quam

361 3278 534 3348 pater
570 3270 1028 3353 gravissimam
1085 3271 1157 3333 in
1200 3270 1411 3335 filium
1456 3269 1672 3336 habet.
1761 3271 1934 3336 Nam
1977 3281 2045 3336 et
2088 3273 2297 3357 stylus

399 3374 553 3419 uum
588 3355 1027 3438 metaphorice
1073 3356 1404 3438 accipitur,
1450 3354 1520 3420 id
1561 3379 1678 3439 per
1716 3380 1785 3421 se
1830 3358 2183 3440 significat:
2231 3368 2299 3424 et

401 3450 686 3505 seret-um
731 3441 994 3505 Latinis
1039 3441 1295 3518 dicitur,
1338 3442 1508 3524 quod
1546 3442 1821 3508 Graecis
1856 3441 2128 3526 ἀρεστὸν,
2171 3445 2296 3511 1106

362 3534 453 3587 est
484 3536 656 3591 stata
697 3528 1175 3609 constitutaque
1221 3528 1572 3593 sententia:
1622 3528 1795 3593 unde
1840 3528 2293 3609 decretorium,

354 3609 514 3689 quod
555 3611 687 3676 illis
723 3612 999 3696 κριτικόν.
1091 3612 1240 3693 Qua
1282 3615 1537 3679 ratione
1572 3613 1888 3679 Canicula
1923 3614 2105 3680 sidus
2152 3619 2295 3681 uvis

356 3692 778 3762 decretorium
845 3698 1093 3783 Plinio,
1164 3707 1231 3763 et
1290 3698 1426 3763 dies
1504 3698 1887 3765 florentibus
1949 3701 2106 3767 oleis
2184 3701 2295 3768 de-

353 3783 695 3862 cretorius,
755 3805 882 3865 quo
927 3783 1169 3867 Aquila
1224 3787 1446 3865 oritur.
1538 3786 1643 3850 De
1699 3786 1872 3870 stylo
1938 3786 2168 3853 Cicero
2224 3789 2295 3852 in

353 3869 639 3933 oratione
684 3890 802 3951 pro
840 3869 1177 3934 Cluentio:
1226 3870 1327 3934 Ne
1373 3873 1741 3936 censorium
1787 3871 2065 3956 stylum,
2110 3874 2294 3938 euius

348 3971 717 4019 mueronem
786 3954 1012 4020 multis
1074 3956 1378 4021 remediis
1433 3958 1710 4022 maiores
1762 3959 1972 4023 nostri
2028 3959 2293 4024 retude-

350 4046 518 4116 runt,
557 4062 759 4123 aeque
797 4040 1069 4123 posthae
1105 4051 1298 4125 atque
1344 4040 1763 4107 dictatorium
1804 4043 2098 4127 gladium
2143 4067 2289 4126 per-

348 4120 771 4191 timescamus.
859 4126 1141 4191 Latinus
1184 4127 1470 4193 Pacatus
1514 4128 1584 4192 in
1626 4129 2037 4212 Panegyrico
2083 4130 2292 4195 'Pheo-

350 4205 536 4275 dosii:
584 4210 698 4277 Sic
755 4232 961 4294 quum
1015 4212 1287 4279 immitis
1354 4215 1625 4296 tyranni
1684 4215 1897 4299 stylus
1953 4216 2293 4281 timeretur

349 4302 411 4356 et
464 4294 756 4378 gladius,
815 4299 1170 4362 transierat
1221 4300 1290 4363 in
1335 4306 1489 4365 vota
1541 4304 1908 4381 paupertas.
1997 4301 2089 4365 Et
2131 4303 2201 4366 in
2246 4302 2288 4367 l.

347 4378 399 4441 si
432 4382 577 4462 quis
612 4381 687 4447 C.
726 4380 807 4447 de
843 4383 1028 4448 bonis
1064 4385 1603 4467 proscriptorum,
1642 4406 1759 4449 seu
1797 4383 2285 4451 damnatorum:

348 4460 420 4528 Si
464 4467 609 4548 quis
654 4469 830 4533 intra
883 4469 1289 4551 provinciam
1343 4490 1461 4552 pro
1505 4470 1818 4552 qualitate
1876 4470 2095 4537 delicti
2149 4482 2286 4556 sty-

346 4546 477 4615 lum
514 4554 1012 4636 proscriptionis
1046 4554 1414 4631 incurrerit,
1450 4578 1568 4639 per
1601 4555 1911 4621 ordinarii
1945 4559 2136 4623 officii
2162 4559 2287 4623 sol-

346 4632 740 4703 licitudinem
779 4647 897 4704 etc.
967 4638 1269 4707 Deducta
1302 4640 1458 4705 hinc
1487 4640 1888 4725 metaphora,
1934 4643 2107 4726 quod
2140 4667 2288 4710 sen-

342 4724 593 4870 ἱᾜίᾒαθ
641 4724 1002 4808 antiquitus
1058 4725 1230 4811 stylo
1286 4727 1727 4792 scriberentur
1773 4728 1842 4791 in
1899 4730 2134 4793 ceratis
2190 4739 2285 4794 ta-

478 4829 529 4873 s.

513 4911 723 4977 Multa
755 4918 898 4978 ante
928 4918 1118 4978 tentat
1147 4914 1371 4995 quibus
1400 4916 1660 4981 dubiam
1694 4914 1829 5003 eta]
1873 4915 2101 4982 Donec
2137 4940 2286 5002 spos

343 5002 440 5060 cst
481 4995 734 5064 levibus
778 4998 1082 5064 remediis
1137 5020 1325 5082 posse
1378 5003 1670 5067 rovocari
1722 5002 1805 5066 ad
1859 5002 2093 5068 bonam
2148 5006 2286 5069 fru-

300 5138 309 5143 .
340 5100 510 5162 gem,
560 5082 722 5147 nihil
767 5083 1072 5152 admovet
1119 5106 1443 5168 asperum,
1491 5109 1611 5154 nee
1655 5087 1895 5153 desinit
1938 5097 2282 5173 antequam

340 5164 419 5230 de
464 5167 743 5234 sanitate
788 5169 1205 5253 desperatum
1251 5183 1364 5237 est.
1594 5204 1599 5209 ·

1720 272 2011 338 LIBER
2052 275 2107 338 Ι.
2196 273 2500 341 CAPUT
2541 274 2739 339 XIII.
2809 274 2999 340 XIV.

4242 275 4368 343 106'

2604 462 2844 528 Ultima
2906 461 3255 550 experitur]
3357 464 3542 528 Haec
3597 465 3889 547 loquutio
3959 465 4220 548 proprie
4293 468 4364 531 in

2417 546 2872 631 desperatione
2914 563 3290 631 usurpatur.
3381 549 3652 615 Curtius
3686 550 3796 614 lib.
3843 550 3958 615 V.:
4015 551 4363 618 Madathes

2416 647 2556 696 erat
2597 633 2794 698 huius
2837 634 3126 717 regionis
3167 636 3549 717 praefectus,
3596 634 3769 700 haud
3810 657 3967 701 sane
4002 637 4362 703 multorum

2416 725 2784 801 temporum
2819 719 3031 794 home,
3068 720 3306 802 quippe
3343 721 3573 785 ultima
3607 743 3725 804 pro
3758 721 3888 786 fide
3930 724 4213 805 experiri
4249 722 4361 788 de-

2414 815 2728 870 creverat.
2786 804 3114 870 Salustius
3149 807 3219 869 in
3244 805 3562 872 Catilina:
3599 807 3962 890 Postquam
4002 808 4137 873 dies
4162 810 4361 874 comi-

2413 890 2660 954 tiorum
2697 891 2906 968 venit,
2964 905 3031 954 et
3074 889 3400 957 Catilinae
3444 914 3654 975 neque
3693 894 3951 975 petitio,
3998 915 4207 976 neque
4260 897 4361 958 in-

2412 974 2615 1039 sidiae
2648 997 2810 1058 quas
2846 977 3095 1041 consuli
3137 977 3404 1054 fecerat,
3459 999 3766 1061 prospere
3812 991 4169 1058 cesserunt,
4207 1002 4360 1047 eon·
4403 985 4407 990 ’

2414 1061 2635 1125 stituit
2680 1060 2919 1127 bellum
2961 1063 3203 1140 facere,
3250 1073 3317 1127 et
3357 1074 3654 1129 extrema
3684 1064 3920 1128 omnia
3957 1067 4257 1148 experiri.

2587 1146 2723 1212 Hoc
2765 1148 2926 1227 quod
2957 1150 3240 1230 parenti,
3297 1151 3485 1213 etiam
3517 1148 3833 1237 principa]
3893 1150 4085 1216 Nunc
4139 1173 4360 1217 exem-

2410 1232 2593 1315 plum
2639 1247 3029 1315 argumento
3073 1235 3360 1299 subiecto
3383 1235 3859 1310 ,accommodat

2596 1319 2788 1399 Quem
2829 1320 3285 1400 appellavimus
3316 1327 3566 1401 patrem
3595 1319 3881 1409 patriae]
3930 1319 4179 1388 Omnes
4221 1326 4358 1389 fere

2413 1402 2728 1468 Caesares
2788 1419 3005 1486 patres
3033 1407 3314 1487 -patriae
3369 1427 3409 1470 a
3463 1414 3695 1471 senatu
3763 1407 4356 1489 consalutabantur‚

2412 1499 2485 1552 ut
2520 1510 2726 1571 paene
2763 1491 3027 1556 solenne
3062 1491 3185 1556 hoc
3219 1493 3423 1556 fuerit
3463 1494 3934 1574 imperatorum
3978 1516 4357 1578 cognomen,

2412 1596 2494 1640 ex
2530 1596 2657 1657 quo
2695 1575 2865 1640 Iulio
2901 1576 3189 1641 delatum
3225 1579 3465 1642 fuerat:
3505 1589 3572 1641 et
3615 1579 3878 1644 Tacitus
3920 1583 4358 1662 promiscuum

2410 1659 2535 1726 hoe
2570 1669 3071 1744 cognomentum
3096 1662 3262 1727 libro
3283 1663 3405 1727 XI.
3443 1663 3744 1747 appellet.
3815 1663 3986 1729 Vide
4010 1666 4359 1749 Tranquil-

2408 1745 2566 1809 lum.
2656 1747 2911 1811 Habuit
2967 1747 3090 1812 hoc
3145 1769 3384 1813 nomen
3428 1751 3750 1833 originem
3789 1772 3830 1814 a
3871 1749 4205 1828 Cicerone,
4250 1753 4360 1835 qui

2413 1842 2559 1913 post
2583 1853 2997 1915 suppressam
3012 1834 3338 1899 Catilinae
3362 1837 3868 1901 coniurationem
3893 1848 4081 1920 pater
4108 1840 4360 1920 patriae

2412 1925 2513 1981 est
2568 1918 2961 2000 appellatus,
3022 1928 3096 1984 ut
3135 1929 3413 1985 testatur
3457 1923 3802 2003 Appianus
3847 1923 4011 1988 libro
4055 1923 4355 1989 seeundo.

2407 2003 2501 2066 Et
2525 2002 2677 2067 alibi
2715 2003 2981 2087 loquens
3016 2004 3096 2070 de
3134 2005 3415 2071 Caesare
3452 2007 3797 2072 dictatore:
3838 2007 4224 2092 Appellatus
4259 2017 4362 2074 est

2408 2097 2597 2171 pater
2631 2092 2912 2172 patriam
2952 2092 3119 2174 quod
3157 2113 3512 2175 cognomen
3548 2095 3801 2175 primus
3834 2094 4060 2159 Cicero
4095 2096 4357 2160 meruit.

2407 2174 2744 2239 Iuvenalis
2790 2174 3034 2260 Satyra
3078 2177 3304 2241 VIII.:

2408 2275 2553 2347 [pag.
2587 2276 2713 2400 1)Ἦο
3092 2278 3198 2332 Sed
3216 2279 3404 2359 „Roma
3439 2248 3734 2361 parentem,
3925 2352 3936 2364 .
3980 2352 3990 2362 .

2717 2364 2804 2400 ma
2838 2355 3051 2415 patrem
3086 2356 3294 2415 patriae
3330 2348 3641 2402 Ciceronem
3678 2350 3849 2403 libera
3885 2350 4034 2404 dmt.

2355 2445 2361 2510 l
2406 2411 2666 2496 Plinius
2725 2430 2891 2497 libro
2938 2432 3131 2497 VIL:
3200 2431 3403 2497 Salve
3468 2437 3716 2516 primus
3769 2437 4060 2499 omnium
4114 2457 4356 2519 parens

2405 2518 2655 2600 patriae
2700 2518 3041 2600 appellate.
3122 2519 3524 2584 Plutarchus
3566 2521 3639 2584 in
3683 2520 3823 2586 eius
3863 2522 4000 2587 vita
4037 2520 4354 2596 Catonem

2405 2604 2606 2668 fuisse
2659 2613 2953 2669 autorem
3012 2604 3210 2669 huius
3267 2605 3671 2688 cognominis
3729 2605 3958 2670 tradit:
4029 2607 4199 2689 quod
4267 2629 4354 2672 an

2407 2710 2634 2753 verum
2680 2689 2794 2768 sit,
2859 2691 2927 2753 in
2996 2689 3284 2755 medium
3347 2691 3698 2774 relinque„
3733 2692 4074 2759 subiiciam
4130 2701 4353 2756 tamen

2350 2801 2353 2812 ·
2404 2774 2609 2857 ipsius
2652 2775 2996 2840 Plutarchi
3043 2776 3269 2853 verba,
3314 2785 3382 2839 et
3425 2776 3763 2842 Ciceronis
3806 2778 4041 2854 locum,
4088 2801 4214 2861 quo
4256 2780 4352 2843 fa-

2402 2861 2590 2925 cilius
2641 2861 2893 2943 possint
2946 2862 3292 2926 aestimare
3345 2862 3636 2928 lectores.
3725 2864 4073 2944 Nonnihil,
4119 2865 4351 2947 inquit,

2403 2947 2710 3013 Ciceroni
2779 2969 2854 3014 ac
2924 2948 3274 3013 universae
3329 2947 3722 3032 reipublicae
3786 2950 3952 3016 Cato
4009 2950 4351 3016 conduxit:
4455 2947 4462 2955 ’

2401 3035 2513 3115 qui
2555 3034 2926 3099 tribunatus
2970 3032 3218 3100 viribus
3257 3036 3489 3113 fultus,
3550 3057 3757 3118 aequa
3800 3038 3954 3102 lieet
4011 3038 4351 3119 potestatis

2400 3119 2693 3196 lieentia,
2751 3120 3052 3203 ampliori
3108 3130 3329 3187 tamen
3383 3121 3707 3205 dignitate
3771 3123 4029 3187 institit.
4127 3123 4351 3188 Facile

2401 3207 2580 3270 enim
2636 3214 2874 3271 cuncta
2931 3206 3153 3283 solvit,
3214 3214 3280 3272 et
3334 3206 3672 3272 Ciceronis
3727 3208 4136 3274 consulatum
4189 3207 4348 3273 adeo

2401 3312 2521 3373 pro
2565 3293 2794 3356 rostris
2837 3292 3088 3369 extulit,
3135 3302 3210 3357 ut
3244 3292 3625 3358 Ciceronem
3663 3293 4020 3358 honoribus
4055 3294 4350 3358 omnium

2400 3377 2707 3441 maximis
2763 3376 3073 3460 dignatus
3130 3378 3246 3457 sit,
3301 3378 3493 3442 illum
3537 3388 3790 3461 patrem
3833 3379 4083 3461 patriae
4128 3380 4347 3461 appel-

2400 3462 2574 3527 lans:
2639 3462 2812 3545 quod
2870 3483 3230 3545 cognomen
3286 3466 3572 3546 primum
3618 3486 3697 3527 ex
3742 3464 4014 3529 Catonis
4057 3466 4347 3529 oratione

2399 3548 2702 3613 Ciceroni
2743 3548 3043 3626 inditum,
3089 3549 3171 3614 ad
3215 3558 3504 3617 caeteros
3540 3569 3879 3615 emanasse
3914 3551 4344 3614 existimatur.

2401 3635 2634 3698 Cicero
2700 3635 2841 3717 ipse
2903 3636 2974 3699 in
3031 3635 3326 3699 oratione
3389 3655 3508 3718 pro
3573 3633 3802 3700 Sextio
3868 3637 3961 3699 sic
4024 3634 4343 3717 loquitur:

2401 3719 2579 3799 Quid
2632 3720 2755 3784 fuit
2810 3719 3004 3798 illud,
3060 3721 3232 3802 quod
3283 3742 3578 3785 summus
3634 3720 3869 3784 artifex
3925 3722 4090 3784 fleus
4134 3728 4196 3784 et
4243 3741 4346 3783 re-

2400 3806 2572 3871 centi
2638 3806 2914 3883 laetitia,
2980 3814 3047 3869 et
3107 3817 3357 3871 moesto
3412 3806 3664 3881 dolore,
3712 3827 3786 3869 66
3831 3805 4151 3870 desiderio
4195 3807 4344 3884 mei,

2400 3891 2538 3973 egit
2579 3899 2801 3974 aperte
2845 3890 3052 3956 multo
3097 3891 3507 3975 gravioribus
3551 3891 3767 3956 verbis
3811 3911 4024 3955 meam
4061 3912 4344 3969 causam,

2401 3996 2596 4059 quam
2632 3984 2890 4061 egomet
2924 3975 3004 4042 de
3034 3999 3149 4057 me
3185 3997 3380 4061 agere
3412 3975 3808 4060 potuissem?
3875 3975 4136 4042 Summi
4170 3980 4345 4041 enim

2398 4071 2629 4144 poetae
2670 4063 3011 4146 ingenium
3050 4085 3186 4129 non
3229 4063 3440 4129 solum
3484 4070 3624 4127 arte
3667 4083 3804 4152 sua,
3850 4060 3963 4127 sed
4004 4063 4200 4127 etiam
4234 4062 4346 4127 do-

2398 4149 2537 4213 lore
2580 4149 3006 4231 exprimebat.
3072 4151 3242 4214 Tum
3284 4149 3400 4213 illa
3440 4158 3684 4231 quanto
3718 4169 3866 4212 cum
3911 4149 4161 4231 gemitu
4201 4158 4349 4214 aeta

2398 4234 2616 4298 sunt?·
2692 4232 2752 4298 Ο
2809 4235 3023 4317 paterl
3113 4236 3227 4305 Me
3281 4257 3387 4299 me
3439 4234 3549 4298 ille
3594 4235 3928 4299 absentem
3974 4245 4051 4298 ut
4091 4246 4345 4317 patrem

2399 4319 2874 4401 deplorandum·
2906 4330 3192 4403 putarat,
3227 4342 3422 4403 quem
3459 4318 3540 4400 Q.
3587 4319 3885 4397 Catulus,
3925 4341 4119 4402 quem
4153 4319 4346 4384 multi

2396 4405 2510 4469 alii
2574 4426 2766 4488 saepe
2827 4406 2897 4468 in
2963 4416 3194 4470 senatu
3260 4414 3514 4489 patrem
3588 4407 3840 4489 patriae
3906 4406 4342 4470 nominarant.

2397 4488 2661 4571 Quanto
2705 4512 2855 4557 cum
2900 4493 3075 4570 fletu,
3122 4513 3324 4575 quum
3349 4491 3397 4575 ι)
3441 4498 3690 4574 patrem
3734 4490 4018 4573 pulsum,
4063 4492 4345 4574 patriam

2394 4576 2706 4642 afflictam
2740 4576 3128 4660 deploraret,
3175 4576 3441 4641 domum
3476 4578 3830 4655 incensam,
3875 4576 4339 4660 eversamque?

2394 4659 2508 4727 Sic
2566 4662 2731 4746 egit,
2790 4670 2866 4726 ut
2926 4662 3375 4727 demonstrata
3429 4662 3711 4745 prist-ina
3765 4662 4055 4740 fortuna,
4113 4663 4344 4726 fletum

2393 4747 2592 4812 etiam
2633 4748 2915 4813 inimicis
2968 4756 3162 4830 atque
3215 4747 3455 4813 invidis
3514 4749 3847 4815 excitaret.
3937 4748 4342 4813 Nominatim

2392 4834 2541 4898 sum
2584 4833 2979 4916 appellatus,
3034 4835 3106 4897 in
3149 4834 3379 4898 Brute.
3469 4834 3601 4900 Hic
3645 4835 4039 4899 nominatim
4083 4831 4163 4912 Q.
4214 4831 4343 4897 Ca-

2390 4918 2602 4982 tulum
2641 4928 2976 4997 memorat,
3021 4918 3204 4984 nulla
3238 4921 3481 4985 mentio
3519 4919 3818 4985 Catonis:
3865 4929 3933 4984 et
3975 4918 4044 4982 in
4089 4926 4339 4994 senatu,

2392 5086 2508 5094 0—-—
2593 5087 2624 5091 —
2661 5086 2796 5093 ..--..

2529 5193 2587 5259 1)
2626 5191 2775 5247 Edd.
2810 5207 2969 5247 rece„-
3006 5208 3141 5247 eum.
