4984 5975
448 337 570 399 389

441 543 627 606 gere,
674 544 803 606 quo
846 533 1355 608 praeoccupatae
1398 525 1609 590 nostri
1653 524 1800 589 odio
1841 525 2163 589 lectorum
2205 543 2392 588 men-

440 617 542 672 tes
578 608 747 673 nihil
784 610 971 675 nobis
1006 611 1373 688 crederent,
1413 620 1764 693 antequam
1810 610 1893 674 ad
1937 608 2066 674 alia
2110 611 2390 686 veniam,

441 693 528 760 ad
567 696 765 760 istam
818 696 1247 761 obiectionem
1298 695 1587 761 breviter
1646 693 2056 778 respondebo,
2127 693 2234 759 De
2286 715 2393 759 me

444 801 577 845 non
620 779 900 846 libenter
936 783 1184 866 loquor.
1252 781 1580 863 Quoniam
1625 793 1846 846 tamen
1886 801 2156 863 prorsus
2199 779 2393 845 silere

441 888 576 933 non
600 867 862 949 pateris,
890 866 1119 948 dicam,
1146 866 1319 950 quod
1354 868 1535 933 salva
1572 866 1888 931 modestia
1922 876 2161 949 potero.
2224 866 2389 950 Ego,

439 954 496 1019 si
540 954 703 1018 meis
741 953 1105 1019 rationibus
1139 954 1515 1019 consultum
1558 953 1936 1031 voluissem,
1980 971 2393 1034 nequaquam

441 1037 880 1104 discessissem
907 1060 947 1103 a
982 1047 1203 1104 vestra
1234 1040 1529 1104 factione.
1586 1039 1816 1120 Neque
1854 1058 2008 1102 vero
2043 1038 2390 1120 gloriabor,

337 1155 351 1175 ›
438 1125 639 1189 fuisse
693 1124 863 1188 mihi
914 1124 987 1188 ih
1040 1125 1158 1190 illa
1213 1124 1475 1190 facilem,
1523 1123 1606 1188 ad
1672 1124 1952 1188 honores
2006 1121 2392 1189 obtinendos

436 1211 643 1276 viam:
690 1231 850 1292 quos
905 1231 1026 1294 ego
1070 1231 1409 1293 nunquam
1454 1211 1811 1294 concupivi,
1859 1219 1927 1274 et
1971 1208 2206 1292 quibus
2241 1229 2391 1292 cap-

437 1293 655 1360 tandis
690 1297 983 1359 animum
1026 1315 1369 1378 nunquam
1412 1297 1592 1378 potui
1631 1294 1923 1360 adiicere.
1968 1293 2389 1378 ‚Quanquam

436 1388 616 1448 certe
670 1401 804 1445 non
859 1402 1098 1464 paucos
1156 1382 1306 1446 novi
1362 1382 1653 1460 exmeis
1698 1380 2108 1464 aequalibus,
2155 1382 2265 1463 qui
2309 1378 2395 1445 ad

439 1467 718 1549 aliquem
766 1467 981 1530 locum
1028 1467 1488 1549 obrepserant,
1536 1488 1700 1550 quos
1733 1466 1895 1531 mihi
1932 1466 2173 1549 partim
2219 1489 2403 1532 asse-.

438 1554 568 1637 qui,
597 1553 838 1635 partim
860 1573 1280 1634 praecurrere
1304 1552 1557 1618 licebat.
1583 1555 1699 1630 [fol.
1717 1566 1749 1616 2
1765 1557 1820 1633 1]
1849 1550 1930 1616 Id
1953 1574 2160 1616 unum
2182 1551 2396 1619 dicere

440 1646 790 1705 contentus
836 1659 977 1714 cr0‚
1023 1638 1193 1720 quod
1246 1639 1319 1701 in
1372 1640 1645 1703 summis
1695 1638 1864 1703 votis
1914 1639 2173 1716 fuisset,
2230 1639 2395 1704 mihi

437 1744 575 1789 non
616 1725 816 1789 fuisse
860 1723 1120 1789 difficile
1164 1724 1297 1788 illic
1333 1724 1630 1805 adipisci:
1678 1723 1915 1806 nempe
1958 1731 2033 1787 ut
2075 1726 2209 1812 otio
2249 1725 2393 1790 lite-

440 1810 614 1874 rario
639 1831 793 1874 cum
820 1809 1097 1875 honesta
1124 1809 1341 1893 aliqua
1363 1811 1781 1893 ingenueque
1817 1808 2182 1875 conditione
2218 1811 2392 1875 frue-

437 1916 565 1959 rer.
622 1895 911 1960 Proinde
966 1917 1305 1978 nunquam
1360 1896 1659 1972 verebor,
1721 1904 1796 1959 ut
1836 1894 2009 1958 mihi·
2044 1896 2389 1980 quispiam,

440 1981 568 2046 nisi
603 1982 867 2063 penitus
902 1981 1158 2062 perdita
1191 1981 1403 2044 fronte
1432 1981 1710 2057 obiiciat,
1747 2002 1853 2045 me
1889 1988 2077 2044 extra
2112 2002 2392 2066 regnum

437 2087 647 2149 papae
691 2065 935 2148 aliquid
979 2067 1230 2148 corpori
1272 2086 1416 2130 meo
1460 2067 1822 2149 quaesisse,
1867 2066 2040 2149 quod
2083 2067 2215 2131 illic
2258 2088 2391 2131 non

438 2160 613 2217 esset
654 2151 819 2215 mihi
860 2160 1181 2234 paratum.
1250 2151 1513 2216 Farello
1556 2167 1776 2215 autem
1815 2152 1961 2233 quis
2004 2151 2071 2215 id
2114 2152 2391 2217 obiicere

439 2235 722 2301 audeat?
778 2237 835 2300 si
888 2257 1007 2301 sua
1056 2236 1153 2300 illi
1208 2235 1530 2302 industria
1584 2238 1814 2301 fuisset
1853 2236 2239 2317 vivendum,
2283 2259 2392 2303 eos

438 2322 575 2386 iam
617 2323 690 2385 in
732 2321 940 2387 literis
983 2342 1367 2405 progressus
1409 2323 1683 2400 fecerat,
1729 2324 1841 2404 qui
1883 2323 2131 2387 esurire
2175 2324 2393 2405 ipsum

439 2428 574 2472 non
630 2407 939 2472 sinerent.
1015 2408 1108 2472 Et
1163 2415 1306 2472 erat
1356 2406 1792 2491 splendidiore
1861 2408 2110 2473 familia
2177 2416 2389 2486 natuS,

438 2514 637 2642 guam
674 2501 749 2557 ut
772 2492 1021 2558 alienae
1057 2493 1197 2576 opis
1220 2492 1563 2577 indigeret.
1610 2494 1725 2593 ‘De
1760 2494 1968 2571 nobis,
1983 2515 2161 2591 ‘quos
2186 2494 2392 2559 veluti

438 2576 963 2746 dffiuffffiiiis
979 2577 2390 2747 ’63ἰίῗὲῗὲἕὲἯέἒὲᾞὲἓὲωῃοῗὲἰῒὲ

438 2748 634 2814 hodie
669 2769 932 2814 causam
968 2750 1311 2828 sustinent,
1349 2749 1608 2833 oblique
1645 2749 2017 2833 suggillare,
2054 2750 2255 2815 velim
2289 2751 2391 2815 in-

440 2834 720 2918 telligas,
768 2833 1026 2898 nullum
1063 2855 1253 2918 posse
1288 2835 1404 2900 abs
1441 2843 1507 2899 te
1542 2836 1885 2914 nominari,
1931 2857 2050 2919 pro
2093 2857 2222 2918 quo
2257 2857 2393 2901 non

438 2921 674 2987 melius
714 2919 837 2984 tibi
877 2919 1333 3004 respondeam,
1382 2941 1580 3004 quam
1632 2941 1749 3004 pro
1803 2921 2096 3001 Fare110,
2132 2921 2240 2988 vel
2284 2943 2390 2987 me

438 3008 460 3071 i
509 3028 599 3074 sc.
666 3004 847 3072 Sunt
888 3007 1134 3089 aliquot
1175 3015 1551 3073 nostrorum
1604 3007 1726 3073 tibi
1770 3028 1853 3072 ex
1896 3008 2071 3072 fama
2114 3009 2388 3091 cogniti:

485 3114 521 3157 e
578 3091 709 3157 illis
753 3093 1216 3158 conscientiam
1270 3101 1453 3157 tuam
1519 3093 1789 3176 appello,
1870 3094 2164 3159 Putcsne
2219 3095 2391 3159 fame

438 3179 642 3243 fuisse
676 3175 968 3257 adactos,
1005 3188 1084 3242 ut
1123 3200 1164 3242 a
1196 3177 1380 3243 vobis
1416 3178 1894 3263 demigrarent,
1942 3191 2011 3244 et
2045 3179 2241 3245 rebus
2278 3181 2391 3246 dc-

438 3265 734 3347 speratis,
781 3261 865 3326 ad
916 3265 1111 3328 istam
1155 3266 1664 3343 conversionem,
1704 3265 1886 3330 velut
1920 3264 2003 3329 ad
2047 3286 2251 3331 novas
2288 3276 2391 3331 ta-

438 3350 630 3415 bulas
667 3348 1078 3432 profugisse?
1141 3349 1414 3428 Verum,
1452 3371 1538 3414 ne
1581 3349 1848 3434 longum
1873 3350 2243 3434 catalogum
2287 3372 2392 3416 re-

440 3455 773 3513 censeam,
820 3434 944 3499 hoc
988 3433 1158 3514 dioc,
1201 3455 1444 3513 eorum,
1491 3436 1601 3519 qui
1645 3457 1876 3501 causae
1918 3435 2114 3501 huius
2159 3458 2391 3520 aggre-

440 3519 718 3586 diendae
760 3521 1089 3603 principes
1131 3522 1416 3599 fuerunt,
1462 3522 1795 3585 neminem
1835 3522 2054 3599 fuisse,
2101 3522 2212 3603 qui
2257 3543 2392 3586 non

436 3607 709 3672 meliore
753 3607 921 3670 foret
959 3605 1133 3688 apud
1173 3615 1421 3671 vestros
1464 3607 1606 3671 loco
1651 3615 1717 3671 et
1750 3608 2037 3685 fortuna,
2077 3627 2272 3689 quam
2315 3615 2393 3672 ut

441 3693 526 3758 de
585 3713 758 3756 nova
817 3692 1036 3774 aliqua
1076 3693 1250 3756 vitae
1293 3692 1547 3757 ratione
1590 3700 1932 3776 propterca
1973 3692 2391 3776 cogitandum

437 3779 655 3844 fuerit.
714 3778 859 3861 Age
897 3799 1092 3855 nunc,
1128 3777 1461 3860 paulisper
1493 3800 1750 3844 mecum
1787 3793 2037 3861 reputa,
2075 3800 2237 3861 quos
2272 3779 2392 3843 ho-

440 3885 638 3930 nores
663 3873 730 3928 et
762 3883 923 3945 quas
958 3865 1282 3945 potentias
1304 3865 1507 3928 simus
1545 3864 1781 3947 adepti.
1841 3864 1978 3930 Nos
2014 3867 2192 3929 enim
2229 3864 2391 3930 alias

440 3970 654 4032 neque
683 3969 858 4031 opes,
900 3970 1109 4031 neque
1141 3947 1492 4033 dignitates
1524 3951 1883 4028 affectasse,
1930 3957 2044 4016 aut
2077 3960 2390 4034 captasse,

440 4056 642 4121 quam
679 4054 843 4117 quae
886 4036 1071 4099 nobis
1105 4034 1497 4118 obtigerunt,
1542 4042 1741 4101 testes
1785 4046 1979 4101 crunt
2021 4057 2246 4101 omnes
2280 4037 2395 4119 qui

439 4143 561 4187 nos
608 4119 977 4185 audierunt.
1044 4118 1271 4201 Quum
1311 4120 1409 4184 illi
1444 4121 1513 4185 in
1560 4122 1860 4187 omnibus
1905 4122 2098 4188 dictis
2143 4144 2218 4187 ac
2260 4124 2393 4188 fac-

438 4209 529 4272 tis
586 4206 830 4271 nostris
885 4228 1012 4271 non
1067 4205 1256 4269 modo
1314 4207 1749 4289 suspicionem
1802 4208 2055 4272 nullam
2099 4206 2394 4271 animad-

439 4291 768 4359 verterint
823 4292 962 4356 eius
1012 4291 1383 4357 ambitionis
1440 4293 1623 4357 cuius
1680 4314 1800 4359 nos
1854 4292 2195 4359 insimulas
2206 4334 2236 4371 s
2280 4291 2397 4356 sed

439 4379 644 4444 etiam
687 4376 878 4442 claris
932 4376 1190 4444 indiciis
1241 4398 1361 4442 nos
1405 4377 1487 4442 ab
1543 4397 1619 4442 ea
1661 4385 1798 4443 toto
1840 4388 2104 4460 pectore
2159 4378 2394 4443 abhor-

438 4485 590 4530 rere
646 4462 1223 4547 deprehenderint,
1269 4485 1404 4528 non
1455 4472 1555 4528 est
1597 4464 1770 4546 quod
1814 4464 2082 4529 verbulo
2127 4486 2258 4528 uuo
2302 4463 2395 4531 sic

440 4569 674 4617 eorum
716 4556 972 4613 mentes
1015 4550 1320 4615 fascinari
1346 4571 1536 4633 posse
1579 4570 1818 4632 speres,
1864 4558 1938 4614 ut
1978 4550 2151 4613 futili
2191 4549 2393 4614 male-

442 4636 620 4701 dicto
654 4637 868 4717 potius
904 4633 1190 4711 credant,
1238 4657 1431 4719 quam
1476 4642 1574 4700 tot
1597 4657 1672 4701 ac
1709 4642 1847 4700 tam
1892 4636 2112 4713 certis,
2152 4655 2318 4718 quae
2352 4656 2395 4699 a

442 4721 632 4787 nobis
646 4719 1033 4797 habuerunt,
1062 4722 1544 4803 experimentis.
1583 4723 1683 4787 Ac
1700 4727 1858 4786 utre
1878 4721 2094 4803 potius
2121 4742 2392 4805 agamus

443 4828 644 4892 quam
680 4805 926 4871 verbis:
975 4805 1079 4870 ius
1115 4806 1332 4889 gladii,
1358 4815 1425 4872 ct
1461 4807 1620 4873 alias
1667 4807 1880 4873 civilis
1931 4804 2392 4872 iurisdictionis

440 4900 687 4977 partes,
720 4912 881 4975 quas
908 4891 1027 4957 sub
1051 4890 1482 4958 immunitatis
1515 4893 1728 4976 specie
1746 4892 2080 4976 personati
2108 4892 2391 4975 episcopi

443 4988 512 5045 et
535 4976 903 5043 sacerdotes
923 4975 1371 5042 fraudulenter
1390 4980 1801 5063 magistratui
1824 4987 2081 5061 ereptas
2103 4976 2224 5042 sibi
2248 4977 2393 5042 vin-

443 5065 761 5143 dicarant,
785 5083 1006 5127 annon
1028 5064 1440 5146 magistratui
1461 5064 1914 5131 restituimus?
1953 5062 2214 5141 Omnia,
2229 5084 2393 5147 quae

444 5148 570 5215 sibi
608 5158 1109 5233 usurpaverant,
1154 5146 1588 5215 damnationis
1624 5159 1690 5215 et
1733 5150 2107 5215 ambitionis
2146 5151 2394 5214 instru-

443 5244 699 5313 menta,
757 5255 975 5300 nonne
1033 5234 1335 5300 detestati
1393 5255 1649 5315 sumus,
1694 5246 1762 5301 et
1802 5236 2025 5301 adnixi
2069 5243 2145 5300 ut
2177 5234 2390 5300 abole-

1775 336 1904 400 AD
1950 334 2423 401 SADOLETI
2464 333 3025 402 EPISTOLAM.

4275 308 4279 312 ⁴
4332 344 4464 407 390

2497 523 2772 588 rentur?
2844 521 2919 590 Si
2957 545 3104 607 spes
3140 523 3359 606 aliqua
3392 533 3536 590 erat
3570 524 3965 608 emergendi,
4002 547 4121 591 cur
4154 547 4289 592 non
4324 529 4462 594 cal-

2497 608 2629 674 lide
2666 609 3257 690 dissimulabamus,
3296 619 3372 674 ut
3406 611 3537 675 ista
3572 611 3769 676 simul
3805 633 3955 677 cum
3991 614 4300 679 ecclesiae
4336 637 4460 699 gu-

2498 694 2871 760 bernandae
2913 717 3189 760 munere
3233 695 3318 761 ad
3373 718 3492 762 nos
3547 696 3948 762 transirent?
4040 698 4280 762 Totum
4339 722 4458 765 au-

2498 788 2632 844 tem
2678 802 2958 865 regnum
3003 779 3184 860 illud,
3227 782 3334 846 vel
3374 782 3588 864 potius
3617 784 4096 872 «carnificinam,
4143 805 4340 866 quam
4385 788 4455 851 in

2498 867 2751 933 animas
2819 868 2962 932 sine
3029 868 3157 932 Dei
3228 868 3429 933 verbo
3499 868 3913 945 exercebant,
3985 890 4101 933 cur
4158 879 4456 936 evertere

2498 958 2683 1015 tanto
2728 960 2967 1017 conatu
3012 954 3307 1036 aggressi
3350 953 3624 1019 sumus?
3696 952 4036 1034 Quomodo
4095 976 4229 1018 non
4277 957 4454 1041 cogi-

2497 1037 2825 1116 tabamus,
2870 1038 3259 1103 tantundem
3316 1039 3503 1105 nobis
3559 1039 3902 1122 deperire?
3970 1040 4308 1121 Quantum
4370 1044 4456 1107 ad

2497 1144 2653 1205 opes
2688 1123 3161 1190 ecclesiasticas
3198 1125 3470 1203 attinet,
3492 1134 3810 1190 vorantur
3844 1124 4057 1192 adhuc
4092 1148 4335 1211 magna
4370 1148 4455 1193 ex

2497 1215 2685 1292 parte
2740 1208 2821 1273 ab
2871 1209 3002 1274 illis
3057 1210 3448 1294 gurgitibus.
3528 1212 3783 1274 Verum
3837 1211 3894 1277 si
3955 1232 4102 1294 spes
4146 1221 4291 1277 erat
4334 1214 4455 1279 ali-

2498 1294 2756 1376 quando
2788 1295 2948 1377 ipsis
2993 1295 3370 1378 ademptum
3406 1296 3507 1373 iri,
3553 1304 3630 1360 ut
3662 1305 3839 1363 certe
3875 1318 4140 1363 necesse
4186 1303 4303 1376 [fol.
4344 1305 4453 1380 22]

2500 1379 2763 1446 tandem
2802 1381 2945 1458 erit,
2983 1402 3100 1446 cur
3134 1402 3268 1445 non
3305 1383 3479 1447 viam
3517 1382 4008 1465 quaerebamus,
4048 1404 4178 1465 qua
4214 1384 4295 1448 ad
4332 1405 4455 1450 nos
4485 1443 4490 1450 .

2500 1465 2929 1530 devenirent?
3020 1468 3115 1531 At
3155 1487 3305 1544 nos,
3363 1488 3564 1550 quum
3620 1468 3798 1533 clara
3842 1488 3998 1533 voce
4052 1469 4449 1552 pronuncia-

2460 1601 2465 1608 .
2501 1552 2743 1629 vimus,
2802 1553 3175 1634 episcopum
3228 1554 3440 1617 furem
3497 1575 3639 1618 esse
3683 1554 3794 1636 qui
3838 1576 3921 1618 ex
3976 1555 4205 1637 opibus
4248 1556 4453 1622 eccle-

2500 1637 2777 1701 siasticis
2819 1638 2967 1720 plus
3010 1637 3083 1701 in
3126 1659 3322 1702 usum
3366 1659 3561 1703 suum
3616 1640 3968 1720 convertit,
4027 1661 4222 1722 quam
4282 1640 4455 1723 quod

2497 1742 2764 1788 necesse
2810 1731 2911 1787 est
2947 1723 3029 1788 ad
3074 1725 3356 1788 sobriam
3392 1725 3842 1808 frugalemque
3880 1727 4085 1791 vitam
4123 1727 4452 1792 sustinen-

2499 1807 2650 1872 dam
2662 1832 2678 1886 3
2736 1830 2941 1891 quum
2998 1809 3222 1874 testati
3279 1830 3534 1887 sumus,
3587 1811 3925 1876 ecclesiam
3998 1813 4280 1893 pessimo
4338 1834 4450 1877 ve-

2497 1914 2668 1958 neno
2725 1902 3044 1959 tentatam
3103 1916 3276 1973 esse,
3335 1894 3491 1960 dum
3548 1903 3735 1961 tanta
3788 1918 3987 1979 opum
4013 1897 4063 1981 ¹)
4116 1898 4452 1962 affluentia

2497 1981 2746 2043 onerati
2805 1989 2964 2044 sunt
3020 1989 3339 2063 pastoreS,
3396 2002 3562 2063 quae
3617 1983 3793 2064 ipsos
3848 1990 4073 2064 postea
4115 1984 4450 2063 obrueret3

2496 2086 2701 2147 quum
2738 2066 3021 2146 ,professi
3077 2087 3304 2130 sumus
3363 2088 3496 2131 non
3554 2067 3890 2151 expedire,
3952 2075 4027 2132 ut
4133 2089 4288 2133 enes
4342 2089 4452 2133 eos

2496 2149 2887 2230 residerent3
2946 2172 3148 2233 quum
3208 2161 3533 2233 postremo
3589 2152 3932 2218 consilium
3989 2089 4317 2230 dedimus,
4374 2162 4454 2218 ut

2494 2236 2813 2300 ministris
2868 2243 3129 2301 tantum
3180 2246 3593 2320 erogaretur,
3661 2248 3978 2320 quantum
4037 2239 4118 2303 ad
4176 2239 4452 2323 frugali-

2495 2329 2700 2384 tatem
2751 2320 2977 2385 ordine
3033 2342 3174 2394 suc,
3210 2319 3479 2405 dignam
3526 2324 3888 2401 sufficeret,
3957 2345 4092 2400 non
4148 2326 4318 2407 quod
4367 2325 4453 2390 ad

2495 2406 2728 2471 luxum
2793 2406 3224 2485 redundaret,
3285 2408 3541 2490 reliqua
3595 2429 3713 2490 pro
3789 2430 3969 2473 more
4039 2411 4281 2474 veteris
4346 2431 4452 2477 ec-

2497 2491 2731 2558 clesiae
2791 2493 3331 2576 dispensarentur
3344 2517 3361 2572 ;
3417 2515 3622 2576 quum
3665 2493 4070 2559 ostendimus
4115 2494 4450 2579 eligendos

2498 2599 2640 2642 esse
2697 2599 2931 2661 graves
2984 2579 3189 2657 viros,
3245 2580 3355 2660 qui
3413 2578 3544 2644 illis
3598 2581 4138 2662 praeficerentur,
4185 2602 4264 2644 ca
4306 2579 4452 2666 lege

2499 2672 2572 2727 ut
2605 2664 2922 2729 ecclesiae.
2971 2673 3037 2729 et
3079 2665 3494 2748 magistratui
3538 2665 3863 2730 rationem
3908 2667 4257 2747 quotannis
4302 2666 4452 2731 red-

2498 2747 2751 2814 derent:
2799 2749 3008 2815 hocne
3049 2759 3194 2815 erat
3229 2750 3475 2833 aliquid
3512 2751 3700 2817 nobis
3736 2751 4067 2833 aucupari,
4105 2773 4190 2816 an
4236 2751 4454 2833 potius

2499 2855 2539 2899 a
2592 2834 2780 2900 nobis
2832 2835 3007 2900 ultro
3065 2836 3417 2901 excutere?
3522 2838 3746 2920 Atque
3812 2837 3975 2903 haec
4030 2836 4296 2919 quidem
4342 2836 4455 2901 de-

2498 2928 2872 2997 monstrant
2927 2923 3176 3001 omnia,
3234 2942 3369 2987 non
3424 2921 3580 3006 quid
3634 2943 3891 3001 sumus,
3950 2921 4064 2988 sed
4108 2921 4267 3006 quid
4313 2944 4455 2989 esse

2497 3006 2918 3072 voluerimus.
2988 3005 3062 3073 Si
3107 3009 3234 3071 ista
3278 3016 3496 3073 autem
3542 3009 3761 3092 palam
3806 3028 3882 3073 ac
3920 3009 4119 3092 vulgo
4164 3010 4256 3073 sic
4300 3016 4457 3073 nota

2498 3100 2687 3173 sunt,
2739 3101 2816 3157 ut
2869 3093 3094 3158 nullus
3149 3094 3447 3176 apiculus
3503 3095 3728 3178 negari
3785 3102 4010 3176 queat,
4069 3114 4198 3177 qua
4239 3095 4458 3160 fronte

2495 3177 2628 3242 iam
2652 3180 3048 3261 exprobrare
3082 3179 3271 3244 nobis
3304 3201 3539 3266 perges
3559 3180 3897 3245 affectatas
3920 3200 4075 3263 opes
4120 3201 4195 3244 ac
4229 3187 4458 3263 poten-

2495 3265 2621 3328 tias
2669 3264 3240 3353 extraordinarias,
3285 3267 3670 3347 praesertim
3717 3286 3871 3331 vcro
3917 3265 4091 3348 apud
4137 3286 4264 3343 coe,
4311 3267 4455 3349 qui-

2496 3349 2619 3414 bus
2647 3348 2816 3413 nihil
2838 3350 3115 3415 istorum
3143 3358 3244 3415 est
3286 3352 3433 3416 inco
3533 3350 3741 3415 'tum?
3797 3351 4187 3415 Portentosa
4222 3350 4301 3415 de
4335 3372 4455 3416 no-

2496 3434 2596 3499 bis
2631 3434 2972 3500 mendacia
2994 3457 3196 3518 quum
3222 3436 3320 3500 tui
3356 3458 3430 3500 or
3477 3437 3602 3502 inis
3629 3436 3923 3500 homines
3958 3434 4243 3518 quotidie
4279 3436 4458 3518 apud

2497 3541 2647 3586 suos
2683 3527 3022 3604 spargunt,
3060 3521 3231 3585 nihil
3268 3522 3601 3587 miramur.
3659 3522 3871 3586 Nemo
3910 3522 4082 3585 enim
4121 3520 4308 3586 adest
4342 3522 4454 3603 qui

2496 3606 2603 3672 vel
2659 3606 3128 3688 reprehendat,
3179 3606 3284 3672 vel
3329 3608 3616 3672 refutare
3659 3607 3850 3671 ausit.
3915 3608 4007 3670 At
4037 3606 4146 3683 iis,
4184 3606 4298 3687 qui
4342 3626 4449 3670 eo-

2495 3713 2646 3755 rum
2693 3692 3001 3767 omnium,
3048 3712 3213 3774 quae
3256 3713 3469 3776 nuper
3507 3693 3796 3770 recitavi,
3844 3690 4081 3756 oculati
4121 3698 4277 3755 sunt
4320 3697 4455 3755 tes-

2494 3785 2615 3854 tes,
2653 3777 2979 3842 contraria
3004 3778 3223 3842 omnia
3245 3778 3418 3843 velle
3441 3775 3855 3861 persuadere,
3892 3775 4175 3840 hominis
4206 3783 4306 3840 est
4341 3796 4456 3859 pa-

2495 3884 2645 3926 rum
2667 3861 3025 3945 prudentis,
3038 3870 3104 3926 et
3116 3862 3528 3942 Sadoletum)
3539 3865 3664 3927 ista
3679 3861 4028 3939 doctrinae,
4044 3861 4453 3943 prudentiae,

2498 3948 2841 4032 gravitatis
2887 3948 3386 4024 existimatione,
3432 3950 3860 4016 vehementer
3902 3945 4185 4012 dedecet.
4256 3946 4452 4028 Quod

2499 4036 2552 4100 si
2600 4054 2640 4097 a
2671 4055 2745 4098 re
2788 4035 2933 4116 ipsa
2976 4032 3456 4099 aestimandum
3501 4034 3798 4098 animum
3858 4042 4159 4097 nostrum
4214 4055 4440 4099 censes

2500 4120 2860 4204 reperietur
2918 4140 3051 4183 non
3107 4120 3233 4185 alio
3288 4140 3409 4185 nos
3467 4128 3822 4203 spectasse,
3870 4140 4064 4202 quam
4108 4126 4182 4183 ut
4226 4125 4451 4183 nostra

2500 4207 2820 4271 tenuitate
2879 4214 3074 4288 atque
3130 4205 3500 4270 humilitate
3547 4206 3735 4289 regni
3792 4204 4043 4269 Christi
4087 4202 4450 4286 amplitudo

2498 4300 3008 4375 promoveretur.
3071 4292 3360 4356 Tantum
3394 4289 3594 4368 abest,
3632 4304 3707 4354 ut
3740 4288 4058 4374 regnandi
4095 4289 4452 4372 cupiditate

2499 4385 2907 4444 sacrosancto
2951 4378 3093 4443 eius
3132 4378 3395 4441 nomine
3438 4377 3751 4441 fuerimus
3797 4377 3998 4440 abusi.
4047 4376 4260 4440 Taceo
4304 4375 4449 4457 plu-

2499 4466 2668 4527 rima
2711 4463 2855 4542 alia,
2902 4483 3069 4544 quae
3113 4464 3183 4526 in
3227 4483 3345 4526 nos
3379 4462 3588 4543 plen0,
3635 4471 3712 4526 ut
3753 4463 3956 4541 aiunt,
4002 4482 4112 4525 ore
4156 4462 4451 4527 convicia

2499 4547 2787 4613 detonas.
2869 4548 3190 4613 Homines
3245 4555 3495 4612 astutos
3551 4568 3776 4624 vocas,
3814 4547 4114 4612 inimicos
4171 4546 4447 4610 unitatis

2497 4633 2888 4699 christianae
2924 4642 2992 4699 et
3025 4634 3220 4717 pacis,
3257 4639 3604 4697 novatores
3642 4640 3946 4717 veterum
3982 4641 4050 4696 et
4084 4632 4248 4696 bene
4293 4653 4446 4697 con-

2496 4721 2876 4785 stitutarum
2918 4741 3158 4796 rerum,
3178 4721 3236 4801 ²)
3272 4717 3625 4797 seditiosoS,
3671 4739 3871 4802 quum
3919 4717 4260 4783 animabus
4304 4734 4451 4799 pes-

2497 4806 2739 4884 tiferos,
2776 4813 2918 4869 tum
2960 4803 3219 4888 publice
3251 4804 3691 4886 privatimque
3735 4803 4132 4886 perniciosos
4191 4803 4460 4867 univer·

2499 4912 2607 4956 sae
2650 4890 2993 4954 hominum
3029 4890 3337 4954 societati.
3418 4887 3497 4954 Si
3546 4891 3837 4973 effugere
3874 4888 4458 4972 reprehensionem

2497 4976 2829 5054 voluisses,
2857 4982 2971 5040 aut
2993 4996 3126 5040 non
3151 4974 3446 5053 debebas,
3470 4974 3754 5040 invidiae
3776 4996 3989 5053 causa,
4019 4974 4308 5038 tribuere
4334 4992 4454 5037 no-

2500 5178 3135 5302 1573¹)1g‘}1”'²'mp³
3176 5178 3456 5235 mendose.-
3504 5197 3744 5249 operum.
3948 5175 4010 5238 2)
4046 5193 4251 5243 rerum,
4299 5174 4452 5229 deest

3938 5326 4038 5380 25*
