<?xml version="1.0" encoding="UTF-8"?>
<!DOCTYPE html PUBLIC "-//W3C//DTD XHTML 1.0 Transitional//EN"
    "http://www.w3.org/TR/xhtml1/DTD/xhtml1-transitional.dtd">
<html xmlns="http://www.w3.org/1999/xhtml" xml:lang="en" lang="en">
 <head>
  <title>
</title>
<meta http-equiv="Content-Type" content="text/html;charset=utf-8" />
  <meta name='ocr-system' content='tesseract 3.04.00' />
  <meta name='ocr-capabilities' content='ocr_page ocr_carea ocr_par ocr_line ocrx_word'/>
</head>
<body>
  <div class='ocr_page' id='page_1' title='image "./ioanniscalvinio14unkngoog_0307.png"; bbox 0 0 4984 5975; ppageno 0'>
   <div class='ocr_carea' id='block_1_1' title="bbox 423 327 550 388">
    <p class='ocr_par' dir='ltr' id='par_1_1' title="bbox 423 327 550 388">
     <span class='ocr_line' id='line_1_1' title="bbox 423 327 550 388; baseline 0 0"><span class='ocrx_word' id='word_1_1' title='bbox 423 327 550 388; x_wconf 84' lang='lat'><strong><em>489</em></strong></span> 
     </span>
    </p>
   </div>
   <div class='ocr_carea' id='block_1_2' title="bbox 420 507 2388 1431">
    <p class='ocr_par' dir='ltr' id='par_1_2' title="bbox 420 507 2388 1431">
     <span class='ocr_line' id='line_1_2' title="bbox 604 507 2379 592; baseline -0.004 -16"><span class='ocrx_word' id='word_1_2' title='bbox 604 512 778 576; x_wconf 84' lang='lat' dir='ltr'><strong><em>Nam</em></strong></span> <span class='ocrx_word' id='word_1_3' title='bbox 821 511 1122 592; x_wconf 73' lang='lat' dir='ltr'><strong><em>respicere</em></strong></span> <span class='ocrx_word' id='word_1_4' title='bbox 1165 514 1391 592; x_wconf 77' lang='lat' dir='ltr'><strong><em>oportet</em></strong></span> <span class='ocrx_word' id='word_1_5' title='bbox 1425 530 1547 576; x_wconf 79' lang='lat' dir='ltr'><strong><em>non</em></strong></span> <span class='ocrx_word' id='word_1_6' title='bbox 1582 508 1783 574; x_wconf 80' lang='lat' dir='ltr'><strong><em>solum</em></strong></span> <span class='ocrx_word' id='word_1_7' title='bbox 1827 510 1911 574; x_wconf 78' lang='lat' dir='ltr'><strong><em>ad</em></strong></span> <span class='ocrx_word' id='word_1_8' title='bbox 1951 507 2379 586; x_wconf 79' lang='lat' dir='ltr'><strong><em>Germaniam,</em></strong></span> 
     </span>
     <span class='ocr_line' id='line_1_3' title="bbox 427 591 2383 682; baseline -0.004 -20"><span class='ocrx_word' id='word_1_9' title='bbox 427 618 648 663; x_wconf 77' lang='lat' dir='ltr'><strong><em>verum</em></strong></span> <span class='ocrx_word' id='word_1_10' title='bbox 692 599 880 662; x_wconf 81' lang='lat' dir='ltr'><strong><em>etiam</em></strong></span> <span class='ocrx_word' id='word_1_11' title='bbox 923 597 1007 660; x_wconf 83' lang='lat' dir='ltr'><strong><em>ad</em></strong></span> <span class='ocrx_word' id='word_1_12' title='bbox 1055 595 1338 674; x_wconf 71' lang='lat' dir='ltr'><strong><em>Gallias,</em></strong></span> <span class='ocrx_word' id='word_1_13' title='bbox 1393 595 1788 676; x_wconf 74' lang='lat' dir='ltr'><strong><em>Hispanias,</em></strong></span> <span class='ocrx_word' id='word_1_14' title='bbox 1835 593 2101 682; x_wconf 75' lang='lat' dir='ltr'><strong><em>Italiam</em></strong></span> <span class='ocrx_word' id='word_1_15' title='bbox 2143 598 2200 658; x_wconf 89' lang='lat' dir='ltr'><strong><em>et</em></strong></span> <span class='ocrx_word' id='word_1_16' title='bbox 2237 591 2383 657; x_wconf 77' lang='lat' dir='ltr'><strong><em>reli-</em></strong></span> 
     </span>
     <span class='ocr_line' id='line_1_4' title="bbox 429 680 2383 766; baseline -0.004 -16"><span class='ocrx_word' id='word_1_17' title='bbox 429 704 595 766; x_wconf 75' lang='lat' dir='ltr'><strong><em>quas</em></strong></span> <span class='ocrx_word' id='word_1_18' title='bbox 655 682 1154 747; x_wconf 79' lang='lat' dir='ltr'><strong><em>Christianorum</em></strong></span> <span class='ocrx_word' id='word_1_19' title='bbox 1194 680 1561 762; x_wconf 71' lang='lat' dir='ltr'><strong><em>provincias</em></strong></span> <span class='ocrx_word' id='word_1_20' title='bbox 1612 700 1807 762; x_wconf 76' lang='lat' dir='ltr'><strong><em>neque</em></strong></span> <span class='ocrx_word' id='word_1_21' title='bbox 1858 680 2223 745; x_wconf 76' lang='lat' dir='ltr'><strong><em>credendam</em></strong></span> <span class='ocrx_word' id='word_1_22' title='bbox 2276 683 2383 758; x_wconf 87' lang='lat' dir='ltr'><strong><em>est,</em></strong></span> 
     </span>
     <span class='ocr_line' id='line_1_5' title="bbox 430 762 2382 851; baseline -0.004 -17"><span class='ocrx_word' id='word_1_23' title='bbox 430 769 596 851; x_wconf 74' lang='lat' dir='ltr'><strong><em>quod</em></strong></span> <span class='ocrx_word' id='word_1_24' title='bbox 616 769 676 832; x_wconf 75' lang='lat' dir='ltr'><strong><em>si</em></strong></span> <span class='ocrx_word' id='word_1_25' title='bbox 698 767 855 849; x_wconf 74' lang='lat' dir='ltr'><strong><em>quid</em></strong></span> <span class='ocrx_word' id='word_1_26' title='bbox 881 767 951 832; x_wconf 85' lang='lat' dir='ltr'><strong><em>ob</em></strong></span> <span class='ocrx_word' id='word_1_27' title='bbox 975 769 1233 848; x_wconf 78' lang='lat' dir='ltr'><strong><em>quietem</em></strong></span> <span class='ocrx_word' id='word_1_28' title='bbox 1263 766 1646 832; x_wconf 72' lang='lat' dir='ltr'><strong><em>Germaniae</em></strong></span> <span class='ocrx_word' id='word_1_29' title='bbox 1678 767 1824 831; x_wconf 79' lang='lat' dir='ltr'><strong><em>novi</em></strong></span> <span class='ocrx_word' id='word_1_30' title='bbox 1850 767 1922 830; x_wconf 76' lang='lat' dir='ltr'><strong><em>in</em></strong></span> <span class='ocrx_word' id='word_1_31' title='bbox 1944 764 2240 847; x_wconf 56' lang='lat' dir='ltr'><strong><em>relictoue</em></strong></span> <span class='ocrx_word' id='word_1_32' title='bbox 2257 762 2382 844; x_wconf 76' lang='lat' dir='ltr'><strong><em>fiet,</em></strong></span> 
     </span>
     <span class='ocr_line' id='line_1_6' title="bbox 431 850 2384 934; baseline -0.004 -15"><span class='ocrx_word' id='word_1_33' title='bbox 431 855 570 919; x_wconf 80' lang='lat' dir='ltr'><strong><em>sine</em></strong></span> <span class='ocrx_word' id='word_1_34' title='bbox 592 855 748 919; x_wconf 78' lang='lat' dir='ltr'><strong><em>scitu</em></strong></span> <span class='ocrx_word' id='word_1_35' title='bbox 767 856 824 916; x_wconf 88' lang='lat' dir='ltr'><strong><em>et</em></strong></span> <span class='ocrx_word' id='word_1_36' title='bbox 855 854 1246 918; x_wconf 76' lang='lat' dir='ltr'><strong><em>consensione</em></strong></span> <span class='ocrx_word' id='word_1_37' title='bbox 1266 852 1549 917; x_wconf 75' lang='lat' dir='ltr'><strong><em>aliarum</em></strong></span> <span class='ocrx_word' id='word_1_38' title='bbox 1572 853 2066 934; x_wconf 77' lang='lat' dir='ltr'><strong><em>provinciarum,</em></strong></span> <span class='ocrx_word' id='word_1_39' title='bbox 2101 850 2171 913; x_wconf 75' lang='lat' dir='ltr'><strong><em>id</em></strong></span> <span class='ocrx_word' id='word_1_40' title='bbox 2194 869 2384 930; x_wconf 77' lang='lat' dir='ltr'><strong><em>posse</em></strong></span> 
     </span>
     <span class='ocr_line' id='line_1_7' title="bbox 433 936 2387 1022; baseline -0.003 -18"><span class='ocrx_word' id='word_1_41' title='bbox 433 960 645 1005; x_wconf 88' lang='lat' dir='ltr'><strong><em>carere</em></strong></span> <span class='ocrx_word' id='word_1_42' title='bbox 707 942 821 1003; x_wconf 81' lang='lat' dir='ltr'><strong><em>aut</em></strong></span> <span class='ocrx_word' id='word_1_43' title='bbox 883 957 1116 1021; x_wconf 60' lang='lat' dir='ltr'><strong><em>maana</em></strong></span> <span class='ocrx_word' id='word_1_44' title='bbox 1170 938 1483 1003; x_wconf 62' lang='lat' dir='ltr'><strong><em>calumnia</em></strong></span> <span class='ocrx_word' id='word_1_45' title='bbox 1552 936 1958 1022; x_wconf 48' lang='lat' dir='ltr'><strong><em>etfscandalo</em></strong></span> <span class='ocrx_word' id='word_1_46' title='bbox 2015 940 2125 1000; x_wconf 83' lang='lat' dir='ltr'><strong><em>aut</em></strong></span> <span class='ocrx_word' id='word_1_47' title='bbox 2169 936 2387 1016; x_wconf 79' lang='lat' dir='ltr'><strong><em>perni-</em></strong></span> 
     </span>
     <span class='ocr_line' id='line_1_8' title="bbox 431 1021 2383 1106; baseline -0.004 -15"><span class='ocrx_word' id='word_1_48' title='bbox 431 1024 780 1091; x_wconf 75' lang='lat' dir='ltr'><strong><em>ciosissimo</em></strong></span> <span class='ocrx_word' id='word_1_49' title='bbox 844 1024 1130 1106; x_wconf 69' lang='lat' dir='ltr'><strong><em>exemplo.</em></strong></span> <span class='ocrx_word' id='word_1_50' title='bbox 1233 1022 1564 1088; x_wconf 83' lang='lat' dir='ltr'><strong><em>Praeterea</em></strong></span> <span class='ocrx_word' id='word_1_51' title='bbox 1628 1023 1690 1086; x_wconf 78' lang='lat' dir='ltr'><strong><em>si</em></strong></span> <span class='ocrx_word' id='word_1_52' title='bbox 1743 1023 1897 1103; x_wconf 79' lang='lat' dir='ltr'><strong><em>qaid</em></strong></span> <span class='ocrx_word' id='word_1_53' title='bbox 1947 1021 2258 1104; x_wconf 60' lang='lat' dir='ltr'><strong><em>privatim</em></strong></span> <span class='ocrx_word' id='word_1_54' title='bbox 2312 1021 2383 1084; x_wconf 77' lang='lat' dir='ltr'><strong><em>in</em></strong></span> 
     </span>
     <span class='ocr_line' id='line_1_9' title="bbox 438 1106 2385 1190; baseline -0.003 -16"><span class='ocrx_word' id='word_1_55' title='bbox 438 1109 787 1174; x_wconf 73' lang='lat' dir='ltr'><strong><em>Germania</em></strong></span> <span class='ocrx_word' id='word_1_56' title='bbox 831 1110 1316 1188; x_wconf 77' lang='lat' dir='ltr'><strong><em>constitueretur,</em></strong></span> <span class='ocrx_word' id='word_1_57' title='bbox 1359 1109 1521 1189; x_wconf 79' lang='lat' dir='ltr'><strong><em>quod</em></strong></span> <span class='ocrx_word' id='word_1_58' title='bbox 1562 1107 1643 1173; x_wconf 74' lang='lat' dir='ltr'><strong><em>ab</em></strong></span> <span class='ocrx_word' id='word_1_59' title='bbox 1687 1108 1841 1173; x_wconf 82' lang='lat' dir='ltr'><strong><em>aliis</em></strong></span> <span class='ocrx_word' id='word_1_60' title='bbox 1871 1106 2224 1190; x_wconf 74' lang='lat' dir='ltr'><strong><em>provinciis</em></strong></span> <span class='ocrx_word' id='word_1_61' title='bbox 2263 1125 2385 1169; x_wconf 77' lang='lat' dir='ltr'><strong><em>non</em></strong></span> 
     </span>
     <span class='ocr_line' id='line_1_10' title="bbox 420 1190 2385 1278; baseline -0.002 -20"><span class='ocrx_word' id='word_1_62' title='bbox 420 1195 817 1277; x_wconf 78' lang='lat' dir='ltr'><strong><em>probaretur,</em></strong></span> <span class='ocrx_word' id='word_1_63' title='bbox 853 1200 1008 1259; x_wconf 90' lang='lat' dir='ltr'><strong><em>esset</em></strong></span> <span class='ocrx_word' id='word_1_64' title='bbox 1038 1214 1339 1278; x_wconf 76' lang='lat' dir='ltr'><strong><em>maynum</em></strong></span> <span class='ocrx_word' id='word_1_65' title='bbox 1370 1199 1713 1259; x_wconf 72' lang='lat' dir='ltr'><strong><em>monstrum</em></strong></span> <span class='ocrx_word' id='word_1_66' title='bbox 1746 1194 1816 1258; x_wconf 80' lang='lat' dir='ltr'><strong><em>in</em></strong></span> <span class='ocrx_word' id='word_1_67' title='bbox 1848 1212 2095 1274; x_wconf 70' lang='lat' dir='ltr'><strong><em>corpore</em></strong></span> <span class='ocrx_word' id='word_1_68' title='bbox 2133 1190 2385 1269; x_wconf 74' lang='lat' dir='ltr'><strong><em>Christi,</em></strong></span> 
     </span>
     <span class='ocr_line' id='line_1_11' title="bbox 435 1278 2388 1362; baseline -0.002 -17"><span class='ocrx_word' id='word_1_69' title='bbox 435 1301 596 1362; x_wconf 78' lang='lat' dir='ltr'><strong><em>quae</em></strong></span> <span class='ocrx_word' id='word_1_70' title='bbox 653 1285 741 1345; x_wconf 82' lang='lat' dir='ltr'><strong><em>est</em></strong></span> <span class='ocrx_word' id='word_1_71' title='bbox 793 1279 1070 1359; x_wconf 78' lang='lat' dir='ltr'><strong><em>ecclesia,</em></strong></span> <span class='ocrx_word' id='word_1_72' title='bbox 1123 1280 1285 1361; x_wconf 74' lang='lat' dir='ltr'><strong><em>quod</em></strong></span> <span class='ocrx_word' id='word_1_73' title='bbox 1350 1280 1623 1344; x_wconf 82' lang='lat' dir='ltr'><strong><em>membra</em></strong></span> <span class='ocrx_word' id='word_1_74' title='bbox 1680 1299 1807 1344; x_wconf 81' lang='lat' dir='ltr'><strong><em>non</em></strong></span> <span class='ocrx_word' id='word_1_75' title='bbox 1869 1278 2278 1357; x_wconf 78' lang='lat' dir='ltr'><strong><em>cohaererent,</em></strong></span> <span class='ocrx_word' id='word_1_76' title='bbox 2333 1281 2388 1341; x_wconf 90' lang='lat' dir='ltr'><strong><em>et</em></strong></span> 
     </span>
     <span class='ocr_line' id='line_1_12' title="bbox 432 1368 2223 1431; baseline -0.002 -1"><span class='ocrx_word' id='word_1_77' title='bbox 432 1368 650 1431; x_wconf 79' lang='lat' dir='ltr'><strong><em>unitas</em></strong></span> <span class='ocrx_word' id='word_1_78' title='bbox 690 1385 810 1430; x_wconf 77' lang='lat' dir='ltr'><strong><em>non</em></strong></span> <span class='ocrx_word' id='word_1_79' title='bbox 853 1370 1224 1430; x_wconf 81' lang='lat' dir='ltr'><strong><em>servaretur.</em></strong></span> <span class='ocrx_word' id='word_1_80' title='bbox 2219 1407 2223 1412; x_wconf 66' lang='grc'><strong><em>«</em></strong></span> 
     </span>
    </p>
   </div>
   <div class='ocr_carea' id='block_1_3' title="bbox 402 1532 2388 4783">
    <p class='ocr_par' dir='ltr' id='par_1_3' title="bbox 402 1532 2388 4783">
     <span class='ocr_line' id='line_1_13' title="bbox 608 1532 2382 1619; baseline -0.002 -18"><span class='ocrx_word' id='word_1_81' title='bbox 608 1535 747 1602; x_wconf 86' lang='lat' dir='ltr'><strong><em>Res</em></strong></span> <span class='ocrx_word' id='word_1_82' title='bbox 795 1535 1117 1601; x_wconf 88' lang='lat' dir='ltr'><strong><em>iciendum</em></strong></span> <span class='ocrx_word' id='word_1_83' title='bbox 1162 1536 1357 1619; x_wconf 87' lang='lat' dir='ltr'><strong><em>plane</em></strong></span> <span class='ocrx_word' id='word_1_84' title='bbox 1400 1543 1517 1613; x_wconf 87' lang='lat' dir='ltr'><strong><em>est,</em></strong></span> <span class='ocrx_word' id='word_1_85' title='bbox 1564 1558 1683 1601; x_wconf 91' lang='lat' dir='ltr'><strong><em>nec</em></strong></span> <span class='ocrx_word' id='word_1_86' title='bbox 1728 1536 1937 1601; x_wconf 90' lang='lat' dir='ltr'><strong><em>solum</em></strong></span> <span class='ocrx_word' id='word_1_87' title='bbox 1981 1533 2065 1598; x_wconf 86' lang='lat' dir='ltr'><strong><em>ad</em></strong></span> <span class='ocrx_word' id='word_1_88' title='bbox 2109 1532 2382 1611; x_wconf 87' lang='lat' dir='ltr'><strong><em>Gallias,</em></strong></span> 
     </span>
     <span class='ocr_line' id='line_1_14' title="bbox 438 1617 2382 1704; baseline -0.002 -19"><span class='ocrx_word' id='word_1_89' title='bbox 438 1627 555 1702; x_wconf 85' lang='lat' dir='ltr'><strong><em>[fol.</em></strong></span> <span class='ocrx_word' id='word_1_90' title='bbox 576 1625 682 1699; x_wconf 85' lang='lat'><strong><em>29]</em></strong></span> <span class='ocrx_word' id='word_1_91' title='bbox 775 1621 1080 1704; x_wconf 81' lang='lat' dir='ltr'><strong><em>ispanias,</em></strong></span> <span class='ocrx_word' id='word_1_92' title='bbox 1104 1617 1383 1698; x_wconf 87' lang='lat' dir='ltr'><strong><em>Italiam,</em></strong></span> <span class='ocrx_word' id='word_1_93' title='bbox 1409 1621 1523 1686; x_wconf 90' lang='lat' dir='ltr'><strong><em>sed</em></strong></span> <span class='ocrx_word' id='word_1_94' title='bbox 1545 1620 1627 1685; x_wconf 91' lang='lat' dir='ltr'><strong><em>ad</em></strong></span> <span class='ocrx_word' id='word_1_95' title='bbox 1651 1627 1857 1686; x_wconf 82' lang='lat' dir='ltr'><strong><em>totum</em></strong></span> <span class='ocrx_word' id='word_1_96' title='bbox 1873 1640 2124 1704; x_wconf 88' lang='lat' dir='ltr'><strong><em>quoque</em></strong></span> <span class='ocrx_word' id='word_1_97' title='bbox 2140 1618 2382 1684; x_wconf 88' lang='lat' dir='ltr'><strong><em>orbem.</em></strong></span> 
     </span>
     <span class='ocr_line' id='line_1_15' title="bbox 438 1706 2384 1791; baseline -0.003 -18"><span class='ocrx_word' id='word_1_98' title='bbox 438 1708 532 1773; x_wconf 82' lang='lat' dir='ltr'><strong><em>At</em></strong></span> <span class='ocrx_word' id='word_1_99' title='bbox 566 1708 719 1789; x_wconf 88' lang='lat' dir='ltr'><strong><em>quia</em></strong></span> <span class='ocrx_word' id='word_1_100' title='bbox 774 1706 940 1771; x_wconf 90' lang='lat' dir='ltr'><strong>nihil</strong></span> <span class='ocrx_word' id='word_1_101' title='bbox 993 1708 1061 1771; x_wconf 90' lang='lat' dir='ltr'><strong><em>in</em></strong></span> <span class='ocrx_word' id='word_1_102' title='bbox 1114 1706 1429 1790; x_wconf 81' lang='lat' dir='ltr'><strong><em>religione</em></strong></span> <span class='ocrx_word' id='word_1_103' title='bbox 1470 1715 1705 1791; x_wconf 89' lang='lat' dir='ltr'><strong><em>petunt</em></strong></span> <span class='ocrx_word' id='word_1_104' title='bbox 1746 1706 1976 1772; x_wconf 85' lang='lat' dir='ltr'><strong><em>novari</em></strong></span> <span class='ocrx_word' id='word_1_105' title='bbox 2018 1712 2384 1789; x_wconf 89' lang='lat' dir='ltr'><strong><em>protestan-</em></strong></span> 
     </span>
     <span class='ocr_line' id='line_1_16' title="bbox 438 1789 2388 1874; baseline -0.003 -16"><span class='ocrx_word' id='word_1_106' title='bbox 438 1802 568 1871; x_wconf 89' lang='lat' dir='ltr'><strong><em>tes,</em></strong></span> <span class='ocrx_word' id='word_1_107' title='bbox 627 1791 743 1857; x_wconf 90' lang='lat' dir='ltr'><strong><em>sed</em></strong></span> <span class='ocrx_word' id='word_1_108' title='bbox 799 1812 877 1857; x_wconf 87' lang='lat' dir='ltr'><strong><em>ea</em></strong></span> <span class='ocrx_word' id='word_1_109' title='bbox 931 1793 1000 1856; x_wconf 91' lang='lat' dir='ltr'><strong><em>in</em></strong></span> <span class='ocrx_word' id='word_1_110' title='bbox 1056 1813 1248 1857; x_wconf 90' lang='lat' dir='ltr'><strong><em>usum</em></strong></span> <span class='ocrx_word' id='word_1_111' title='bbox 1290 1789 1482 1856; x_wconf 87' lang='lat' dir='ltr'><strong><em>modo</em></strong></span> <span class='ocrx_word' id='word_1_112' title='bbox 1526 1792 1851 1871; x_wconf 86' lang='lat' dir='ltr'><strong><em>revocari,</em></strong></span> <span class='ocrx_word' id='word_1_113' title='bbox 1905 1811 2072 1874; x_wconf 90' lang='lat' dir='ltr'><strong><em>quae</em></strong></span> <span class='ocrx_word' id='word_1_114' title='bbox 2116 1789 2388 1854; x_wconf 85' lang='lat' dir='ltr'><strong><em>tradidit</em></strong></span> 
     </span>
     <span class='ocr_line' id='line_1_17' title="bbox 437 1876 2387 1962; baseline -0.002 -19"><span class='ocrx_word' id='word_1_115' title='bbox 437 1877 774 1955; x_wconf 88' lang='lat' dir='ltr'><strong><em>Christus,</em></strong></span> <span class='ocrx_word' id='word_1_116' title='bbox 839 1878 965 1960; x_wconf 91' lang='lat' dir='ltr'><strong><em>ipsi</em></strong></span> <span class='ocrx_word' id='word_1_117' title='bbox 1029 1876 1570 1944; x_wconf 87' lang='lat' dir='ltr'><strong><em>commendarunt</em></strong></span> <span class='ocrx_word' id='word_1_118' title='bbox 1647 1877 1946 1962; x_wconf 90' lang='lat' dir='ltr'><strong><em>apostoli,</em></strong></span> <span class='ocrx_word' id='word_1_119' title='bbox 2014 1876 2387 1941; x_wconf 80' lang='lat' dir='ltr'><strong><em>observavit</em></strong></span> 
     </span>
     <span class='ocr_line' id='line_1_18' title="bbox 433 1962 2385 2048; baseline -0.002 -20"><span class='ocrx_word' id='word_1_120' title='bbox 433 1971 629 2029; x_wconf 88' lang='lat' dir='ltr'><strong><em>vetus</em></strong></span> <span class='ocrx_word' id='word_1_121' title='bbox 674 1975 755 2028; x_wconf 85' lang='lat' dir='ltr'><strong><em>ac¹</em></strong></span> <span class='ocrx_word' id='word_1_122' title='bbox 794 1963 1016 2046; x_wconf 90' lang='lat' dir='ltr'><strong><em>purior</em></strong></span> <span class='ocrx_word' id='word_1_123' title='bbox 1051 1964 1341 2041; x_wconf 87' lang='lat' dir='ltr'><strong><em>ecclesia,</em></strong></span> <span class='ocrx_word' id='word_1_124' title='bbox 1386 1964 1624 2048; x_wconf 85' lang='lat' dir='ltr'><strong><em>corrigi</em></strong></span> <span class='ocrx_word' id='word_1_125' title='bbox 1670 1972 1889 2029; x_wconf 91' lang='lat' dir='ltr'><strong><em>autem</em></strong></span> <span class='ocrx_word' id='word_1_126' title='bbox 1926 1970 1993 2028; x_wconf 93' lang='lat' dir='ltr'><strong><em>et</em></strong></span> <span class='ocrx_word' id='word_1_127' title='bbox 2026 1962 2385 2044; x_wconf 88' lang='lat' dir='ltr'><strong><em>repurgari,</em></strong></span> 
     </span>
     <span class='ocr_line' id='line_1_19' title="bbox 438 2048 2385 2132; baseline -0.002 -19"><span class='ocrx_word' id='word_1_128' title='bbox 438 2071 607 2132; x_wconf 85' lang='lat' dir='ltr'><strong><em>quae</em></strong></span> <span class='ocrx_word' id='word_1_129' title='bbox 650 2049 756 2114; x_wconf 90' lang='lat' dir='ltr'><strong><em>his</em></strong></span> <span class='ocrx_word' id='word_1_130' title='bbox 799 2049 958 2131; x_wconf 91' lang='lat' dir='ltr'><strong><em>ipsis</em></strong></span> <span class='ocrx_word' id='word_1_131' title='bbox 1004 2048 1454 2127; x_wconf 78' lang='lat' dir='ltr'><strong><em>adversantur,</em></strong></span> <span class='ocrx_word' id='word_1_132' title='bbox 1500 2050 1557 2114; x_wconf 91' lang='lat' dir='ltr'><strong><em>si</em></strong></span> <span class='ocrx_word' id='word_1_133' title='bbox 1600 2049 1682 2114; x_wconf 86' lang='lat' dir='ltr'><strong><em>ad</em></strong></span> <span class='ocrx_word' id='word_1_134' title='bbox 1719 2070 1889 2127; x_wconf 87' lang='lat' dir='ltr'><strong><em>eum,</em></strong></span> <span class='ocrx_word' id='word_1_135' title='bbox 1927 2068 2119 2131; x_wconf 91' lang='lat' dir='ltr'><strong><em>quem</em></strong></span> <span class='ocrx_word' id='word_1_136' title='bbox 2164 2052 2385 2130; x_wconf 90' lang='lat' dir='ltr'><strong><em>postu-</em></strong></span> 
     </span>
     <span class='ocr_line' id='line_1_20' title="bbox 434 2133 2386 2213; baseline -0.002 -15"><span class='ocrx_word' id='word_1_137' title='bbox 434 2134 583 2199; x_wconf 86' lang='lat' dir='ltr'><strong><em>lant</em></strong></span> <span class='ocrx_word' id='word_1_138' title='bbox 624 2133 910 2212; x_wconf 90' lang='lat' dir='ltr'><strong><em>modum,</em></strong></span> <span class='ocrx_word' id='word_1_139' title='bbox 958 2135 1394 2199; x_wconf 76' lang='lat' dir='ltr'><strong><em>reformentur</em></strong></span> <span class='ocrx_word' id='word_1_140' title='bbox 1437 2134 1763 2213; x_wconf 87' lang='lat' dir='ltr'><strong><em>ecclesiae,</em></strong></span> <span class='ocrx_word' id='word_1_141' title='bbox 1811 2134 1889 2198; x_wconf 90' lang='lat' dir='ltr'><strong><em>de</em></strong></span> <span class='ocrx_word' id='word_1_142' title='bbox 1933 2153 2205 2198; x_wconf 88' lang='lat' dir='ltr'><strong><em>assensu</em></strong></span> <span class='ocrx_word' id='word_1_143' title='bbox 2249 2152 2386 2196; x_wconf 90' lang='lat' dir='ltr'><strong><em>om-</em></strong></span> 
     </span>
     <span class='ocr_line' id='line_1_21' title="bbox 438 2216 2386 2301; baseline -0.002 -17"><span class='ocrx_word' id='word_1_144' title='bbox 438 2220 627 2284; x_wconf 89' lang='lat' dir='ltr'><strong><em>nium</em></strong></span> <span class='ocrx_word' id='word_1_145' title='bbox 692 2219 929 2301; x_wconf 91' lang='lat' dir='ltr'><strong><em>ubique</em></strong></span> <span class='ocrx_word' id='word_1_146' title='bbox 994 2218 1520 2285; x_wconf 90' lang='lat' dir='ltr'><strong><em>Christianorum</em></strong></span> <span class='ocrx_word' id='word_1_147' title='bbox 1582 2221 1855 2284; x_wconf 90' lang='lat' dir='ltr'><strong><em>minime</em></strong></span> <span class='ocrx_word' id='word_1_148' title='bbox 1920 2219 2093 2284; x_wconf 88' lang='lat' dir='ltr'><strong><em>ambi</em></strong></span> <span class='ocrx_word' id='word_1_149' title='bbox 2143 2216 2386 2282; x_wconf 90' lang='lat' dir='ltr'><strong><em>endum</em></strong></span> 
     </span>
     <span class='ocr_line' id='line_1_22' title="bbox 440 2303 2387 2390; baseline -0.003 -20"><span class='ocrx_word' id='word_1_150' title='bbox 440 2314 571 2370; x_wconf 87' lang='lat' dir='ltr'><strong><em>est:</em></strong></span> <span class='ocrx_word' id='word_1_151' title='bbox 615 2303 843 2369; x_wconf 89' lang='lat' dir='ltr'><strong><em>eodem</em></strong></span> <span class='ocrx_word' id='word_1_152' title='bbox 887 2305 1060 2369; x_wconf 91' lang='lat' dir='ltr'><strong><em>enim</em></strong></span> <span class='ocrx_word' id='word_1_153' title='bbox 1103 2305 1338 2387; x_wconf 88' lang='lat' dir='ltr'><strong><em>spiritu</em></strong></span> <span class='ocrx_word' id='word_1_154' title='bbox 1373 2304 1623 2371; x_wconf 81' lang='lat' dir='ltr'><strong><em>Christi</em></strong></span> <span class='ocrx_word' id='word_1_155' title='bbox 1667 2313 1970 2390; x_wconf 80' lang='lat' dir='ltr'><strong><em>aguntur,</em></strong></span> <span class='ocrx_word' id='word_1_156' title='bbox 2014 2322 2387 2388; x_wconf 79' lang='lat' dir='ltr'><strong><em>quicunque</em></strong></span> 
     </span>
     <span class='ocr_line' id='line_1_23' title="bbox 438 2389 2386 2474; baseline -0.002 -19"><span class='ocrx_word' id='word_1_157' title='bbox 438 2389 690 2455; x_wconf 81' lang='lat' dir='ltr'><strong><em>Christi</em></strong></span> <span class='ocrx_word' id='word_1_158' title='bbox 753 2398 921 2454; x_wconf 88' lang='lat' dir='ltr'><strong><em>sunt.</em></strong></span> <span class='ocrx_word' id='word_1_159' title='bbox 1034 2391 1254 2473; x_wconf 83' lang='lat' dir='ltr'><strong><em>Atque</em></strong></span> <span class='ocrx_word' id='word_1_160' title='bbox 1315 2398 1392 2454; x_wconf 91' lang='lat' dir='ltr'><strong><em>ut</em></strong></span> <span class='ocrx_word' id='word_1_161' title='bbox 1454 2390 1652 2474; x_wconf 83' lang='lat' dir='ltr'><strong><em>aliqui</em></strong></span> <span class='ocrx_word' id='word_1_162' title='bbox 1714 2391 1853 2458; x_wconf 84' lang='lat' dir='ltr'><strong><em>sive</em></strong></span> <span class='ocrx_word' id='word_1_163' title='bbox 1919 2412 2036 2474; x_wconf 91' lang='lat' dir='ltr'><strong><em>per</em></strong></span> <span class='ocrx_word' id='word_1_164' title='bbox 2081 2409 2386 2464; x_wconf 89' lang='lat' dir='ltr'><strong><em>errorem,</em></strong></span> 
     </span>
     <span class='ocr_line' id='line_1_24' title="bbox 437 2474 2386 2557; baseline -0.002 -17"><span class='ocrx_word' id='word_1_165' title='bbox 437 2475 578 2541; x_wconf 83' lang='lat' dir='ltr'><strong><em>sive</em></strong></span> <span class='ocrx_word' id='word_1_166' title='bbox 644 2482 909 2557; x_wconf 86' lang='lat' dir='ltr'><strong><em>propter</em></strong></span> <span class='ocrx_word' id='word_1_167' title='bbox 952 2476 1087 2540; x_wconf 90' lang='lat' dir='ltr'><strong><em>vim</em></strong></span> <span class='ocrx_word' id='word_1_168' title='bbox 1150 2474 1537 2541; x_wconf 90' lang='lat' dir='ltr'><strong><em>Antichristi</em></strong></span> <span class='ocrx_word' id='word_1_169' title='bbox 1605 2476 1907 2542; x_wconf 83' lang='lat' dir='ltr'><strong><em>assentiri</em></strong></span> <span class='ocrx_word' id='word_1_170' title='bbox 1975 2475 2198 2540; x_wconf 89' lang='lat' dir='ltr'><strong><em>statim</em></strong></span> <span class='ocrx_word' id='word_1_171' title='bbox 2254 2493 2386 2538; x_wconf 90' lang='lat' dir='ltr'><strong><em>non</em></strong></span> 
     </span>
     <span class='ocr_line' id='line_1_25' title="bbox 435 2560 2387 2643; baseline -0.001 -19"><span class='ocrx_word' id='word_1_172' title='bbox 435 2568 707 2643; x_wconf 85' lang='lat' dir='ltr'><strong><em>queant,</em></strong></span> <span class='ocrx_word' id='word_1_173' title='bbox 769 2580 900 2624; x_wconf 91' lang='lat' dir='ltr'><strong><em>non</em></strong></span> <span class='ocrx_word' id='word_1_174' title='bbox 960 2569 1061 2624; x_wconf 88' lang='lat' dir='ltr'><strong><em>est</em></strong></span> <span class='ocrx_word' id='word_1_175' title='bbox 1119 2571 1337 2625; x_wconf 83' lang='lat' dir='ltr'><strong><em>tamen</em></strong></span> <span class='ocrx_word' id='word_1_176' title='bbox 1392 2560 1641 2628; x_wconf 80' lang='lat' dir='ltr'><strong><em>Christi</em></strong></span> <span class='ocrx_word' id='word_1_177' title='bbox 1694 2561 2003 2626; x_wconf 87' lang='lat' dir='ltr'><strong><em>mandato</em></strong></span> <span class='ocrx_word' id='word_1_178' title='bbox 2068 2560 2387 2642; x_wconf 88' lang='lat' dir='ltr'><strong><em>salut-ique</em></strong></span> 
     </span>
     <span class='ocr_line' id='line_1_26' title="bbox 436 2645 2387 2730; baseline -0.002 -19"><span class='ocrx_word' id='word_1_179' title='bbox 436 2645 859 2711; x_wconf 87' lang='lat' dir='ltr'><strong><em>ecclesiarum</em></strong></span> <span class='ocrx_word' id='word_1_180' title='bbox 925 2646 1016 2711; x_wconf 89' lang='lat' dir='ltr'><strong><em>sic</em></strong></span> <span class='ocrx_word' id='word_1_181' title='bbox 1093 2645 1519 2728; x_wconf 87' lang='lat' dir='ltr'><strong><em>praeferenda</em></strong></span> <span class='ocrx_word' id='word_1_182' title='bbox 1583 2668 1811 2712; x_wconf 87' lang='lat' dir='ltr'><strong><em>eorum</em></strong></span> <span class='ocrx_word' id='word_1_183' title='bbox 1877 2645 1984 2712; x_wconf 90' lang='lat' dir='ltr'><strong><em>vel</em></strong></span> <span class='ocrx_word' id='word_1_184' title='bbox 2044 2645 2387 2730; x_wconf 81' lang='lat' dir='ltr'><strong><em>ignoratio,</em></strong></span> 
     </span>
     <span class='ocr_line' id='line_1_27' title="bbox 436 2730 2384 2814; baseline -0.002 -17"><span class='ocrx_word' id='word_1_185' title='bbox 436 2730 543 2797; x_wconf 88' lang='lat' dir='ltr'><strong><em>vel</em></strong></span> <span class='ocrx_word' id='word_1_186' title='bbox 598 2731 974 2808; x_wconf 86' lang='lat' dir='ltr'><strong><em>infirmitas,</em></strong></span> <span class='ocrx_word' id='word_1_187' title='bbox 1042 2739 1119 2795; x_wconf 93' lang='lat' dir='ltr'><strong><em>ut</em></strong></span> <span class='ocrx_word' id='word_1_188' title='bbox 1183 2731 1339 2796; x_wconf 90' lang='lat' dir='ltr'><strong><em>dum</em></strong></span> <span class='ocrx_word' id='word_1_189' title='bbox 1394 2731 1498 2798; x_wconf 88' lang='lat' dir='ltr'><strong><em>his</em></strong></span> <span class='ocrx_word' id='word_1_190' title='bbox 1557 2741 1815 2798; x_wconf 89' lang='lat' dir='ltr'><strong><em>nostros</em></strong></span> <span class='ocrx_word' id='word_1_191' title='bbox 1859 2741 2384 2814; x_wconf 86' lang='lat' dir='ltr'><strong><em>attemperamus‚</em></strong></span> 
     </span>
     <span class='ocr_line' id='line_1_28' title="bbox 437 2815 2385 2901; baseline -0.001 -21"><span class='ocrx_word' id='word_1_192' title='bbox 437 2825 793 2899; x_wconf 91' lang='lat' dir='ltr'><strong><em>utrumque</em></strong></span> <span class='ocrx_word' id='word_1_193' title='bbox 836 2816 1096 2881; x_wconf 88' lang='lat' dir='ltr'><strong><em>illorum</em></strong></span> <span class='ocrx_word' id='word_1_194' title='bbox 1134 2817 1575 2901; x_wconf 82' lang='lat' dir='ltr'><strong><em>negligamus3</em></strong></span> <span class='ocrx_word' id='word_1_195' title='bbox 1619 2819 1690 2883; x_wconf 91' lang='lat' dir='ltr'><strong><em>in</em></strong></span> <span class='ocrx_word' id='word_1_196' title='bbox 1730 2818 1962 2882; x_wconf 89' lang='lat' dir='ltr'><strong><em>mediis</em></strong></span> <span class='ocrx_word' id='word_1_197' title='bbox 2008 2818 2203 2883; x_wconf 88' lang='lat' dir='ltr'><strong><em>rebus</em></strong></span> <span class='ocrx_word' id='word_1_198' title='bbox 2238 2815 2385 2898; x_wconf 91' lang='lat' dir='ltr'><strong><em>plu-</em></strong></span> 
     </span>
     <span class='ocr_line' id='line_1_29' title="bbox 436 2901 2383 2985; baseline -0.001 -19"><span class='ocrx_word' id='word_1_199' title='bbox 436 2902 679 2966; x_wconf 86' lang='lat' dir='ltr'><strong><em>rimum</em></strong></span> <span class='ocrx_word' id='word_1_200' title='bbox 723 2922 980 2985; x_wconf 86' lang='lat' dir='ltr'><strong><em>semper</em></strong></span> <span class='ocrx_word' id='word_1_201' title='bbox 1022 2909 1122 2967; x_wconf 90' lang='lat' dir='ltr'><strong><em>est</em></strong></span> <span class='ocrx_word' id='word_1_202' title='bbox 1164 2902 1583 2968; x_wconf 86' lang='lat' dir='ltr'><strong><em>deferendum</em></strong></span> <span class='ocrx_word' id='word_1_203' title='bbox 1625 2904 1903 2969; x_wconf 69' lang='lat' dir='ltr'><strong><em>fratrum</em></strong></span> <span class='ocrx_word' id='word_1_204' title='bbox 1934 2901 2383 2979; x_wconf 78' lang='lat' dir='ltr'><strong><em>imbecillitati,</em></strong></span> 
     </span>
     <span class='ocr_line' id='line_1_30' title="bbox 438 2988 2385 3071; baseline -0.001 -19"><span class='ocrx_word' id='word_1_205' title='bbox 438 2995 506 3052; x_wconf 91' lang='lat' dir='ltr'><strong><em>at</em></strong></span> <span class='ocrx_word' id='word_1_206' title='bbox 568 2989 642 3052; x_wconf 91' lang='lat' dir='ltr'><strong><em>in</em></strong></span> <span class='ocrx_word' id='word_1_207' title='bbox 692 2989 774 3053; x_wconf 90' lang='lat' dir='ltr'><strong><em>iis</em></strong></span> <span class='ocrx_word' id='word_1_208' title='bbox 824 3009 991 3071; x_wconf 88' lang='lat' dir='ltr'><strong><em>quae</em></strong></span> <span class='ocrx_word' id='word_1_209' title='bbox 1046 2997 1223 3053; x_wconf 86' lang='lat' dir='ltr'><strong><em>certa</em></strong></span> <span class='ocrx_word' id='word_1_210' title='bbox 1270 2988 1520 3054; x_wconf 87' lang='lat' dir='ltr'><strong><em>ratione</em></strong></span> <span class='ocrx_word' id='word_1_211' title='bbox 1586 3010 1626 3053; x_wconf 90' lang='lat' dir='ltr'><strong><em>a</em></strong></span> <span class='ocrx_word' id='word_1_212' title='bbox 1681 2989 1946 3056; x_wconf 89' lang='lat' dir='ltr'><strong><em>Christo</em></strong></span> <span class='ocrx_word' id='word_1_213' title='bbox 2000 2998 2154 3055; x_wconf 76' lang='lat' dir='ltr'><strong><em>sunt</em></strong></span> <span class='ocrx_word' id='word_1_214' title='bbox 2210 3008 2385 3054; x_wconf 89' lang='lat' dir='ltr'><strong><em>com-</em></strong></span> 
     </span>
     <span class='ocr_line' id='line_1_31' title="bbox 436 3072 2386 3159; baseline -0.001 -21"><span class='ocrx_word' id='word_1_215' title='bbox 436 3072 780 3151; x_wconf 88' lang='lat' dir='ltr'><strong><em>mendata,</em></strong></span> <span class='ocrx_word' id='word_1_216' title='bbox 880 3074 948 3138; x_wconf 91' lang='lat' dir='ltr'><strong><em>ui</em></strong></span> <span class='ocrx_word' id='word_1_217' title='bbox 1013 3073 1349 3140; x_wconf 90' lang='lat' dir='ltr'><strong><em>hominum</em></strong></span> <span class='ocrx_word' id='word_1_218' title='bbox 1403 3075 1653 3159; x_wconf 89' lang='lat' dir='ltr'><strong><em>gratiae</em></strong></span> <span class='ocrx_word' id='word_1_219' title='bbox 1699 3074 1804 3142; x_wconf 84' lang='lat' dir='ltr'><strong><em>vel</em></strong></span> <span class='ocrx_word' id='word_1_220' title='bbox 1860 3076 2209 3139; x_wconf 90' lang='lat' dir='ltr'><strong><em>minimum</em></strong></span> <span class='ocrx_word' id='word_1_221' title='bbox 2266 3072 2386 3136; x_wconf 89' lang='lat' dir='ltr'><strong><em>ali-</em></strong></span> 
     </span>
     <span class='ocr_line' id='line_1_32' title="bbox 436 3095 2386 3245; baseline -0.001 -21"><span class='ocrx_word' id='word_1_222' title='bbox 436 3157 594 3242; x_wconf 88' lang='lat' dir='ltr'><strong><em>quid</em></strong></span> <span class='ocrx_word' id='word_1_223' title='bbox 636 3095 1119 3224; x_wconf 61' lang='lat' dir='ltr'><strong><em>eoncedendum</em></strong></span> <span class='ocrx_word' id='word_1_224' title='bbox 1172 3168 1393 3243; x_wconf 88' lang='lat' dir='ltr'><strong><em>putat,</em></strong></span> <span class='ocrx_word' id='word_1_225' title='bbox 1454 3182 1529 3225; x_wconf 92' lang='lat' dir='ltr'><strong><em>eo</em></strong></span> <span class='ocrx_word' id='word_1_226' title='bbox 1582 3162 1724 3245; x_wconf 90' lang='lat' dir='ltr'><strong><em>ipso</em></strong></span> <span class='ocrx_word' id='word_1_227' title='bbox 1777 3159 1996 3245; x_wconf 90' lang='lat' dir='ltr'><strong><em>prodit</em></strong></span> <span class='ocrx_word' id='word_1_228' title='bbox 2038 3182 2107 3226; x_wconf 90' lang='lat' dir='ltr'><strong><em>se</em></strong></span> <span class='ocrx_word' id='word_1_229' title='bbox 2150 3180 2386 3244; x_wconf 87' lang='lat' dir='ltr'><strong><em>parum</em></strong></span> 
     </span>
     <span class='ocr_line' id='line_1_33' title="bbox 438 3243 2386 3328; baseline 0 -19"><span class='ocrx_word' id='word_1_230' title='bbox 438 3246 509 3309; x_wconf 90' lang='lat' dir='ltr'><strong><em>in</em></strong></span> <span class='ocrx_word' id='word_1_231' title='bbox 554 3244 806 3311; x_wconf 89' lang='lat' dir='ltr'><strong><em>Christi</em></strong></span> <span class='ocrx_word' id='word_1_232' title='bbox 851 3243 1073 3310; x_wconf 88' lang='lat' dir='ltr'><strong><em>schola</em></strong></span> <span class='ocrx_word' id='word_1_233' title='bbox 1114 3246 1477 3328; x_wconf 85' lang='lat' dir='ltr'><strong><em>profecisse.</em></strong></span> <span class='ocrx_word' id='word_1_234' title='bbox 1565 3247 1789 3311; x_wconf 89' lang='lat' dir='ltr'><strong><em>Pietas</em></strong></span> <span class='ocrx_word' id='word_1_235' title='bbox 1829 3246 2005 3310; x_wconf 89' lang='lat' dir='ltr'><strong><em>enim</em></strong></span> <span class='ocrx_word' id='word_1_236' title='bbox 2050 3246 2190 3311; x_wconf 89' lang='lat' dir='ltr'><strong><em>sine</em></strong></span> <span class='ocrx_word' id='word_1_237' title='bbox 2234 3266 2386 3310; x_wconf 89' lang='lat' dir='ltr'><strong><em>con·</em></strong></span> 
     </span>
     <span class='ocr_line' id='line_1_34' title="bbox 436 3329 2387 3414; baseline -0.001 -18"><span class='ocrx_word' id='word_1_238' title='bbox 436 3330 777 3409; x_wconf 73' lang='lat' dir='ltr'><strong><em>troversia,</em></strong></span> <span class='ocrx_word' id='word_1_239' title='bbox 816 3330 957 3395; x_wconf 90' lang='lat' dir='ltr'><strong><em>sine</em></strong></span> <span class='ocrx_word' id='word_1_240' title='bbox 982 3332 1362 3414; x_wconf 76' lang='lat' dir='ltr'><strong><em>exceptione</em></strong></span> <span class='ocrx_word' id='word_1_241' title='bbox 1397 3352 1514 3414; x_wconf 91' lang='lat' dir='ltr'><strong><em>pro</em></strong></span> <span class='ocrx_word' id='word_1_242' title='bbox 1547 3332 1910 3397; x_wconf 89' lang='lat' dir='ltr'><strong><em>necessario</em></strong></span> <span class='ocrx_word' id='word_1_243' title='bbox 1947 3331 2160 3408; x_wconf 88' lang='lat' dir='ltr'><strong><em>habet,</em></strong></span> <span class='ocrx_word' id='word_1_244' title='bbox 2197 3329 2387 3413; x_wconf 88' lang='lat' dir='ltr'><strong><em>quid-</em></strong></span> 
     </span>
     <span class='ocr_line' id='line_1_35' title="bbox 438 3414 2388 3501; baseline 0 -21"><span class='ocrx_word' id='word_1_245' title='bbox 438 3415 596 3500; x_wconf 92' lang='lat' dir='ltr'><strong><em>quid</em></strong></span> <span class='ocrx_word' id='word_1_246' title='bbox 640 3414 947 3481; x_wconf 81' lang='lat' dir='ltr'><strong><em>Christus</em></strong></span> <span class='ocrx_word' id='word_1_247' title='bbox 1003 3414 1197 3481; x_wconf 89' lang='lat' dir='ltr'><strong><em>iubet.</em></strong></span> <span class='ocrx_word' id='word_1_248' title='bbox 1286 3414 1506 3497; x_wconf 77' lang='lat' dir='ltr'><strong><em>Quum</em></strong></span> <span class='ocrx_word' id='word_1_249' title='bbox 1565 3438 1685 3499; x_wconf 89' lang='lat' dir='ltr'><strong><em>per</em></strong></span> <span class='ocrx_word' id='word_1_250' title='bbox 1736 3416 1856 3482; x_wconf 89' lang='lat' dir='ltr'><strong><em>hos</em></strong></span> <span class='ocrx_word' id='word_1_251' title='bbox 1902 3416 2137 3501; x_wconf 87' lang='lat' dir='ltr'><strong><em>viginti</em></strong></span> <span class='ocrx_word' id='word_1_252' title='bbox 2181 3436 2388 3480; x_wconf 90' lang='lat' dir='ltr'><strong><em>annos</em></strong></span> 
     </span>
     <span class='ocr_line' id='line_1_36' title="bbox 438 3499 2386 3585; baseline -0.001 -19"><span class='ocrx_word' id='word_1_253' title='bbox 438 3502 634 3567; x_wconf 87' lang='lat' dir='ltr'><strong><em>toties</em></strong></span> <span class='ocrx_word' id='word_1_254' title='bbox 721 3501 1063 3566; x_wconf 90' lang='lat' dir='ltr'><strong><em>concilium</em></strong></span> <span class='ocrx_word' id='word_1_255' title='bbox 1138 3502 1244 3567; x_wconf 89' lang='lat' dir='ltr'><strong><em>vel</em></strong></span> <span class='ocrx_word' id='word_1_256' title='bbox 1320 3502 1683 3585; x_wconf 88' lang='lat' dir='ltr'><strong><em>poUicendo</em></strong></span> <span class='ocrx_word' id='word_1_257' title='bbox 1747 3502 1852 3568; x_wconf 87' lang='lat' dir='ltr'><strong><em>vel</em></strong></span> <span class='ocrx_word' id='word_1_258' title='bbox 1932 3499 2386 3566; x_wconf 78' lang='lat' dir='ltr'><strong><em>denunciando</em></strong></span> 
     </span>
     <span class='ocr_line' id='line_1_37' title="bbox 438 3585 2388 3669; baseline -0.001 -17"><span class='ocrx_word' id='word_1_259' title='bbox 438 3588 641 3652; x_wconf 78' lang='lat' dir='ltr'><strong><em>verba</em></strong></span> <span class='ocrx_word' id='word_1_260' title='bbox 696 3585 948 3651; x_wconf 87' lang='lat' dir='ltr'><strong><em>dederit</em></strong></span> <span class='ocrx_word' id='word_1_261' title='bbox 1001 3587 1293 3669; x_wconf 85' lang='lat' dir='ltr'><strong><em>pontifex</em></strong></span> <span class='ocrx_word' id='word_1_262' title='bbox 1349 3596 1415 3653; x_wconf 93' lang='lat' dir='ltr'><strong><em>et</em></strong></span> <span class='ocrx_word' id='word_1_263' title='bbox 1457 3587 1807 3652; x_wconf 87' lang='lat' dir='ltr'><strong><em>Germanis</em></strong></span> <span class='ocrx_word' id='word_1_264' title='bbox 1864 3596 1929 3652; x_wconf 85' lang='lat' dir='ltr'><strong><em>et</em></strong></span> <span class='ocrx_word' id='word_1_265' title='bbox 1984 3586 2128 3652; x_wconf 90' lang='lat' dir='ltr'><strong><em>aliis</em></strong></span> <span class='ocrx_word' id='word_1_266' title='bbox 2217 3585 2388 3651; x_wconf 89' lang='lat' dir='ltr'><strong><em>enti-</em></strong></span> 
     </span>
     <span class='ocr_line' id='line_1_38' title="bbox 438 3669 2386 3757; baseline -0.002 -19"><span class='ocrx_word' id='word_1_267' title='bbox 438 3673 593 3752; x_wconf 88' lang='lat' dir='ltr'><strong><em>bus,</em></strong></span> <span class='ocrx_word' id='word_1_268' title='bbox 648 3673 792 3755; x_wconf 91' lang='lat' dir='ltr'><strong><em>quis</em></strong></span> <span class='ocrx_word' id='word_1_269' title='bbox 847 3692 982 3737; x_wconf 90' lang='lat' dir='ltr'><strong><em>non</em></strong></span> <span class='ocrx_word' id='word_1_270' title='bbox 1036 3673 1258 3738; x_wconf 90' lang='lat' dir='ltr'><strong><em>credat</em></strong></span> <span class='ocrx_word' id='word_1_271' title='bbox 1309 3695 1491 3750; x_wconf 91' lang='lat' dir='ltr'><strong><em>eum,</em></strong></span> <span class='ocrx_word' id='word_1_272' title='bbox 1548 3674 1800 3757; x_wconf 90' lang='lat' dir='ltr'><strong><em>quoties</em></strong></span> <span class='ocrx_word' id='word_1_273' title='bbox 1852 3674 1931 3738; x_wconf 90' lang='lat' dir='ltr'><strong><em>de</em></strong></span> <span class='ocrx_word' id='word_1_274' title='bbox 1975 3669 2246 3738; x_wconf 69' lang='lat' dir='ltr'><strong><em>con‘ciho</em></strong></span> <span class='ocrx_word' id='word_1_275' title='bbox 2288 3671 2386 3735; x_wconf 90' lang='grc'><strong><em>10-</em></strong></span> 
     </span>
     <span class='ocr_line' id='line_1_39' title="bbox 438 3758 2386 3843; baseline -0.001 -21"><span class='ocrx_word' id='word_1_276' title='bbox 438 3766 707 3841; x_wconf 84' lang='lat' dir='ltr'><strong><em>quatur,</em></strong></span> <span class='ocrx_word' id='word_1_277' title='bbox 765 3758 983 3822; x_wconf 77' lang='lat' dir='ltr'><strong><em>fucum</em></strong></span> <span class='ocrx_word' id='word_1_278' title='bbox 1041 3780 1158 3842; x_wconf 91' lang='lat' dir='ltr'><strong><em>pro</em></strong></span> <span class='ocrx_word' id='word_1_279' title='bbox 1212 3780 1392 3823; x_wconf 87' lang='lat' dir='ltr'><strong><em>more</em></strong></span> <span class='ocrx_word' id='word_1_280' title='bbox 1442 3761 1652 3824; x_wconf 85' lang='lat' dir='ltr'><strong><em>facere</em></strong></span> <span class='ocrx_word' id='word_1_281' title='bbox 1708 3768 1784 3823; x_wconf 89' lang='lat' dir='ltr'><strong><em>ut</em></strong></span> <span class='ocrx_word' id='word_1_282' title='bbox 1829 3759 2146 3843; x_wconf 83' lang='lat' dir='ltr'><strong><em>effugium</em></strong></span> <span class='ocrx_word' id='word_1_283' title='bbox 2200 3758 2386 3824; x_wconf 84' lang='lat' dir='ltr'><strong><em>inve·</em></strong></span> 
     </span>
     <span class='ocr_line' id='line_1_40' title="bbox 402 3843 2387 3929; baseline -0.001 -22"><span class='ocrx_word' id='word_1_284' title='bbox 402 3907 417 3920; x_wconf 82' lang='grc'><strong>,</strong></span> <span class='ocrx_word' id='word_1_285' title='bbox 440 3843 624 3907; x_wconf 83' lang='lat' dir='ltr'><strong><em>niat?</em></strong></span> <span class='ocrx_word' id='word_1_286' title='bbox 653 3850 719 3906; x_wconf 90' lang='lat' dir='ltr'><strong><em>et</em></strong></span> <span class='ocrx_word' id='word_1_287' title='bbox 757 3844 1019 3907; x_wconf 87' lang='lat' dir='ltr'><strong><em>omnino</em></strong></span> <span class='ocrx_word' id='word_1_288' title='bbox 1064 3843 1330 3922; x_wconf 75' lang='lat' dir='ltr'><strong><em>fallitur,</em></strong></span> <span class='ocrx_word' id='word_1_289' title='bbox 1377 3845 1487 3928; x_wconf 89' lang='lat' dir='ltr'><strong><em>qui</em></strong></span> <span class='ocrx_word' id='word_1_290' title='bbox 1532 3845 1611 3910; x_wconf 86' lang='lat' dir='ltr'><strong><em>ab</em></strong></span> <span class='ocrx_word' id='word_1_291' title='bbox 1655 3845 1796 3929; x_wconf 88' lang='lat' dir='ltr'><strong><em>ipso</em></strong></span> <span class='ocrx_word' id='word_1_292' title='bbox 1832 3852 2163 3929; x_wconf 81' lang='lat' dir='ltr'><strong><em>exspectat</em></strong></span> <span class='ocrx_word' id='word_1_293' title='bbox 2204 3843 2387 3926; x_wconf 88' lang='lat' dir='ltr'><strong><em>pium</em></strong></span> 
     </span>
     <span class='ocr_line' id='line_1_41' title="bbox 438 3928 2386 4014; baseline -0.002 -19"><span class='ocrx_word' id='word_1_294' title='bbox 438 3928 806 4006; x_wconf 85' lang='lat' dir='ltr'><strong><em>concilium,</em></strong></span> <span class='ocrx_word' id='word_1_295' title='bbox 851 3928 1165 4012; x_wconf 89' lang='lat' dir='ltr'><strong><em>quamdiu</em></strong></span> <span class='ocrx_word' id='word_1_296' title='bbox 1208 3933 1279 3995; x_wconf 89' lang='lat' dir='ltr'><strong><em>in</em></strong></span> <span class='ocrx_word' id='word_1_297' title='bbox 1320 3930 1587 4014; x_wconf 90' lang='lat' dir='ltr'><strong><em>antiqua</em></strong></span> <span class='ocrx_word' id='word_1_298' title='bbox 1622 3952 1740 3996; x_wconf 90' lang='lat' dir='ltr'><strong><em>sua</em></strong></span> <span class='ocrx_word' id='word_1_299' title='bbox 1783 3930 2125 4013; x_wconf 85' lang='lat' dir='ltr'><strong><em>disciplina</em></strong></span> <span class='ocrx_word' id='word_1_300' title='bbox 2166 3950 2386 4013; x_wconf 89' lang='lat' dir='ltr'><strong><em>perse-</em></strong></span> 
     </span>
     <span class='ocr_line' id='line_1_42' title="bbox 435 4014 2385 4100; baseline -0.001 -21"><span class='ocrx_word' id='word_1_301' title='bbox 435 4020 649 4080; x_wconf 86' lang='lat' dir='ltr'><strong><em>verat.</em></strong></span> <span class='ocrx_word' id='word_1_302' title='bbox 724 4015 905 4098; x_wconf 89' lang='lat' dir='ltr'><strong><em>Ergo</em></strong></span> <span class='ocrx_word' id='word_1_303' title='bbox 945 4015 1013 4079; x_wconf 91' lang='lat' dir='ltr'><strong><em>in</em></strong></span> <span class='ocrx_word' id='word_1_304' title='bbox 1058 4034 1130 4079; x_wconf 91' lang='lat' dir='ltr'><strong><em>re</em></strong></span> <span class='ocrx_word' id='word_1_305' title='bbox 1177 4015 1534 4100; x_wconf 83' lang='lat' dir='ltr'><strong><em>desperata,</em></strong></span> <span class='ocrx_word' id='word_1_306' title='bbox 1580 4016 1651 4080; x_wconf 90' lang='lat' dir='ltr'><strong><em>in</em></strong></span> <span class='ocrx_word' id='word_1_307' title='bbox 1694 4026 1833 4081; x_wconf 89' lang='lat' dir='ltr'><strong><em>tam</em></strong></span> <span class='ocrx_word' id='word_1_308' title='bbox 1877 4037 2118 4100; x_wconf 87' lang='lat' dir='ltr'><strong><em>magna</em></strong></span> <span class='ocrx_word' id='word_1_309' title='bbox 2160 4014 2385 4098; x_wconf 83' lang='lat' dir='ltr'><strong><em>populi</em></strong></span> 
     </span>
     <span class='ocr_line' id='line_1_43' title="bbox 437 4099 2383 4185; baseline -0.001 -19"><span class='ocrx_word' id='word_1_310' title='bbox 437 4101 571 4166; x_wconf 89' lang='lat' dir='ltr'><strong><em>Dei</em></strong></span> <span class='ocrx_word' id='word_1_311' title='bbox 636 4099 1114 4178; x_wconf 88' lang='lat' dir='ltr'><strong><em>ludificatione,</em></strong></span> <span class='ocrx_word' id='word_1_312' title='bbox 1183 4100 1338 4185; x_wconf 90' lang='lat' dir='ltr'><strong><em>quid</em></strong></span> <span class='ocrx_word' id='word_1_313' title='bbox 1407 4101 1588 4167; x_wconf 90' lang='lat' dir='ltr'><strong><em>aliud</em></strong></span> <span class='ocrx_word' id='word_1_314' title='bbox 1651 4101 2003 4167; x_wconf 87' lang='lat' dir='ltr'><strong><em>Germanis</em></strong></span> <span class='ocrx_word' id='word_1_315' title='bbox 2069 4107 2383 4185; x_wconf 87' lang='lat' dir='ltr'><strong><em>superest,</em></strong></span> 
     </span>
     <span class='ocr_line' id='line_1_44' title="bbox 437 4185 2387 4269; baseline -0.001 -19"><span class='ocrx_word' id='word_1_316' title='bbox 437 4204 635 4269; x_wconf 89' lang='lat' dir='ltr'><strong><em>quam</em></strong></span> <span class='ocrx_word' id='word_1_317' title='bbox 678 4192 752 4249; x_wconf 90' lang='lat' dir='ltr'><strong><em>ut</em></strong></span> <span class='ocrx_word' id='word_1_318' title='bbox 796 4185 919 4268; x_wconf 90' lang='lat' dir='ltr'><strong><em>ipsi</em></strong></span> <span class='ocrx_word' id='word_1_319' title='bbox 954 4185 1217 4251; x_wconf 85' lang='lat' dir='ltr'><strong><em>tandem</em></strong></span> <span class='ocrx_word' id='word_1_320' title='bbox 1261 4187 1332 4250; x_wconf 91' lang='lat' dir='ltr'><strong><em>in</em></strong></span> <span class='ocrx_word' id='word_1_321' title='bbox 1375 4187 1666 4251; x_wconf 91' lang='lat' dir='ltr'><strong><em>Domino</em></strong></span> <span class='ocrx_word' id='word_1_322' title='bbox 1708 4187 2116 4263; x_wconf 87' lang='lat' dir='ltr'><strong><em>conveniant,</em></strong></span> <span class='ocrx_word' id='word_1_323' title='bbox 2160 4186 2240 4250; x_wconf 90' lang='lat' dir='ltr'><strong><em>de</em></strong></span> <span class='ocrx_word' id='word_1_324' title='bbox 2283 4206 2387 4250; x_wconf 89' lang='lat' dir='ltr'><strong><em>re-</em></strong></span> 
     </span>
     <span class='ocr_line' id='line_1_45' title="bbox 439 4269 2388 4356; baseline -0.002 -18"><span class='ocrx_word' id='word_1_325' title='bbox 439 4269 801 4347; x_wconf 84' lang='lat' dir='ltr'><strong><em>stituenda,</em></strong></span> <span class='ocrx_word' id='word_1_326' title='bbox 848 4292 1045 4354; x_wconf 86' lang='lat' dir='ltr'><strong><em>quam</em></strong></span> <span class='ocrx_word' id='word_1_327' title='bbox 1080 4279 1473 4356; x_wconf 87' lang='lat' dir='ltr'><strong><em>prostratam</em></strong></span> <span class='ocrx_word' id='word_1_328' title='bbox 1517 4274 1728 4338; x_wconf 90' lang='lat' dir='ltr'><strong><em>iacere</em></strong></span> <span class='ocrx_word' id='word_1_329' title='bbox 1772 4271 2026 4350; x_wconf 90' lang='lat' dir='ltr'><strong><em>vident,</em></strong></span> <span class='ocrx_word' id='word_1_330' title='bbox 2073 4271 2388 4355; x_wconf 86' lang='lat' dir='ltr'><strong><em>religione</em></strong></span> 
     </span>
     <span class='ocr_line' id='line_1_46' title="bbox 437 4356 2386 4441; baseline -0.001 -19"><span class='ocrx_word' id='word_1_331' title='bbox 437 4358 618 4441; x_wconf 86' lang='lat' dir='ltr'><strong><em>piam</em></strong></span> <span class='ocrx_word' id='word_1_332' title='bbox 662 4356 950 4421; x_wconf 88' lang='lat' dir='ltr'><strong><em>habeant</em></strong></span> <span class='ocrx_word' id='word_1_333' title='bbox 991 4356 1584 4424; x_wconf 86' lang='lat' dir='ltr'><strong><em>consultationem?</em></strong></span> <span class='ocrx_word' id='word_1_334' title='bbox 1647 4359 1741 4423; x_wconf 86' lang='lat' dir='ltr'><strong><em>Et</em></strong></span> <span class='ocrx_word' id='word_1_335' title='bbox 1774 4381 1894 4424; x_wconf 88' lang='lat' dir='ltr'><strong><em>sua</em></strong></span> <span class='ocrx_word' id='word_1_336' title='bbox 1928 4357 2189 4441; x_wconf 88' lang='lat' dir='ltr'><strong><em>quidem</em></strong></span> <span class='ocrx_word' id='word_1_337' title='bbox 2234 4378 2386 4423; x_wconf 89' lang='lat' dir='ltr'><strong><em>con-</em></strong></span> 
     </span>
     <span class='ocr_line' id='line_1_47' title="bbox 437 4441 2386 4526; baseline -0.002 -18"><span class='ocrx_word' id='word_1_338' title='bbox 437 4442 614 4508; x_wconf 88' lang='lat' dir='ltr'><strong><em>sulta</em></strong></span> <span class='ocrx_word' id='word_1_339' title='bbox 658 4441 923 4525; x_wconf 86' lang='lat' dir='ltr'><strong><em>reliquis</em></strong></span> <span class='ocrx_word' id='word_1_340' title='bbox 968 4445 1339 4511; x_wconf 85' lang='lat' dir='ltr'><strong><em>nationibus</em></strong></span> <span class='ocrx_word' id='word_1_341' title='bbox 1378 4443 1727 4509; x_wconf 87' lang='lat' dir='ltr'><strong><em>iudicanda</em></strong></span> <span class='ocrx_word' id='word_1_342' title='bbox 1771 4445 2078 4519; x_wconf 89' lang='lat' dir='ltr'><strong><em>offerant,</em></strong></span> <span class='ocrx_word' id='word_1_343' title='bbox 2124 4443 2251 4526; x_wconf 91' lang='lat' dir='ltr'><strong><em>ipsi</em></strong></span> <span class='ocrx_word' id='word_1_344' title='bbox 2288 4454 2386 4505; x_wconf 88' lang='lat' dir='ltr'><strong><em>ta-</em></strong></span> 
     </span>
     <span class='ocr_line' id='line_1_48' title="bbox 434 4528 2386 4613; baseline -0.001 -20"><span class='ocrx_word' id='word_1_345' title='bbox 434 4548 592 4593; x_wconf 87' lang='lat' dir='ltr'><strong><em>men</em></strong></span> <span class='ocrx_word' id='word_1_346' title='bbox 655 4528 918 4592; x_wconf 90' lang='lat' dir='ltr'><strong><em>interim</em></strong></span> <span class='ocrx_word' id='word_1_347' title='bbox 937 4580 953 4605; x_wconf 88' lang='lat'><strong><em>,</em></strong></span> <span class='ocrx_word' id='word_1_348' title='bbox 1032 4538 1099 4594; x_wconf 89' lang='lat' dir='ltr'><strong><em>et</em></strong></span> <span class='ocrx_word' id='word_1_349' title='bbox 1174 4551 1337 4613; x_wconf 88' lang='lat' dir='ltr'><strong><em>quae</em></strong></span> <span class='ocrx_word' id='word_1_350' title='bbox 1402 4538 1579 4597; x_wconf 90' lang='lat' dir='ltr'><strong><em>certo</em></strong></span> <span class='ocrx_word' id='word_1_351' title='bbox 1642 4537 1991 4612; x_wconf 83' lang='lat' dir='ltr'><strong><em>praecepta</em></strong></span> <span class='ocrx_word' id='word_1_352' title='bbox 2054 4535 2214 4594; x_wconf 88' lang='lat' dir='ltr'><strong><em>sunt</em></strong></span> <span class='ocrx_word' id='word_1_353' title='bbox 2275 4549 2386 4594; x_wconf 90' lang='lat' dir='ltr'><strong><em>ore</em></strong></span> 
     </span>
     <span class='ocr_line' id='line_1_49' title="bbox 436 4613 2386 4700; baseline -0.001 -20"><span class='ocrx_word' id='word_1_354' title='bbox 436 4613 691 4680; x_wconf 87' lang='lat' dir='ltr'><strong><em>Christi</em></strong></span> <span class='ocrx_word' id='word_1_355' title='bbox 733 4613 1229 4696; x_wconf 83' lang='lat' dir='ltr'><strong><em>amplectantur,</em></strong></span> <span class='ocrx_word' id='word_1_356' title='bbox 1276 4626 1343 4680; x_wconf 87' lang='lat' dir='ltr'><strong><em>et</em></strong></span> <span class='ocrx_word' id='word_1_357' title='bbox 1384 4637 1548 4700; x_wconf 88' lang='lat' dir='ltr'><strong><em>quae</em></strong></span> <span class='ocrx_word' id='word_1_358' title='bbox 1590 4615 1807 4699; x_wconf 86' lang='lat' dir='ltr'><strong><em>palam</em></strong></span> <span class='ocrx_word' id='word_1_359' title='bbox 1843 4622 2000 4680; x_wconf 90' lang='lat' dir='ltr'><strong><em>sunt</em></strong></span> <span class='ocrx_word' id='word_1_360' title='bbox 2039 4613 2386 4697; x_wconf 83' lang='lat' dir='ltr'><strong><em>prohibita,</em></strong></span> 
     </span>
     <span class='ocr_line' id='line_1_50' title="bbox 436 4698 2387 4783; baseline -0.001 -18"><span class='ocrx_word' id='word_1_361' title='bbox 436 4700 799 4782; x_wconf 82' lang='lat' dir='ltr'><strong><em>corrigant,</em></strong></span> <span class='ocrx_word' id='word_1_362' title='bbox 867 4698 1231 4783; x_wconf 87' lang='lat' dir='ltr'><strong><em>tollantque</em></strong></span> <span class='ocrx_word' id='word_1_363' title='bbox 1291 4703 1371 4767; x_wconf 89' lang='lat' dir='ltr'><strong><em>de</em></strong></span> <span class='ocrx_word' id='word_1_364' title='bbox 1425 4699 1677 4767; x_wconf 86' lang='lat' dir='ltr'><strong><em>medio?</em></strong></span> <span class='ocrx_word' id='word_1_365' title='bbox 1777 4699 1942 4765; x_wconf 91' lang='lat' dir='ltr'><strong><em>Inde</em></strong></span> <span class='ocrx_word' id='word_1_366' title='bbox 1999 4699 2155 4781; x_wconf 90' lang='lat' dir='ltr'><strong><em>quid</em></strong></span> <span class='ocrx_word' id='word_1_367' title='bbox 2211 4698 2387 4783; x_wconf 90' lang='lat' dir='ltr'><strong><em>apud</em></strong></span> 
     </span>
    </p>
   </div>
   <div class='ocr_carea' id='block_1_4' title="bbox 1913 317 2933 387">
    <p class='ocr_par' dir='ltr' id='par_1_4' title="bbox 1913 317 2933 387">
     <span class='ocr_line' id='line_1_51' title="bbox 1913 317 2933 387; baseline -0.006 0"><span class='ocrx_word' id='word_1_368' title='bbox 1913 318 2432 387; x_wconf 80' lang='lat' dir='ltr'>CONSILIUM</span> <span class='ocrx_word' id='word_1_369' title='bbox 2473 319 2765 385; x_wconf 85' lang='lat' dir='ltr'>PAULI</span> <span class='ocrx_word' id='word_1_370' title='bbox 2806 317 2933 382; x_wconf 91' lang='lat' dir='ltr'><strong><em>III.</em></strong></span> 
     </span>
    </p>
   </div>
   <div class='ocr_carea' id='block_1_5' title="bbox 2434 506 2442 4779">
    <p class='ocr_par' dir='ltr' id='par_1_5' title="bbox 2434 506 2442 4779">
     <span class='ocr_line' id='line_1_52' title="bbox 2434 506 2442 4779; baseline 0 0"><span class='ocrx_word' id='word_1_371' title='bbox 2434 506 2442 4779; x_wconf 95' lang='lat' dir='ltr'><strong><em> </em></strong></span> 
     </span>
    </p>
   </div>
   <div class='ocr_carea' id='block_1_6' title="bbox 4310 321 4438 381">
    <p class='ocr_par' dir='ltr' id='par_1_6' title="bbox 4310 321 4438 381">
     <span class='ocr_line' id='line_1_53' title="bbox 4310 321 4438 381; baseline 0.008 -1"><span class='ocrx_word' id='word_1_372' title='bbox 4310 321 4438 381; x_wconf 72' lang='lat'><strong><em>490</em></strong></span> 
     </span>
    </p>
   </div>
   <div class='ocr_carea' id='block_1_7' title="bbox 2485 503 4442 2384">
    <p class='ocr_par' dir='ltr' id='par_1_7' title="bbox 2485 503 4442 2384">
     <span class='ocr_line' id='line_1_54' title="bbox 2486 503 4436 588; baseline -0.001 -17"><span class='ocrx_word' id='word_1_373' title='bbox 2486 508 2581 571; x_wconf 89' lang='lat' dir='ltr'><strong><em>Et</em></strong></span> <span class='ocrx_word' id='word_1_374' title='bbox 2625 506 2877 571; x_wconf 78' lang='lat' dir='ltr'><strong><em>merito,</em></strong></span> <span class='ocrx_word' id='word_1_375' title='bbox 2982 503 3058 570; x_wconf 76' lang='lat' dir='ltr'><strong><em>Si</em></strong></span> <span class='ocrx_word' id='word_1_376' title='bbox 3114 506 3258 588; x_wconf 90' lang='lat' dir='ltr'><strong><em>quis</em></strong></span> <span class='ocrx_word' id='word_1_377' title='bbox 3313 504 3487 568; x_wconf 91' lang='lat' dir='ltr'><strong><em>enim</em></strong></span> <span class='ocrx_word' id='word_1_378' title='bbox 3545 503 3678 568; x_wconf 88' lang='lat' dir='ltr'><strong><em>illis</em></strong></span> <span class='ocrx_word' id='word_1_379' title='bbox 3715 504 4083 586; x_wconf 68' lang='lat' dir='ltr'><strong><em>⁴approbare</em></strong></span> <span class='ocrx_word' id='word_1_380' title='bbox 4141 525 4211 568; x_wconf 90' lang='lat' dir='ltr'><strong><em>se</em></strong></span> <span class='ocrx_word' id='word_1_381' title='bbox 4254 503 4436 585; x_wconf 73' lang='lat' dir='ltr'><strong><em>velit,</em></strong></span> 
     </span>
     <span class='ocr_line' id='line_1_55' title="bbox 2485 588 4439 671; baseline -0.002 -14"><span class='ocrx_word' id='word_1_382' title='bbox 2485 593 2544 657; x_wconf 90' lang='grc'><strong><em>16</em></strong></span> <span class='ocrx_word' id='word_1_383' title='bbox 2580 591 2829 657; x_wconf 81' lang='lat' dir='ltr'><strong><em>Christi</em></strong></span> <span class='ocrx_word' id='word_1_384' title='bbox 2875 611 3105 657; x_wconf 89' lang='lat' dir='ltr'><strong><em>servus</em></strong></span> <span class='ocrx_word' id='word_1_385' title='bbox 3146 611 3288 655; x_wconf 90' lang='lat' dir='ltr'><strong><em>esse</em></strong></span> <span class='ocrx_word' id='word_1_386' title='bbox 3332 610 3466 655; x_wconf 86' lang='lat' dir='ltr'><strong><em>non</em></strong></span> <span class='ocrx_word' id='word_1_387' title='bbox 3498 596 3728 671; x_wconf 89' lang='lat' dir='ltr'><strong><em>potest.</em></strong></span> <span class='ocrx_word' id='word_1_388' title='bbox 3819 589 3881 653; x_wconf 93' lang='lat' dir='ltr'>N</span> <span class='ocrx_word' id='word_1_389' title='bbox 3884 610 3956 654; x_wconf 94' lang='lat' dir='ltr'><strong><em>ec</em></strong></span> <span class='ocrx_word' id='word_1_390' title='bbox 3997 609 4153 653; x_wconf 90' lang='lat' dir='ltr'><strong><em>vero</em></strong></span> <span class='ocrx_word' id='word_1_391' title='bbox 4197 588 4439 655; x_wconf 86' lang='lat' dir='ltr'><strong><em>durum</em></strong></span> 
     </span>
     <span class='ocr_line' id='line_1_56' title="bbox 2487 673 4439 758; baseline -0.001 -16"><span class='ocrx_word' id='word_1_392' title='bbox 2487 678 2812 754; x_wconf 87' lang='lat' dir='ltr'><strong><em>videatur,</em></strong></span> <span class='ocrx_word' id='word_1_393' title='bbox 2860 698 2969 741; x_wconf 91' lang='lat' dir='ltr'><strong><em>eos</em></strong></span> <span class='ocrx_word' id='word_1_394' title='bbox 3016 682 3461 752; x_wconf 84' lang='lat' dir='ltr'><strong><em>contemnere,</em></strong></span> <span class='ocrx_word' id='word_1_395' title='bbox 3523 674 3602 739; x_wconf 89' lang='lat' dir='ltr'><strong><em>de</em></strong></span> <span class='ocrx_word' id='word_1_396' title='bbox 3647 674 3881 758; x_wconf 89' lang='lat' dir='ltr'><strong><em>quibus</em></strong></span> <span class='ocrx_word' id='word_1_397' title='bbox 3925 673 4075 738; x_wconf 88' lang='lat' dir='ltr'><strong><em>alibi</em></strong></span> <span class='ocrx_word' id='word_1_398' title='bbox 4123 676 4439 758; x_wconf 88' lang='lat' dir='ltr'><strong><em>scriptum</em></strong></span> 
     </span>
     <span class='ocr_line' id='line_1_57' title="bbox 2489 759 4440 844; baseline -0.002 -16"><span class='ocrx_word' id='word_1_399' title='bbox 2489 771 2614 828; x_wconf 89' lang='lat' dir='ltr'><strong><em>est:</em></strong></span> <span class='ocrx_word' id='word_1_400' title='bbox 2676 761 2912 828; x_wconf 89' lang='lat' dir='ltr'><strong><em>Omnis</em></strong></span> <span class='ocrx_word' id='word_1_401' title='bbox 2966 761 3283 844; x_wconf 88' lang='lat' dir='ltr'><strong><em>plantatio</em></strong></span> <span class='ocrx_word' id='word_1_402' title='bbox 3341 781 3381 824; x_wconf 91' lang='lat' dir='ltr'><strong><em>a</em></strong></span> <span class='ocrx_word' id='word_1_403' title='bbox 3433 768 3617 843; x_wconf 88' lang='lat' dir='ltr'><strong><em>patre</em></strong></span> <span class='ocrx_word' id='word_1_404' title='bbox 3662 760 3922 825; x_wconf 89' lang='lat' dir='ltr'><strong><em>coelesti</em></strong></span> <span class='ocrx_word' id='word_1_405' title='bbox 3966 779 4101 823; x_wconf 91' lang='lat' dir='ltr'><strong><em>non</em></strong></span> <span class='ocrx_word' id='word_1_406' title='bbox 4142 759 4440 842; x_wconf 83' lang='lat' dir='ltr'><strong><em>plantata</em></strong></span> 
     </span>
     <span class='ocr_line' id='line_1_58' title="bbox 2489 845 4441 914; baseline -0.002 -1"><span class='ocrx_word' id='word_1_407' title='bbox 2489 848 2943 914; x_wconf 87' lang='lat' dir='ltr'><strong><em>eradicabitur.</em></strong></span> <span class='ocrx_word' id='word_1_408' title='bbox 3035 845 3143 912; x_wconf 89' lang='lat' dir='ltr'><strong><em>Ad</em></strong></span> <span class='ocrx_word' id='word_1_409' title='bbox 3180 846 3344 912; x_wconf 87' lang='lat' dir='ltr'><strong><em>haec</em></strong></span> <span class='ocrx_word' id='word_1_410' title='bbox 3386 846 3842 910; x_wconf 86' lang='lat' dir='ltr'><strong><em>reformatione</em></strong></span> <span class='ocrx_word' id='word_1_411' title='bbox 3876 845 4292 911; x_wconf 88' lang='lat' dir='ltr'><strong><em>ecclesiarum</em></strong></span> <span class='ocrx_word' id='word_1_412' title='bbox 4339 868 4441 912; x_wconf 88' lang='lat' dir='ltr'><strong><em>se-</em></strong></span> 
     </span>
     <span class='ocr_line' id='line_1_59' title="bbox 2487 931 4440 1011; baseline -0.002 -12"><span class='ocrx_word' id='word_1_413' title='bbox 2487 934 2775 1000; x_wconf 88' lang='lat' dir='ltr'><strong><em>cundum</em></strong></span> <span class='ocrx_word' id='word_1_414' title='bbox 2831 932 2962 997; x_wconf 89' lang='lat' dir='ltr'><strong><em>Dei</em></strong></span> <span class='ocrx_word' id='word_1_415' title='bbox 3015 933 3290 999; x_wconf 87' lang='lat' dir='ltr'><strong><em>verbum</em></strong></span> <span class='ocrx_word' id='word_1_416' title='bbox 3349 932 3649 996; x_wconf 89' lang='lat' dir='ltr'><strong><em>instituta</em></strong></span> <span class='ocrx_word' id='word_1_417' title='bbox 3666 982 3682 1011; x_wconf 93' lang='lat'><strong><em>,</em></strong></span> <span class='ocrx_word' id='word_1_418' title='bbox 3736 931 3935 996; x_wconf 90' lang='lat' dir='ltr'><strong><em>etiam</em></strong></span> <span class='ocrx_word' id='word_1_419' title='bbox 3999 931 4055 996; x_wconf 89' lang='lat' dir='ltr'><strong><em>si</em></strong></span> <span class='ocrx_word' id='word_1_420' title='bbox 4097 953 4230 996; x_wconf 92' lang='lat' dir='ltr'><strong><em>non</em></strong></span> <span class='ocrx_word' id='word_1_421' title='bbox 4273 932 4440 997; x_wconf 87' lang='lat' dir='ltr'><strong><em>obti-</em></strong></span> 
     </span>
     <span class='ocr_line' id='line_1_60' title="bbox 2486 1016 4442 1097; baseline -0.002 -13"><span class='ocrx_word' id='word_1_422' title='bbox 2486 1027 2691 1084; x_wconf 86' lang='lat' dir='ltr'><strong><em>neant</em></strong></span> <span class='ocrx_word' id='word_1_423' title='bbox 2757 1019 3108 1097; x_wconf 83' lang='lat' dir='ltr'><strong><em>Germani,</em></strong></span> <span class='ocrx_word' id='word_1_424' title='bbox 3177 1025 3254 1082; x_wconf 89' lang='lat' dir='ltr'><strong><em>ut</em></strong></span> <span class='ocrx_word' id='word_1_425' title='bbox 3319 1017 3400 1083; x_wconf 91' lang='lat' dir='ltr'><strong><em>ab</em></strong></span> <span class='ocrx_word' id='word_1_426' title='bbox 3463 1016 3609 1081; x_wconf 89' lang='lat' dir='ltr'><strong><em>aliis</em></strong></span> <span class='ocrx_word' id='word_1_427' title='bbox 3677 1016 4054 1082; x_wconf 87' lang='lat' dir='ltr'><strong><em>nationibus</em></strong></span> <span class='ocrx_word' id='word_1_428' title='bbox 4109 1017 4442 1082; x_wconf 88' lang='lat' dir='ltr'><strong><em>communi</em></strong></span> 
     </span>
     <span class='ocr_line' id='line_1_61' title="bbox 2488 1101 4442 1187; baseline -0.002 -17"><span class='ocrx_word' id='word_1_429' title='bbox 2488 1125 2809 1170; x_wconf 88' lang='lat' dir='ltr'><strong><em>consensu</em></strong></span> <span class='ocrx_word' id='word_1_430' title='bbox 2852 1104 3358 1187; x_wconf 70' lang='lat' dir='ltr'><strong><em>quamprimum,</em></strong></span> <span class='ocrx_word' id='word_1_431' title='bbox 3383 1103 3752 1186; x_wconf 87' lang='lat' dir='ltr'><strong><em>recipiatur,</em></strong></span> <span class='ocrx_word' id='word_1_432' title='bbox 3798 1101 4171 1185; x_wconf 90' lang='lat' dir='ltr'><strong><em>exemplum</em></strong></span> <span class='ocrx_word' id='word_1_433' title='bbox 4215 1109 4442 1168; x_wconf 89' lang='lat' dir='ltr'><strong><em>tamen</em></strong></span> 
     </span>
     <span class='ocr_line' id='line_1_62' title="bbox 2486 1187 4439 1273; baseline -0.002 -19"><span class='ocrx_word' id='word_1_434' title='bbox 2486 1191 2899 1273; x_wconf 88' lang='lat' dir='ltr'><strong><em>praeclarum</em></strong></span> <span class='ocrx_word' id='word_1_435' title='bbox 2945 1189 3140 1255; x_wconf 88' lang='lat' dir='ltr'><strong><em>edent</em></strong></span> <span class='ocrx_word' id='word_1_436' title='bbox 3182 1190 3493 1254; x_wconf 84' lang='lat' dir='ltr'><strong><em>universo</em></strong></span> <span class='ocrx_word' id='word_1_437' title='bbox 3531 1188 3781 1253; x_wconf 91' lang='lat' dir='ltr'><strong><em>nomini</em></strong></span> <span class='ocrx_word' id='word_1_438' title='bbox 3840 1187 4199 1253; x_wconf 89' lang='lat' dir='ltr'><strong><em>christiano</em></strong></span> <span class='ocrx_word' id='word_1_439' title='bbox 4255 1208 4439 1253; x_wconf 90' lang='lat' dir='ltr'><strong><em>cum-</em></strong></span> 
     </span>
     <span class='ocr_line' id='line_1_63' title="bbox 2486 1273 4437 1360; baseline -0.002 -19"><span class='ocrx_word' id='word_1_440' title='bbox 2486 1277 2719 1360; x_wconf 86' lang='lat' dir='ltr'><strong><em>primis</em></strong></span> <span class='ocrx_word' id='word_1_441' title='bbox 2787 1276 3104 1353; x_wconf 86' lang='lat' dir='ltr'><strong><em>salutare,</em></strong></span> <span class='ocrx_word' id='word_1_442' title='bbox 3183 1274 3305 1340; x_wconf 93' lang='lat' dir='ltr'><strong><em>hoc</em></strong></span> <span class='ocrx_word' id='word_1_443' title='bbox 3379 1281 3556 1339; x_wconf 87' lang='lat' dir='ltr'><strong><em>certe</em></strong></span> <span class='ocrx_word' id='word_1_444' title='bbox 3621 1283 3912 1357; x_wconf 88' lang='lat' dir='ltr'><strong><em>tempore</em></strong></span> <span class='ocrx_word' id='word_1_445' title='bbox 3975 1273 4437 1352; x_wconf 87' lang='lat' dir='ltr'><strong><em>necessarium,</em></strong></span> 
     </span>
     <span class='ocr_line' id='line_1_64' title="bbox 2488 1357 4437 1441; baseline -0.001 -15"><span class='ocrx_word' id='word_1_446' title='bbox 2488 1362 2686 1427; x_wconf 92' lang='lat' dir='ltr'><strong><em>nullis</em></strong></span> <span class='ocrx_word' id='word_1_447' title='bbox 2716 1383 2870 1426; x_wconf 86' lang='lat' dir='ltr'><strong><em>vero</em></strong></span> <span class='ocrx_word' id='word_1_448' title='bbox 2898 1366 3015 1441; x_wconf 83' lang='lat' dir='ltr'><strong><em>[fol.</em></strong></span> <span class='ocrx_word' id='word_1_449' title='bbox 3060 1365 3167 1441; x_wconf 82' lang='lat'><strong><em>30]</em></strong></span> <span class='ocrx_word' id='word_1_450' title='bbox 3206 1361 3333 1425; x_wconf 89' lang='lat' dir='ltr'><strong><em>nisi</em></strong></span> <span class='ocrx_word' id='word_1_451' title='bbox 3362 1358 3879 1425; x_wconf 78' lang='lat' dir='ltr'><strong><em>antichristianis</em></strong></span> <span class='ocrx_word' id='word_1_452' title='bbox 3916 1357 4198 1423; x_wconf 86' lang='lat' dir='ltr'><strong><em>exitiale.</em></strong></span> <span class='ocrx_word' id='word_1_453' title='bbox 4263 1358 4437 1424; x_wconf 85' lang='lat' dir='ltr'><strong><em>Nam</em></strong></span> 
     </span>
     <span class='ocr_line' id='line_1_65' title="bbox 2488 1444 4438 1531; baseline -0.001 -20"><span class='ocrx_word' id='word_1_454' title='bbox 2488 1445 2643 1531; x_wconf 90' lang='lat' dir='ltr'><strong><em>quid</em></strong></span> <span class='ocrx_word' id='word_1_455' title='bbox 2686 1448 2983 1516; x_wconf 83' lang='lat' dir='ltr'><strong><em>obiicitur</em></strong></span> <span class='ocrx_word' id='word_1_456' title='bbox 3033 1454 3468 1511; x_wconf 86' lang='lat' dir='ltr'><strong><em>monstrosam</em></strong></span> <span class='ocrx_word' id='word_1_457' title='bbox 3509 1446 3645 1509; x_wconf 89' lang='lat' dir='ltr'><strong><em>fore</em></strong></span> <span class='ocrx_word' id='word_1_458' title='bbox 3683 1463 3854 1524; x_wconf 90' lang='lat' dir='ltr'><strong><em>rem,</em></strong></span> <span class='ocrx_word' id='word_1_459' title='bbox 3901 1445 3957 1510; x_wconf 89' lang='lat' dir='ltr'><strong><em>si</em></strong></span> <span class='ocrx_word' id='word_1_460' title='bbox 4001 1444 4352 1526; x_wconf 89' lang='lat' dir='ltr'><strong><em>separatim</em></strong></span> <span class='ocrx_word' id='word_1_461' title='bbox 4397 1466 4438 1510; x_wconf 89' lang='lat' dir='ltr'><strong><em>a</em></strong></span> 
     </span>
     <span class='ocr_line' id='line_1_66' title="bbox 2487 1527 4438 1616; baseline 0 -20"><span class='ocrx_word' id='word_1_462' title='bbox 2487 1532 2757 1616; x_wconf 88' lang='lat' dir='ltr'><strong><em>reliquis</em></strong></span> <span class='ocrx_word' id='word_1_463' title='bbox 2801 1552 3040 1598; x_wconf 86' lang='lat' dir='ltr'><strong><em>novam</em></strong></span> <span class='ocrx_word' id='word_1_464' title='bbox 3075 1531 3384 1597; x_wconf 86' lang='lat' dir='ltr'><strong><em>ecclesiae</em></strong></span> <span class='ocrx_word' id='word_1_465' title='bbox 3425 1531 3702 1595; x_wconf 90' lang='lat' dir='ltr'><strong><em>formam</em></strong></span> <span class='ocrx_word' id='word_1_466' title='bbox 3740 1530 4112 1609; x_wconf 85' lang='lat' dir='ltr'><strong><em>instituant,</em></strong></span> <span class='ocrx_word' id='word_1_467' title='bbox 4153 1527 4222 1593; x_wconf 85' lang='lat' dir='ltr'><strong><em>id</em></strong></span> <span class='ocrx_word' id='word_1_468' title='bbox 4257 1529 4438 1596; x_wconf 83' lang='lat' dir='ltr'><strong><em>nullo</em></strong></span> 
     </span>
     <span class='ocr_line' id='line_1_67' title="bbox 2488 1615 4436 1703; baseline -0.002 -20"><span class='ocrx_word' id='word_1_469' title='bbox 2488 1619 2751 1703; x_wconf 83' lang='lat' dir='ltr'><strong><em>negotio</em></strong></span> <span class='ocrx_word' id='word_1_470' title='bbox 2804 1617 3138 1682; x_wconf 88' lang='lat' dir='ltr'><strong><em>refellitur.</em></strong></span> <span class='ocrx_word' id='word_1_471' title='bbox 3238 1617 3611 1681; x_wconf 87' lang='lat' dir='ltr'><strong><em>Monstrum</em></strong></span> <span class='ocrx_word' id='word_1_472' title='bbox 3665 1624 3764 1680; x_wconf 88' lang='lat' dir='ltr'><strong><em>est</em></strong></span> <span class='ocrx_word' id='word_1_473' title='bbox 3810 1615 3982 1698; x_wconf 90' lang='lat' dir='ltr'><strong><em>quod</em></strong></span> <span class='ocrx_word' id='word_1_474' title='bbox 4038 1624 4264 1681; x_wconf 86' lang='lat' dir='ltr'><strong><em>contra</em></strong></span> <span class='ocrx_word' id='word_1_475' title='bbox 4319 1635 4436 1680; x_wconf 90' lang='lat' dir='ltr'><strong><em>na-</em></strong></span> 
     </span>
     <span class='ocr_line' id='line_1_68' title="bbox 2489 1700 4438 1787; baseline -0.003 -18"><span class='ocrx_word' id='word_1_476' title='bbox 2489 1716 2677 1769; x_wconf 90' lang='lat' dir='ltr'><strong><em>turae</em></strong></span> <span class='ocrx_word' id='word_1_477' title='bbox 2742 1703 2956 1787; x_wconf 90' lang='lat' dir='ltr'><strong><em>legem</em></strong></span> <span class='ocrx_word' id='word_1_478' title='bbox 3018 1702 3252 1768; x_wconf 85' lang='lat' dir='ltr'><strong><em>vitium</em></strong></span> <span class='ocrx_word' id='word_1_479' title='bbox 3317 1702 3663 1767; x_wconf 88' lang='lat' dir='ltr'><strong><em>suboritur.</em></strong></span> <span class='ocrx_word' id='word_1_480' title='bbox 3763 1700 3846 1766; x_wconf 94' lang='lat' dir='ltr'><strong><em>In</em></strong></span> <span class='ocrx_word' id='word_1_481' title='bbox 3899 1721 4167 1785; x_wconf 89' lang='lat' dir='ltr'><strong><em>corpore</em></strong></span> <span class='ocrx_word' id='word_1_482' title='bbox 4232 1701 4438 1785; x_wconf 90' lang='lat' dir='ltr'><strong><em>igitur</em></strong></span> 
     </span>
     <span class='ocr_line' id='line_1_69' title="bbox 2489 1784 4436 1872; baseline -0.002 -18"><span class='ocrx_word' id='word_1_483' title='bbox 2489 1790 2799 1868; x_wconf 88' lang='lat' dir='ltr'><strong><em>humano,</em></strong></span> <span class='ocrx_word' id='word_1_484' title='bbox 2854 1788 3025 1872; x_wconf 91' lang='lat' dir='ltr'><strong><em>quod</em></strong></span> <span class='ocrx_word' id='word_1_485' title='bbox 3067 1787 3379 1853; x_wconf 90' lang='lat' dir='ltr'><strong><em>membris</em></strong></span> <span class='ocrx_word' id='word_1_486' title='bbox 3424 1785 3723 1852; x_wconf 89' lang='lat' dir='ltr'><strong><em>omnibus</em></strong></span> <span class='ocrx_word' id='word_1_487' title='bbox 3765 1785 4022 1851; x_wconf 87' lang='lat' dir='ltr'><strong><em>foedum</em></strong></span> <span class='ocrx_word' id='word_1_488' title='bbox 4078 1787 4164 1851; x_wconf 88' lang='lat' dir='ltr'><strong><em>sit</em></strong></span> <span class='ocrx_word' id='word_1_489' title='bbox 4205 1805 4281 1850; x_wconf 89' lang='lat' dir='ltr'><strong><em>ac</em></strong></span> <span class='ocrx_word' id='word_1_490' title='bbox 4325 1784 4436 1851; x_wconf 89' lang='lat' dir='ltr'><strong><em>de-</em></strong></span> 
     </span>
     <span class='ocr_line' id='line_1_70' title="bbox 2488 1871 4435 1958; baseline -0.002 -18"><span class='ocrx_word' id='word_1_491' title='bbox 2488 1877 2724 1953; x_wconf 88' lang='lat' dir='ltr'><strong><em>forme,</em></strong></span> <span class='ocrx_word' id='word_1_492' title='bbox 2781 1875 2838 1939; x_wconf 91' lang='lat' dir='ltr'><strong><em>si</em></strong></span> <span class='ocrx_word' id='word_1_493' title='bbox 2881 1896 3035 1958; x_wconf 89' lang='lat' dir='ltr'><strong><em>pars</em></strong></span> <span class='ocrx_word' id='word_1_494' title='bbox 3078 1895 3212 1938; x_wconf 85' lang='lat' dir='ltr'><strong><em>una</em></strong></span> <span class='ocrx_word' id='word_1_495' title='bbox 3256 1872 3338 1938; x_wconf 87' lang='lat' dir='ltr'><strong><em>ad</em></strong></span> <span class='ocrx_word' id='word_1_496' title='bbox 3383 1880 3637 1936; x_wconf 89' lang='lat' dir='ltr'><strong><em>rectum</em></strong></span> <span class='ocrx_word' id='word_1_497' title='bbox 3680 1879 3954 1936; x_wconf 88' lang='lat' dir='ltr'><strong><em>naturae</em></strong></span> <span class='ocrx_word' id='word_1_498' title='bbox 3990 1871 4288 1936; x_wconf 90' lang='lat' dir='ltr'><strong><em>ordinem</em></strong></span> <span class='ocrx_word' id='word_1_499' title='bbox 4331 1893 4435 1937; x_wconf 91' lang='lat' dir='ltr'><strong><em>re-</em></strong></span> 
     </span>
     <span class='ocr_line' id='line_1_71' title="bbox 2490 1956 4437 2041; baseline -0.002 -15"><span class='ocrx_word' id='word_1_500' title='bbox 2490 1962 2721 2027; x_wconf 87' lang='lat' dir='ltr'><strong><em>stituta</em></strong></span> <span class='ocrx_word' id='word_1_501' title='bbox 2761 1961 2976 2040; x_wconf 85' lang='lat' dir='ltr'><strong><em>fuerit,</em></strong></span> <span class='ocrx_word' id='word_1_502' title='bbox 3024 1960 3094 2023; x_wconf 89' lang='lat' dir='ltr'><strong><em>in</em></strong></span> <span class='ocrx_word' id='word_1_503' title='bbox 3131 1981 3205 2024; x_wconf 91' lang='lat' dir='ltr'><strong><em>eo</em></strong></span> <span class='ocrx_word' id='word_1_504' title='bbox 3242 1958 3398 2041; x_wconf 91' lang='lat' dir='ltr'><strong><em>quid</em></strong></span> <span class='ocrx_word' id='word_1_505' title='bbox 3439 1959 3703 2024; x_wconf 82' lang='lat' dir='ltr'><strong><em>obsecro</em></strong></span> <span class='ocrx_word' id='word_1_506' title='bbox 3739 1957 3867 2022; x_wconf 88' lang='lat' dir='ltr'><strong><em>erit</em></strong></span> <span class='ocrx_word' id='word_1_507' title='bbox 3899 1956 4216 2023; x_wconf 77' lang='lat' dir='ltr'><strong><em>monstri?</em></strong></span> <span class='ocrx_word' id='word_1_508' title='bbox 4263 1957 4437 2022; x_wconf 85' lang='lat' dir='ltr'><strong><em>Nam</em></strong></span> 
     </span>
     <span class='ocr_line' id='line_1_72' title="bbox 2491 2043 4435 2127; baseline -0.002 -16"><span class='ocrx_word' id='word_1_509' title='bbox 2491 2048 2547 2111; x_wconf 88' lang='lat' dir='ltr'><strong><em>si</em></strong></span> <span class='ocrx_word' id='word_1_510' title='bbox 2592 2045 2903 2110; x_wconf 88' lang='lat' dir='ltr'><strong><em>membris</em></strong></span> <span class='ocrx_word' id='word_1_511' title='bbox 2947 2045 3248 2110; x_wconf 91' lang='lat' dir='ltr'><strong><em>omnibus</em></strong></span> <span class='ocrx_word' id='word_1_512' title='bbox 3295 2051 3448 2127; x_wconf 88' lang='lat' dir='ltr'><strong><em>apta</em></strong></span> <span class='ocrx_word' id='word_1_513' title='bbox 3491 2043 3955 2125; x_wconf 89' lang='lat' dir='ltr'><strong><em>compositione</em></strong></span> <span class='ocrx_word' id='word_1_514' title='bbox 3998 2044 4173 2108; x_wconf 90' lang='lat' dir='ltr'><strong><em>inter</em></strong></span> <span class='ocrx_word' id='word_1_515' title='bbox 4216 2064 4286 2107; x_wconf 91' lang='lat' dir='ltr'><strong><em>se</em></strong></span> <span class='ocrx_word' id='word_1_516' title='bbox 4329 2064 4435 2108; x_wconf 92' lang='grc'><strong><em>00-</em></strong></span> 
     </span>
     <span class='ocr_line' id='line_1_73' title="bbox 2490 2126 4436 2211; baseline -0.002 -15"><span class='ocrx_word' id='word_1_517' title='bbox 2490 2129 2914 2196; x_wconf 85' lang='lat' dir='ltr'><strong><em>haerentibus</em></strong></span> <span class='ocrx_word' id='word_1_518' title='bbox 2968 2151 3176 2195; x_wconf 90' lang='lat' dir='ltr'><strong><em>unum</em></strong></span> <span class='ocrx_word' id='word_1_519' title='bbox 3234 2127 3493 2211; x_wconf 83' lang='lat' dir='ltr'><strong><em>aliquod</em></strong></span> <span class='ocrx_word' id='word_1_520' title='bbox 3547 2151 3587 2193; x_wconf 91' lang='lat' dir='ltr'><strong><em>a</em></strong></span> <span class='ocrx_word' id='word_1_521' title='bbox 3651 2128 3945 2211; x_wconf 89' lang='lat' dir='ltr'><strong><em>legitima</em></strong></span> <span class='ocrx_word' id='word_1_522' title='bbox 4010 2126 4163 2193; x_wconf 89' lang='lat' dir='ltr'><strong><em>sede</em></strong></span> <span class='ocrx_word' id='word_1_523' title='bbox 4227 2127 4436 2193; x_wconf 89' lang='lat' dir='ltr'><strong><em>dimo-</em></strong></span> 
     </span>
     <span class='ocr_line' id='line_1_74' title="bbox 2490 2212 4435 2294; baseline -0.002 -13"><span class='ocrx_word' id='word_1_524' title='bbox 2490 2238 2680 2294; x_wconf 75' lang='lat' dir='ltr'><strong><em>veaS,</em></strong></span> <span class='ocrx_word' id='word_1_525' title='bbox 2724 2215 2792 2281; x_wconf 90' lang='lat' dir='ltr'><strong><em>id</em></strong></span> <span class='ocrx_word' id='word_1_526' title='bbox 2835 2237 2989 2281; x_wconf 90' lang='lat' dir='ltr'><strong><em>vero</em></strong></span> <span class='ocrx_word' id='word_1_527' title='bbox 3033 2223 3472 2280; x_wconf 89' lang='lat' dir='ltr'><strong><em>monstrosum</em></strong></span> <span class='ocrx_word' id='word_1_528' title='bbox 3525 2215 3708 2279; x_wconf 89' lang='lat' dir='ltr'><strong><em>foret.</em></strong></span> <span class='ocrx_word' id='word_1_529' title='bbox 3798 2214 3906 2278; x_wconf 85' lang='lat' dir='ltr'><strong><em>Ad</em></strong></span> <span class='ocrx_word' id='word_1_530' title='bbox 3950 2214 4126 2279; x_wconf 89' lang='lat' dir='ltr'><strong><em>hunc</em></strong></span> <span class='ocrx_word' id='word_1_531' title='bbox 4169 2212 4435 2278; x_wconf 89' lang='lat' dir='ltr'><strong><em>modum</em></strong></span> 
     </span>
     <span class='ocr_line' id='line_1_75' title="bbox 2490 2297 4436 2384; baseline -0.001 -18"><span class='ocrx_word' id='word_1_532' title='bbox 2490 2303 2561 2367; x_wconf 91' lang='lat' dir='ltr'><strong><em>in</em></strong></span> <span class='ocrx_word' id='word_1_533' title='bbox 2605 2302 2899 2378; x_wconf 87' lang='lat' dir='ltr'><strong><em>civitate,</em></strong></span> <span class='ocrx_word' id='word_1_534' title='bbox 2957 2320 3121 2384; x_wconf 88' lang='lat' dir='ltr'><strong><em>quae</em></strong></span> <span class='ocrx_word' id='word_1_535' title='bbox 3167 2301 3418 2366; x_wconf 87' lang='lat' dir='ltr'><strong><em>abiecta</em></strong></span> <span class='ocrx_word' id='word_1_536' title='bbox 3459 2301 3636 2364; x_wconf 90' lang='lat' dir='ltr'><strong><em>omni</em></strong></span> <span class='ocrx_word' id='word_1_537' title='bbox 3680 2297 4154 2378; x_wconf 87' lang='lat' dir='ltr'><strong><em>moderatione,</em></strong></span> <span class='ocrx_word' id='word_1_538' title='bbox 4210 2300 4436 2365; x_wconf 88' lang='lat' dir='ltr'><strong><em>fractis</em></strong></span> 
     </span>
    </p>
   </div>
   <div class='ocr_carea' id='block_1_8' title="bbox 2492 2383 4534 2471">
    <p class='ocr_par' dir='ltr' id='par_1_8' title="bbox 2492 2383 4534 2471">
     <span class='ocr_line' id='line_1_76' title="bbox 2492 2383 4534 2471; baseline -0.001 -20"><span class='ocrx_word' id='word_1_539' title='bbox 2492 2385 2898 2471; x_wconf 80' lang='lat' dir='ltr'><strong><em>diruptisque</em></strong></span> <span class='ocrx_word' id='word_1_540' title='bbox 2942 2386 3164 2471; x_wconf 88' lang='lat' dir='ltr'><strong><em>legum</em></strong></span> <span class='ocrx_word' id='word_1_541' title='bbox 3207 2384 3488 2451; x_wconf 88' lang='lat' dir='ltr'><strong><em>vinculis</em></strong></span> <span class='ocrx_word' id='word_1_542' title='bbox 3507 2436 3521 2462; x_wconf 91' lang='lat'><strong><em>,</em></strong></span> <span class='ocrx_word' id='word_1_543' title='bbox 3579 2387 3716 2456; x_wconf 79' lang='lat' dir='ltr'><strong><em>tota</em></strong></span> <span class='ocrx_word' id='word_1_544' title='bbox 3763 2406 3832 2450; x_wconf 90' lang='lat' dir='ltr'><strong><em>se</em></strong></span> <span class='ocrx_word' id='word_1_545' title='bbox 3877 2384 3962 2449; x_wconf 89' lang='lat' dir='ltr'><strong><em>ad</em></strong></span> <span class='ocrx_word' id='word_1_546' title='bbox 4017 2383 4434 2449; x_wconf 88' lang='lat' dir='ltr'><strong><em>insolentiam</em></strong></span> <span class='ocrx_word' id='word_1_547' title='bbox 4521 2435 4534 2464; x_wconf 56' lang='lat'><strong><em>,</em></strong></span> 
     </span>
    </p>
   </div>
   <div class='ocr_carea' id='block_1_9' title="bbox 2487 2470 4450 4783">
    <p class='ocr_par' dir='ltr' id='par_1_9' title="bbox 2487 2470 4450 4783">
     <span class='ocr_line' id='line_1_77' title="bbox 2489 2470 4450 2557; baseline -0.003 -19"><span class='ocrx_word' id='word_1_548' title='bbox 2489 2472 3000 2557; x_wconf 88' lang='lat' dir='ltr'><strong><em>probrosamque</em></strong></span> <span class='ocrx_word' id='word_1_549' title='bbox 3033 2471 3299 2537; x_wconf 89' lang='lat' dir='ltr'><strong><em>vivendi</em></strong></span> <span class='ocrx_word' id='word_1_550' title='bbox 3330 2471 3664 2537; x_wconf 86' lang='lat' dir='ltr'><strong><em>licentiam</em></strong></span> <span class='ocrx_word' id='word_1_551' title='bbox 3700 2470 4119 2553; x_wconf 89' lang='lat' dir='ltr'><strong><em>prostituerit,</em></strong></span> <span class='ocrx_word' id='word_1_552' title='bbox 4157 2471 4212 2535; x_wconf 91' lang='lat' dir='ltr'><strong><em>si</em></strong></span> <span class='ocrx_word' id='word_1_553' title='bbox 4245 2470 4450 2552; x_wconf 80' lang='lat' dir='ltr'><strong><em>pauci-</em></strong></span> 
     </span>
     <span class='ocr_line' id='line_1_78' title="bbox 2490 2554 4435 2642; baseline -0.002 -20"><span class='ocrx_word' id='word_1_554' title='bbox 2490 2558 2688 2642; x_wconf 85' lang='lat' dir='ltr'><strong><em>aliqui</em></strong></span> <span class='ocrx_word' id='word_1_555' title='bbox 2733 2579 2802 2622; x_wconf 90' lang='lat' dir='ltr'><strong><em>se</em></strong></span> <span class='ocrx_word' id='word_1_556' title='bbox 2844 2580 2884 2623; x_wconf 90' lang='lat' dir='ltr'><strong><em>a</em></strong></span> <span class='ocrx_word' id='word_1_557' title='bbox 2926 2557 3254 2623; x_wconf 89' lang='lat' dir='ltr'><strong><em>communi</em></strong></span> <span class='ocrx_word' id='word_1_558' title='bbox 3298 2556 3760 2640; x_wconf 88' lang='lat' dir='ltr'><strong><em>depravatione</em></strong></span> <span class='ocrx_word' id='word_1_559' title='bbox 3802 2557 4150 2639; x_wconf 88' lang='lat' dir='ltr'><strong><em>recipiant,</em></strong></span> <span class='ocrx_word' id='word_1_560' title='bbox 4197 2554 4435 2621; x_wconf 89' lang='lat' dir='ltr'><strong><em>vitam·</em></strong></span> 
     </span>
     <span class='ocr_line' id='line_1_79' title="bbox 2489 2639 4436 2791; baseline -0.003 -82"><span class='ocrx_word' id='word_1_561' title='bbox 2489 2665 2619 2727; x_wconf 89' lang='lat' dir='ltr'><strong><em>que</em></strong></span> <span class='ocrx_word' id='word_1_562' title='bbox 2660 2643 2917 2791; x_wconf 61' lang='lat' dir='ltr'><strong><em>legibus</em></strong></span> <span class='ocrx_word' id='word_1_563' title='bbox 2961 2644 3383 2720; x_wconf 87' lang='lat' dir='ltr'><strong><em>conforment,</em></strong></span> <span class='ocrx_word' id='word_1_564' title='bbox 3427 2650 3609 2706; x_wconf 88' lang='lat' dir='ltr'><strong><em>utros</em></strong></span> <span class='ocrx_word' id='word_1_565' title='bbox 3652 2641 3865 2725; x_wconf 90' lang='lat' dir='ltr'><strong><em>potius</em></strong></span> <span class='ocrx_word' id='word_1_566' title='bbox 3904 2647 4302 2706; x_wconf 86' lang='lat' dir='ltr'><strong><em>monstrosos</em></strong></span> <span class='ocrx_word' id='word_1_567' title='bbox 4339 2639 4436 2704; x_wconf 87' lang='lat' dir='ltr'><strong><em>di-</em></strong></span> 
     </span>
     <span class='ocr_line' id='line_1_80' title="bbox 2491 2726 4436 2812; baseline -0.002 -18"><span class='ocrx_word' id='word_1_568' title='bbox 2491 2749 2713 2795; x_wconf 88' lang='lat' dir='ltr'><strong><em>cemus</em></strong></span> <span class='ocrx_word' id='word_1_569' title='bbox 2824 2750 3019 2794; x_wconf 89' lang='lat' dir='ltr'><strong><em>eosne</em></strong></span> <span class='ocrx_word' id='word_1_570' title='bbox 3084 2730 3197 2812; x_wconf 84' lang='lat' dir='ltr'><strong><em>qui</em></strong></span> <span class='ocrx_word' id='word_1_571' title='bbox 3261 2727 3343 2792; x_wconf 90' lang='lat' dir='ltr'><strong><em>ad</em></strong></span> <span class='ocrx_word' id='word_1_572' title='bbox 3398 2728 3758 2811; x_wconf 86' lang='lat' dir='ltr'><strong><em>legitimam</em></strong></span> <span class='ocrx_word' id='word_1_573' title='bbox 3809 2726 4094 2793; x_wconf 88' lang='lat' dir='ltr'><strong><em>civitatis</em></strong></span> <span class='ocrx_word' id='word_1_574' title='bbox 4159 2727 4436 2791; x_wconf 87' lang='lat' dir='ltr'><strong><em>formam</em></strong></span> 
     </span>
     <span class='ocr_line' id='line_1_81' title="bbox 2487 2811 4436 2898; baseline -0.002 -18"><span class='ocrx_word' id='word_1_575' title='bbox 2487 2823 2647 2880; x_wconf 87' lang='lat' dir='ltr'><strong><em>sunt</em></strong></span> <span class='ocrx_word' id='word_1_576' title='bbox 2690 2816 3045 2898; x_wconf 88' lang='lat' dir='ltr'><strong><em>compositi,</em></strong></span> <span class='ocrx_word' id='word_1_577' title='bbox 3091 2823 3426 2896; x_wconf 86' lang='lat' dir='ltr'><strong><em>utcunque</em></strong></span> <span class='ocrx_word' id='word_1_578' title='bbox 3477 2813 3667 2896; x_wconf 88' lang='lat' dir='ltr'><strong><em>pauci</em></strong></span> <span class='ocrx_word' id='word_1_579' title='bbox 3710 2813 3874 2891; x_wconf 88' lang='lat' dir='ltr'><strong><em>sint,</em></strong></span> <span class='ocrx_word' id='word_1_580' title='bbox 3921 2833 4007 2876; x_wconf 91' lang='lat' dir='ltr'><strong><em>an</em></strong></span> <span class='ocrx_word' id='word_1_581' title='bbox 4050 2812 4158 2895; x_wconf 91' lang='lat' dir='ltr'><strong><em>qui</em></strong></span> <span class='ocrx_word' id='word_1_582' title='bbox 4213 2811 4436 2877; x_wconf 88' lang='lat' dir='ltr'><strong><em>multi-</em></strong></span> 
     </span>
     <span class='ocr_line' id='line_1_82' title="bbox 2490 2896 4437 2979; baseline -0.003 -14"><span class='ocrx_word' id='word_1_583' title='bbox 2490 2900 2724 2965; x_wconf 88' lang='lat' dir='ltr'><strong><em>tudine</em></strong></span> <span class='ocrx_word' id='word_1_584' title='bbox 2766 2901 2944 2979; x_wconf 90' lang='lat' dir='ltr'><strong><em>freti,</em></strong></span> <span class='ocrx_word' id='word_1_585' title='bbox 3004 2900 3171 2964; x_wconf 90' lang='lat' dir='ltr'><strong><em>nihil</em></strong></span> <span class='ocrx_word' id='word_1_586' title='bbox 3216 2900 3403 2977; x_wconf 89' lang='lat' dir='ltr'><strong><em>stati,</em></strong></span> <span class='ocrx_word' id='word_1_587' title='bbox 3448 2898 3614 2962; x_wconf 91' lang='lat' dir='ltr'><strong><em>nihil</em></strong></span> <span class='ocrx_word' id='word_1_588' title='bbox 3658 2898 4006 2977; x_wconf 89' lang='lat' dir='ltr'><strong><em>moderati,</em></strong></span> <span class='ocrx_word' id='word_1_589' title='bbox 4052 2897 4219 2962; x_wconf 85' lang='lat' dir='ltr'><strong><em>nihil</em></strong></span> <span class='ocrx_word' id='word_1_590' title='bbox 4262 2896 4437 2962; x_wconf 87' lang='lat' dir='ltr'><strong><em>ordi-</em></strong></span> 
     </span>
     <span class='ocr_line' id='line_1_83' title="bbox 2489 2983 4438 3070; baseline -0.002 -19"><span class='ocrx_word' id='word_1_591' title='bbox 2489 2989 2629 3052; x_wconf 90' lang='lat' dir='ltr'><strong><em>nati</em></strong></span> <span class='ocrx_word' id='word_1_592' title='bbox 2673 2984 2934 3062; x_wconf 86' lang='lat' dir='ltr'><strong><em>habent,</em></strong></span> <span class='ocrx_word' id='word_1_593' title='bbox 2983 2985 3217 3070; x_wconf 90' lang='lat' dir='ltr'><strong><em>quibus</em></strong></span> <span class='ocrx_word' id='word_1_594' title='bbox 3259 2985 3455 3051; x_wconf 88' lang='lat' dir='ltr'><strong><em>rebus</em></strong></span> <span class='ocrx_word' id='word_1_595' title='bbox 3499 2992 3757 3050; x_wconf 90' lang='lat' dir='ltr'><strong><em>constat</em></strong></span> <span class='ocrx_word' id='word_1_596' title='bbox 3797 2983 4078 3049; x_wconf 87' lang='lat' dir='ltr'><strong><em>civitatis</em></strong></span> <span class='ocrx_word' id='word_1_597' title='bbox 4121 2992 4191 3050; x_wconf 93' lang='lat' dir='ltr'><strong><em>et</em></strong></span> <span class='ocrx_word' id='word_1_598' title='bbox 4230 3006 4335 3049; x_wconf 91' lang='lat' dir='ltr'><strong><em>res</em></strong></span> <span class='ocrx_word' id='word_1_599' title='bbox 4371 2990 4438 3048; x_wconf 91' lang='lat' dir='ltr'><strong><em>et</em></strong></span> 
     </span>
     <span class='ocr_line' id='line_1_84' title="bbox 2488 3070 4440 3155; baseline -0.002 -17"><span class='ocrx_word' id='word_1_600' title='bbox 2488 3072 2771 3138; x_wconf 85' lang='lat' dir='ltr'><strong><em>nomen?</em></strong></span> <span class='ocrx_word' id='word_1_601' title='bbox 2878 3071 3065 3152; x_wconf 77' lang='lat' dir='ltr'><strong><em>Quae</em></strong></span> <span class='ocrx_word' id='word_1_602' title='bbox 3122 3072 3327 3155; x_wconf 88' lang='lat' dir='ltr'><strong><em>igitur</em></strong></span> <span class='ocrx_word' id='word_1_603' title='bbox 3384 3070 3549 3135; x_wconf 91' lang='lat' dir='ltr'><strong><em>ratio</em></strong></span> <span class='ocrx_word' id='word_1_604' title='bbox 3606 3078 3737 3150; x_wconf 90' lang='lat' dir='ltr'><strong><em>est,</em></strong></span> <span class='ocrx_word' id='word_1_605' title='bbox 3803 3072 3859 3135; x_wconf 90' lang='lat' dir='ltr'><strong><em>si</em></strong></span> <span class='ocrx_word' id='word_1_606' title='bbox 3902 3091 4065 3155; x_wconf 86' lang='lat' dir='ltr'><strong><em>gens</em></strong></span> <span class='ocrx_word' id='word_1_607' title='bbox 4109 3091 4242 3134; x_wconf 90' lang='lat' dir='ltr'><strong><em>una</em></strong></span> <span class='ocrx_word' id='word_1_608' title='bbox 4283 3090 4354 3134; x_wconf 90' lang='lat' dir='ltr'><strong><em>se</em></strong></span> <span class='ocrx_word' id='word_1_609' title='bbox 4398 3091 4440 3134; x_wconf 90' lang='lat' dir='ltr'><strong><em>a</em></strong></span> 
     </span>
     <span class='ocr_line' id='line_1_85' title="bbox 2489 3155 4439 3242; baseline -0.003 -17"><span class='ocrx_word' id='word_1_610' title='bbox 2489 3159 2824 3225; x_wconf 89' lang='lat' dir='ltr'><strong><em>communi</em></strong></span> <span class='ocrx_word' id='word_1_611' title='bbox 2878 3158 3295 3242; x_wconf 88' lang='lat' dir='ltr'><strong><em>corruptione</em></strong></span> <span class='ocrx_word' id='word_1_612' title='bbox 3350 3156 3689 3239; x_wconf 87' lang='lat' dir='ltr'><strong><em>receperit:</em></strong></span> <span class='ocrx_word' id='word_1_613' title='bbox 3740 3155 3796 3221; x_wconf 90' lang='lat' dir='ltr'><strong><em>si</em></strong></span> <span class='ocrx_word' id='word_1_614' title='bbox 3841 3157 4005 3221; x_wconf 88' lang='lat' dir='ltr'><strong><em>aliae</em></strong></span> <span class='ocrx_word' id='word_1_615' title='bbox 4058 3176 4189 3220; x_wconf 91' lang='lat' dir='ltr'><strong><em>non</em></strong></span> <span class='ocrx_word' id='word_1_616' title='bbox 4235 3157 4439 3238; x_wconf 90' lang='lat' dir='ltr'><strong><em>proti-</em></strong></span> 
     </span>
     <span class='ocr_line' id='line_1_86' title="bbox 2490 3241 4437 3326; baseline -0.003 -17"><span class='ocrx_word' id='word_1_617' title='bbox 2490 3266 2617 3309; x_wconf 91' lang='lat' dir='ltr'><strong><em>nus</em></strong></span> <span class='ocrx_word' id='word_1_618' title='bbox 2675 3243 3048 3326; x_wconf 88' lang='lat' dir='ltr'><strong><em>exemplum</em></strong></span> <span class='ocrx_word' id='word_1_619' title='bbox 3105 3244 3244 3308; x_wconf 90' lang='lat' dir='ltr'><strong><em>eius</em></strong></span> <span class='ocrx_word' id='word_1_620' title='bbox 3298 3251 3657 3325; x_wconf 87' lang='lat' dir='ltr'><strong><em>sequantur</em></strong></span> <span class='ocrx_word' id='word_1_621' title='bbox 3674 3293 3690 3319; x_wconf 96' lang='lat'><strong><em>,</em></strong></span> <span class='ocrx_word' id='word_1_622' title='bbox 3751 3241 4202 3307; x_wconf 88' lang='lat' dir='ltr'><strong><em>diversitatem</em></strong></span> <span class='ocrx_word' id='word_1_623' title='bbox 4245 3241 4316 3305; x_wconf 92' lang='lat' dir='ltr'><strong><em>in</em></strong></span> <span class='ocrx_word' id='word_1_624' title='bbox 4361 3262 4437 3306; x_wconf 91' lang='lat' dir='ltr'><strong><em>eo</em></strong></span> 
     </span>
     <span class='ocr_line' id='line_1_87' title="bbox 2489 3327 4436 3394; baseline -0.003 0"><span class='ocrx_word' id='word_1_625' title='bbox 2489 3350 2609 3394; x_wconf 90' lang='lat' dir='ltr'><strong><em>ceu</em></strong></span> <span class='ocrx_word' id='word_1_626' title='bbox 2663 3328 2977 3394; x_wconf 90' lang='lat' dir='ltr'><strong><em>horribile</em></strong></span> <span class='ocrx_word' id='word_1_627' title='bbox 3028 3336 3397 3394; x_wconf 88' lang='lat' dir='ltr'><strong><em>monstrum</em></strong></span> <span class='ocrx_word' id='word_1_628' title='bbox 3452 3327 3814 3392; x_wconf 86' lang='lat' dir='ltr'><strong><em>abominari</em></strong></span> <span class='ocrx_word' id='word_1_629' title='bbox 3857 3337 3924 3391; x_wconf 90' lang='lat' dir='ltr'><strong><em>et</em></strong></span> <span class='ocrx_word' id='word_1_630' title='bbox 3962 3327 4158 3391; x_wconf 87' lang='lat' dir='ltr'><strong><em>anxie</em></strong></span> <span class='ocrx_word' id='word_1_631' title='bbox 4212 3327 4436 3390; x_wconf 89' lang='lat' dir='ltr'><strong><em>formi-</em></strong></span> 
     </span>
     <span class='ocr_line' id='line_1_88' title="bbox 2491 3411 4437 3494; baseline -0.003 -15"><span class='ocrx_word' id='word_1_632' title='bbox 2491 3413 2691 3479; x_wconf 77' lang='lat' dir='ltr'><strong><em>dare?</em></strong></span> <span class='ocrx_word' id='word_1_633' title='bbox 2803 3411 2996 3494; x_wconf 77' lang='lat' dir='ltr'><strong><em>Quod</em></strong></span> <span class='ocrx_word' id='word_1_634' title='bbox 3057 3421 3278 3479; x_wconf 89' lang='lat' dir='ltr'><strong><em>autem</em></strong></span> <span class='ocrx_word' id='word_1_635' title='bbox 3322 3413 3630 3479; x_wconf 84' lang='lat' dir='ltr'><strong><em>ecclesiae</em></strong></span> <span class='ocrx_word' id='word_1_636' title='bbox 3693 3412 3987 3477; x_wconf 87' lang='lat' dir='ltr'><strong><em>membra</em></strong></span> <span class='ocrx_word' id='word_1_637' title='bbox 4030 3411 4176 3494; x_wconf 88' lang='lat' dir='ltr'><strong><em>plus</em></strong></span> <span class='ocrx_word' id='word_1_638' title='bbox 4239 3431 4437 3493; x_wconf 88' lang='lat' dir='ltr'><strong><em>quam</em></strong></span> 
     </span>
     <span class='ocr_line' id='line_1_89' title="bbox 2488 3493 4434 3584; baseline -0.004 -19"><span class='ocrx_word' id='word_1_639' title='bbox 2488 3506 2865 3584; x_wconf 88' lang='lat' dir='ltr'><strong><em>portentosa</em></strong></span> <span class='ocrx_word' id='word_1_640' title='bbox 2908 3497 3264 3565; x_wconf 87' lang='lat' dir='ltr'><strong><em>defectione</em></strong></span> <span class='ocrx_word' id='word_1_641' title='bbox 3309 3521 3349 3564; x_wconf 86' lang='lat' dir='ltr'><strong><em>a</em></strong></span> <span class='ocrx_word' id='word_1_642' title='bbox 3388 3499 3598 3581; x_wconf 89' lang='lat' dir='ltr'><strong><em>capite</em></strong></span> <span class='ocrx_word' id='word_1_643' title='bbox 3656 3518 3774 3563; x_wconf 89' lang='lat' dir='ltr'><strong><em>suo</em></strong></span> <span class='ocrx_word' id='word_1_644' title='bbox 3819 3494 4291 3580; x_wconf 87' lang='lat' dir='ltr'><strong><em>quodammodo</em></strong></span> <span class='ocrx_word' id='word_1_645' title='bbox 4336 3493 4434 3558; x_wconf 90' lang='lat' dir='ltr'><strong><em>di-</em></strong></span> 
     </span>
     <span class='ocr_line' id='line_1_90' title="bbox 2488 3578 4434 3662; baseline -0.003 -12"><span class='ocrx_word' id='word_1_646' title='bbox 2488 3586 2682 3651; x_wconf 87' lang='lat' dir='ltr'><strong><em>vulsa</em></strong></span> <span class='ocrx_word' id='word_1_647' title='bbox 2724 3591 2896 3662; x_wconf 89' lang='lat' dir='ltr'><strong><em>sunt,</em></strong></span> <span class='ocrx_word' id='word_1_648' title='bbox 2941 3587 3012 3649; x_wconf 90' lang='lat' dir='ltr'><strong><em>in</em></strong></span> <span class='ocrx_word' id='word_1_649' title='bbox 3057 3605 3132 3649; x_wconf 90' lang='lat' dir='ltr'><strong><em>eo</em></strong></span> <span class='ocrx_word' id='word_1_650' title='bbox 3166 3584 3335 3649; x_wconf 89' lang='lat' dir='ltr'><strong><em>nihil</em></strong></span> <span class='ocrx_word' id='word_1_651' title='bbox 3367 3583 3642 3648; x_wconf 87' lang='lat' dir='ltr'><strong><em>monstri</em></strong></span> <span class='ocrx_word' id='word_1_652' title='bbox 3677 3582 3945 3647; x_wconf 90' lang='lat' dir='ltr'><strong><em>horrere</em></strong></span> <span class='ocrx_word' id='word_1_653' title='bbox 3960 3581 3992 3644; x_wconf 82' lang='lat'><strong>?</strong></span> <span class='ocrx_word' id='word_1_654' title='bbox 4039 3578 4286 3653; x_wconf 82' lang='lat' dir='ltr'><strong><em>scilicet</em></strong></span> <span class='ocrx_word' id='word_1_655' title='bbox 4321 3601 4434 3644; x_wconf 90' lang='lat' dir='ltr'><strong><em>ex-</em></strong></span> 
     </span>
     <span class='ocr_line' id='line_1_91' title="bbox 2490 3664 4436 3752; baseline -0.003 -17"><span class='ocrx_word' id='word_1_656' title='bbox 2490 3670 2804 3737; x_wconf 88' lang='lat' dir='ltr'><strong><em>secrabile</em></strong></span> <span class='ocrx_word' id='word_1_657' title='bbox 2858 3679 3240 3752; x_wconf 90' lang='lat' dir='ltr'><strong><em>portentum</em></strong></span> <span class='ocrx_word' id='word_1_658' title='bbox 3284 3669 3601 3734; x_wconf 83' lang='lat' dir='ltr'><strong><em>Germani</em></strong></span> <span class='ocrx_word' id='word_1_659' title='bbox 3667 3666 3958 3745; x_wconf 88' lang='lat' dir='ltr'><strong><em>edemus,</em></strong></span> <span class='ocrx_word' id='word_1_660' title='bbox 4025 3666 4079 3730; x_wconf 90' lang='lat' dir='ltr'><strong><em>si</em></strong></span> <span class='ocrx_word' id='word_1_661' title='bbox 4153 3664 4436 3747; x_wconf 89' lang='lat' dir='ltr'><strong><em>reliquas</em></strong></span> 
     </span>
     <span class='ocr_line' id='line_1_92' title="bbox 2490 3750 4437 3841; baseline -0.003 -20"><span class='ocrx_word' id='word_1_662' title='bbox 2490 3762 2721 3841; x_wconf 90' lang='lat' dir='ltr'><strong><em>gentes</em></strong></span> <span class='ocrx_word' id='word_1_663' title='bbox 2778 3753 3100 3820; x_wconf 88' lang='lat' dir='ltr'><strong><em>adducere</em></strong></span> <span class='ocrx_word' id='word_1_664' title='bbox 3151 3777 3285 3819; x_wconf 92' lang='lat' dir='ltr'><strong><em>non</em></strong></span> <span class='ocrx_word' id='word_1_665' title='bbox 3338 3756 3697 3838; x_wconf 88' lang='lat' dir='ltr'><strong><em>poterimus</em></strong></span> <span class='ocrx_word' id='word_1_666' title='bbox 3715 3805 3732 3832; x_wconf 96' lang='lat'><strong><em>,</em></strong></span> <span class='ocrx_word' id='word_1_667' title='bbox 3792 3761 3865 3817; x_wconf 89' lang='lat' dir='ltr'><strong><em>ut</em></strong></span> <span class='ocrx_word' id='word_1_668' title='bbox 3909 3750 3992 3816; x_wconf 88' lang='lat' dir='ltr'><strong><em>ad</em></strong></span> <span class='ocrx_word' id='word_1_669' title='bbox 4036 3761 4178 3814; x_wconf 87' lang='lat' dir='ltr'><strong><em>eam</em></strong></span> <span class='ocrx_word' id='word_1_670' title='bbox 4226 3774 4265 3814; x_wconf 90' lang='lat' dir='ltr'><strong><em>a</em></strong></span> <span class='ocrx_word' id='word_1_671' title='bbox 4305 3772 4437 3833; x_wconf 89' lang='lat' dir='ltr'><strong><em>qua</em></strong></span> 
     </span>
     <span class='ocr_line' id='line_1_93' title="bbox 2490 3835 4437 3927; baseline -0.004 -20"><span class='ocrx_word' id='word_1_672' title='bbox 2490 3841 2827 3927; x_wconf 84' lang='lat' dir='ltr'><strong><em>nobiscum</em></strong></span> <span class='ocrx_word' id='word_1_673' title='bbox 2884 3841 3236 3906; x_wconf 86' lang='lat' dir='ltr'><strong><em>deviarunt</em></strong></span> <span class='ocrx_word' id='word_1_674' title='bbox 3302 3839 3625 3925; x_wconf 83' lang='lat' dir='ltr'><strong><em>evangelii</em></strong></span> <span class='ocrx_word' id='word_1_675' title='bbox 3688 3838 4030 3904; x_wconf 86' lang='lat' dir='ltr'><strong><em>veritatem</em></strong></span> <span class='ocrx_word' id='word_1_676' title='bbox 4096 3835 4437 3901; x_wconf 88' lang='lat' dir='ltr'><strong><em>nobiscum</em></strong></span> 
     </span>
     <span class='ocr_line' id='line_1_94' title="bbox 2488 3921 4433 4007; baseline -0.004 -14"><span class='ocrx_word' id='word_1_677' title='bbox 2488 3935 2922 3993; x_wconf 88' lang='lat' dir='ltr'><strong><em>revertantur.</em></strong></span> <span class='ocrx_word' id='word_1_678' title='bbox 2991 3927 3147 3991; x_wconf 89' lang='lat' dir='ltr'><strong><em>Non</em></strong></span> <span class='ocrx_word' id='word_1_679' title='bbox 3190 3927 3317 3991; x_wconf 89' lang='lat' dir='ltr'><strong><em>erit</em></strong></span> <span class='ocrx_word' id='word_1_680' title='bbox 3360 3933 3578 3990; x_wconf 89' lang='lat' dir='ltr'><strong><em>autem</em></strong></span> <span class='ocrx_word' id='word_1_681' title='bbox 3624 3930 3922 4007; x_wconf 87' lang='lat' dir='ltr'><strong><em>portento</em></strong></span> <span class='ocrx_word' id='word_1_682' title='bbox 3968 3921 4433 4005; x_wconf 86' lang='lat' dir='ltr'><strong><em>deputandum,</em></strong></span> 
     </span>
     <span class='ocr_line' id='line_1_95' title="bbox 2490 4007 4436 4095; baseline -0.003 -17"><span class='ocrx_word' id='word_1_683' title='bbox 2490 4016 2546 4078; x_wconf 90' lang='lat' dir='ltr'><strong><em>si</em></strong></span> <span class='ocrx_word' id='word_1_684' title='bbox 2601 4013 2781 4092; x_wconf 87' lang='lat' dir='ltr'><strong><em>illae,</em></strong></span> <span class='ocrx_word' id='word_1_685' title='bbox 2846 4012 3020 4095; x_wconf 92' lang='lat' dir='ltr'><strong><em>quod</em></strong></span> <span class='ocrx_word' id='word_1_686' title='bbox 3072 4013 3257 4077; x_wconf 91' lang='lat' dir='ltr'><strong><em>Deus</em></strong></span> <span class='ocrx_word' id='word_1_687' title='bbox 3312 4019 3596 4088; x_wconf 80' lang='lat' dir='ltr'><strong><em>avertat,</em></strong></span> <span class='ocrx_word' id='word_1_688' title='bbox 3651 4009 4001 4092; x_wconf 89' lang='lat' dir='ltr'><strong><em>propositis</em></strong></span> <span class='ocrx_word' id='word_1_689' title='bbox 4056 4007 4436 4073; x_wconf 89' lang='lat' dir='ltr'><strong><em>melioribus</em></strong></span> 
     </span>
     <span class='ocr_line' id='line_1_96' title="bbox 2491 4094 4430 4183; baseline -0.004 -19"><span class='ocrx_word' id='word_1_690' title='bbox 2491 4098 2808 4183; x_wconf 87' lang='lat' dir='ltr'><strong><em>exemplis</em></strong></span> <span class='ocrx_word' id='word_1_691' title='bbox 2874 4099 3164 4163; x_wconf 89' lang='lat' dir='ltr'><strong><em>animum</em></strong></span> <span class='ocrx_word' id='word_1_692' title='bbox 3228 4098 3299 4162; x_wconf 91' lang='lat' dir='ltr'><strong><em>in</em></strong></span> <span class='ocrx_word' id='word_1_693' title='bbox 3365 4118 3484 4161; x_wconf 91' lang='lat' dir='ltr'><strong><em>sua</em></strong></span> <span class='ocrx_word' id='word_1_694' title='bbox 3542 4095 3868 4178; x_wconf 89' lang='lat' dir='ltr'><strong><em>pravitate</em></strong></span> <span class='ocrx_word' id='word_1_695' title='bbox 3934 4094 4430 4158; x_wconf 87' lang='lat' dir='ltr'><strong><em>obstinaverint.</em></strong></span> 
     </span>
     <span class='ocr_line' id='line_1_97' title="bbox 2491 4179 4436 4268; baseline -0.005 -17"><span class='ocrx_word' id='word_1_696' title='bbox 2491 4183 2627 4251; x_wconf 80' lang='lat' dir='ltr'><strong><em>Sed</em></strong></span> <span class='ocrx_word' id='word_1_697' title='bbox 2691 4185 2935 4268; x_wconf 87' lang='lat' dir='ltr'><strong><em>species</em></strong></span> <span class='ocrx_word' id='word_1_698' title='bbox 2997 4185 3172 4267; x_wconf 87' lang='lat' dir='ltr'><strong><em>ipsas</em></strong></span> <span class='ocrx_word' id='word_1_699' title='bbox 3227 4184 3491 4266; x_wconf 88' lang='lat' dir='ltr'><strong><em>propius</em></strong></span> <span class='ocrx_word' id='word_1_700' title='bbox 3556 4180 3799 4244; x_wconf 89' lang='lat' dir='ltr'><strong><em>intueri</em></strong></span> <span class='ocrx_word' id='word_1_701' title='bbox 3853 4200 4086 4263; x_wconf 87' lang='lat' dir='ltr'><strong><em>operae</em></strong></span> <span class='ocrx_word' id='word_1_702' title='bbox 4150 4179 4436 4261; x_wconf 88' lang='lat' dir='ltr'><strong><em>pretium</em></strong></span> 
     </span>
     <span class='ocr_line' id='line_1_98' title="bbox 2490 4263 4435 4346; baseline -0.005 -10"><span class='ocrx_word' id='word_1_703' title='bbox 2490 4280 2607 4337; x_wconf 90' lang='lat' dir='ltr'><strong><em>est.</em></strong></span> <span class='ocrx_word' id='word_1_704' title='bbox 2696 4271 3069 4335; x_wconf 84' lang='lat' dir='ltr'><strong><em>Monstrum</em></strong></span> <span class='ocrx_word' id='word_1_705' title='bbox 3134 4272 3287 4346; x_wconf 88' lang='lat' dir='ltr'><strong><em>erit,</em></strong></span> <span class='ocrx_word' id='word_1_706' title='bbox 3355 4269 3411 4332; x_wconf 92' lang='lat' dir='ltr'><strong><em>si</em></strong></span> <span class='ocrx_word' id='word_1_707' title='bbox 3465 4266 3780 4331; x_wconf 84' lang='lat' dir='ltr'><strong><em>Germani</em></strong></span> <span class='ocrx_word' id='word_1_708' title='bbox 3835 4265 4092 4329; x_wconf 90' lang='lat' dir='ltr'><strong><em>nullum</em></strong></span> <span class='ocrx_word' id='word_1_709' title='bbox 4146 4263 4435 4329; x_wconf 89' lang='lat' dir='ltr'><strong><em>habeant</em></strong></span> 
     </span>
     <span class='ocr_line' id='line_1_99' title="bbox 2490 4349 4434 4436; baseline -0.005 -14"><span class='ocrx_word' id='word_1_710' title='bbox 2490 4377 2747 4422; x_wconf 89' lang='lat' dir='ltr'><strong><em>sacrum</em></strong></span> <span class='ocrx_word' id='word_1_711' title='bbox 2794 4363 3192 4422; x_wconf 89' lang='lat' dir='ltr'><strong><em>conventum</em></strong></span> <span class='ocrx_word' id='word_1_712' title='bbox 3244 4355 3315 4418; x_wconf 91' lang='lat' dir='ltr'><strong><em>in</em></strong></span> <span class='ocrx_word' id='word_1_713' title='bbox 3354 4373 3482 4436; x_wconf 88' lang='lat' dir='ltr'><strong><em>quo</em></strong></span> <span class='ocrx_word' id='word_1_714' title='bbox 3526 4373 3654 4416; x_wconf 89' lang='lat' dir='ltr'><strong><em>non</em></strong></span> <span class='ocrx_word' id='word_1_715' title='bbox 3711 4349 4069 4417; x_wconf 89' lang='lat' dir='ltr'><strong><em>secundum</em></strong></span> <span class='ocrx_word' id='word_1_716' title='bbox 4126 4349 4434 4433; x_wconf 88' lang='lat' dir='ltr'><strong><em>apostoli-</em></strong></span> 
     </span>
     <span class='ocr_line' id='line_1_100' title="bbox 2492 4434 4434 4514; baseline -0.004 -8"><span class='ocrx_word' id='word_1_717' title='bbox 2492 4462 2642 4506; x_wconf 90' lang='lat' dir='ltr'><strong><em>cum</em></strong></span> <span class='ocrx_word' id='word_1_718' title='bbox 2686 4441 3064 4506; x_wconf 89' lang='lat' dir='ltr'><strong><em>institutum</em></strong></span> <span class='ocrx_word' id='word_1_719' title='bbox 3125 4440 3222 4505; x_wconf 88' lang='lat' dir='ltr'><strong><em>vel</em></strong></span> <span class='ocrx_word' id='word_1_720' title='bbox 3290 4438 3665 4514; x_wconf 88' lang='lat' dir='ltr'><strong><em>lectionem,</em></strong></span> <span class='ocrx_word' id='word_1_721' title='bbox 3710 4437 3817 4501; x_wconf 86' lang='lat' dir='ltr'><strong><em>vel</em></strong></span> <span class='ocrx_word' id='word_1_722' title='bbox 3876 4435 4269 4513; x_wconf 89' lang='lat' dir='ltr'><strong><em>doctrinam,</em></strong></span> <span class='ocrx_word' id='word_1_723' title='bbox 4329 4434 4434 4499; x_wconf 88' lang='lat' dir='ltr'><strong><em>vel</em></strong></span> 
     </span>
     <span class='ocr_line' id='line_1_101' title="bbox 2491 4520 4434 4604; baseline -0.005 -11"><span class='ocrx_word' id='word_1_724' title='bbox 2491 4527 3013 4593; x_wconf 83' lang='lat' dir='ltr'><strong><em>exhortationem</em></strong></span> <span class='ocrx_word' id='word_1_725' title='bbox 3081 4524 3464 4603; x_wconf 86' lang='lat' dir='ltr'><strong><em>adhibeant,</em></strong></span> <span class='ocrx_word' id='word_1_726' title='bbox 3529 4542 3657 4604; x_wconf 90' lang='lat' dir='ltr'><strong><em>qua</em></strong></span> <span class='ocrx_word' id='word_1_727' title='bbox 3717 4522 4093 4589; x_wconf 87' lang='lat' dir='ltr'><strong><em>aedificetur</em></strong></span> <span class='ocrx_word' id='word_1_728' title='bbox 4153 4520 4434 4604; x_wconf 88' lang='lat' dir='ltr'><strong><em>populus</em></strong></span> 
     </span>
     <span class='ocr_line' id='line_1_102' title="bbox 2491 4608 4432 4696; baseline -0.004 -19"><span class='ocrx_word' id='word_1_729' title='bbox 2491 4613 2576 4677; x_wconf 85' lang='lat' dir='ltr'><strong><em>ad</em></strong></span> <span class='ocrx_word' id='word_1_730' title='bbox 2615 4613 2946 4696; x_wconf 88' lang='lat' dir='ltr'><strong><em>pietatem.</em></strong></span> <span class='ocrx_word' id='word_1_731' title='bbox 3035 4615 3128 4676; x_wconf 79' lang='lat' dir='ltr'><strong><em>At</em></strong></span> <span class='ocrx_word' id='word_1_732' title='bbox 3173 4631 3324 4675; x_wconf 87' lang='lat' dir='ltr'><strong><em>vero</em></strong></span> <span class='ocrx_word' id='word_1_733' title='bbox 3367 4608 3539 4691; x_wconf 91' lang='lat' dir='ltr'><strong><em>quod</em></strong></span> <span class='ocrx_word' id='word_1_734' title='bbox 3583 4608 3828 4690; x_wconf 85' lang='lat' dir='ltr'><strong><em>passim</em></strong></span> <span class='ocrx_word' id='word_1_735' title='bbox 3870 4609 3941 4671; x_wconf 92' lang='lat' dir='ltr'><strong><em>in</em></strong></span> <span class='ocrx_word' id='word_1_736' title='bbox 3986 4608 4287 4672; x_wconf 87' lang='lat' dir='ltr'><strong><em>omnibus</em></strong></span> <span class='ocrx_word' id='word_1_737' title='bbox 4331 4628 4432 4670; x_wconf 87' lang='lat' dir='ltr'><strong><em>rc-</em></strong></span> 
     </span>
     <span class='ocr_line' id='line_1_103' title="bbox 2490 4691 4433 4783; baseline -0.005 -20"><span class='ocrx_word' id='word_1_738' title='bbox 2490 4698 2827 4783; x_wconf 88' lang='lat' dir='ltr'><strong><em>gionibus,</em></strong></span> <span class='ocrx_word' id='word_1_739' title='bbox 2874 4696 2982 4763; x_wconf 91' lang='lat' dir='ltr'><strong><em>ubi</em></strong></span> <span class='ocrx_word' id='word_1_740' title='bbox 3029 4699 3367 4761; x_wconf 85' lang='lat' dir='ltr'><strong><em>invocatur</em></strong></span> <span class='ocrx_word' id='word_1_741' title='bbox 3411 4714 3652 4759; x_wconf 88' lang='lat' dir='ltr'><strong><em>nomen</em></strong></span> <span class='ocrx_word' id='word_1_742' title='bbox 3698 4693 3979 4771; x_wconf 90' lang='lat' dir='ltr'><strong><em>Christi,</em></strong></span> <span class='ocrx_word' id='word_1_743' title='bbox 4027 4691 4195 4756; x_wconf 90' lang='lat' dir='ltr'><strong><em>nihil</em></strong></span> <span class='ocrx_word' id='word_1_744' title='bbox 4235 4712 4433 4774; x_wconf 90' lang='lat' dir='ltr'><strong><em>quam</em></strong></span> 
     </span>
    </p>
   </div>
   <div class='ocr_carea' id='block_1_10' title="bbox 435 4778 4434 4881">
    <p class='ocr_par' dir='ltr' id='par_1_10' title="bbox 435 4778 4434 4881">
     <span class='ocr_line' id='line_1_104' title="bbox 435 4778 4434 4881; baseline -0.003 -31"><span class='ocrx_word' id='word_1_745' title='bbox 435 4785 606 4851; x_wconf 85' lang='lat' dir='ltr'><strong><em>ullos</em></strong></span> <span class='ocrx_word' id='word_1_746' title='bbox 651 4783 969 4861; x_wconf 87' lang='lat' dir='ltr'><strong><em>homines,</em></strong></span> <span class='ocrx_word' id='word_1_747' title='bbox 1015 4806 1294 4869; x_wconf 88' lang='lat' dir='ltr'><strong><em>quorum</em></strong></span> <span class='ocrx_word' id='word_1_748' title='bbox 1336 4786 1638 4854; x_wconf 88' lang='lat' dir='ltr'><strong><em>habenda</em></strong></span> <span class='ocrx_word' id='word_1_749' title='bbox 1681 4787 1767 4851; x_wconf 88' lang='lat' dir='ltr'><strong><em>sit</em></strong></span> <span class='ocrx_word' id='word_1_750' title='bbox 1798 4786 1985 4864; x_wconf 84' lang='lat' dir='ltr'><strong><em>ratic,</em></strong></span> <span class='ocrx_word' id='word_1_751' title='bbox 2031 4783 2138 4851; x_wconf 90' lang='lat' dir='ltr'><strong><em>vel</em></strong></span> <span class='ocrx_word' id='word_1_752' title='bbox 2181 4785 2387 4850; x_wconf 84' lang='lat' dir='ltr'><strong><em>offen·</em></strong></span> <span class='ocrx_word' id='word_1_753' title='bbox 2434 4796 2441 4881; x_wconf 60' lang='lat' dir='ltr'><em>g</em></span> <span class='ocrx_word' id='word_1_754' title='bbox 2490 4806 2621 4849; x_wconf 91' lang='lat' dir='ltr'><strong><em>non</em></strong></span> <span class='ocrx_word' id='word_1_755' title='bbox 2671 4784 3040 4850; x_wconf 88' lang='lat' dir='ltr'><strong><em>intellectae</em></strong></span> <span class='ocrx_word' id='word_1_756' title='bbox 3094 4782 3563 4857; x_wconf 88' lang='lat' dir='ltr'><strong><em>caeremoniae,</em></strong></span> <span class='ocrx_word' id='word_1_757' title='bbox 3620 4800 3860 4861; x_wconf 87' lang='lat' dir='ltr'><strong><em>eaeque</em></strong></span> <span class='ocrx_word' id='word_1_758' title='bbox 3913 4778 4019 4843; x_wconf 89' lang='lat' dir='ltr'><strong><em>vel</em></strong></span> <span class='ocrx_word' id='word_1_759' title='bbox 4082 4779 4154 4841; x_wconf 92' lang='lat' dir='ltr'><strong><em>in</em></strong></span> <span class='ocrx_word' id='word_1_760' title='bbox 4220 4784 4434 4841; x_wconf 89' lang='lat' dir='ltr'><strong><em>totum</em></strong></span> 
     </span>
    </p>
   </div>
   <div class='ocr_carea' id='block_1_11' title="bbox 435 4869 2439 4947">
    <p class='ocr_par' dir='ltr' id='par_1_11' title="bbox 435 4869 2439 4947">
     <span class='ocr_line' id='line_1_105' title="bbox 435 4869 2439 4947; baseline 0 -11"><span class='ocrx_word' id='word_1_761' title='bbox 435 4870 669 4947; x_wconf 77' lang='lat' dir='ltr'><strong><em>diculi,</em></strong></span> <span class='ocrx_word' id='word_1_762' title='bbox 718 4869 840 4933; x_wconf 79' lang='lat' dir='ltr'><strong><em>‘vel</em></strong></span> <span class='ocrx_word' id='word_1_763' title='bbox 906 4871 1272 4936; x_wconf 88' lang='lat' dir='ltr'><strong><em>calumniae</em></strong></span> <span class='ocrx_word' id='word_1_764' title='bbox 1343 4872 1766 4938; x_wconf 89' lang='lat' dir='ltr'><strong><em>metuendum</em></strong></span> <span class='ocrx_word' id='word_1_765' title='bbox 1835 4871 1975 4937; x_wconf 77' lang='lat' dir='ltr'><strong><em>est?</em></strong></span> <span class='ocrx_word' id='word_1_766' title='bbox 2086 4870 2389 4935; x_wconf 83' lang='lat' dir='ltr'><strong><em>Fuerunt</em></strong></span> <span class='ocrx_word' id='word_1_767' title='bbox 2435 4894 2439 4937; x_wconf 81' lang='lat' dir='ltr'><strong><em>t</em></strong></span> 
     </span>
    </p>
   </div>
   <div class='ocr_carea' id='block_1_12' title="bbox 2489 4858 4433 4948">
    <p class='ocr_par' dir='ltr' id='par_1_12' title="bbox 2489 4858 4433 4948">
     <span class='ocr_line' id='line_1_106' title="bbox 2489 4858 4433 4948; baseline -0.006 -14"><span class='ocrx_word' id='word_1_768' title='bbox 2489 4867 2838 4947; x_wconf 84' lang='lat' dir='ltr'><strong><em>absurdae,</em></strong></span> <span class='ocrx_word' id='word_1_769' title='bbox 2895 4869 3000 4933; x_wconf 89' lang='lat' dir='ltr'><strong><em>vel</em></strong></span> <span class='ocrx_word' id='word_1_770' title='bbox 3053 4867 3278 4932; x_wconf 86' lang='lat' dir='ltr'><strong><em>multis</em></strong></span> <span class='ocrx_word' id='word_1_771' title='bbox 3321 4864 3529 4930; x_wconf 88' lang='lat' dir='ltr'><strong><em>modis</em></strong></span> <span class='ocrx_word' id='word_1_772' title='bbox 3594 4865 4016 4948; x_wconf 81' lang='lat' dir='ltr'><strong><em>depravatae,</em></strong></span> <span class='ocrx_word' id='word_1_773' title='bbox 4079 4882 4306 4926; x_wconf 88' lang='lat' dir='ltr'><strong><em>omnes</em></strong></span> <span class='ocrx_word' id='word_1_774' title='bbox 4350 4858 4433 4925; x_wconf 87' lang='lat' dir='ltr'><strong><em>ad</em></strong></span> 
     </span>
    </p>
   </div>
   <div class='ocr_carea' id='block_1_13' title="bbox 435 4946 4434 5041">
    <p class='ocr_par' dir='ltr' id='par_1_13' title="bbox 435 4946 4434 5041">
     <span class='ocr_line' id='line_1_107' title="bbox 435 4946 4434 5041; baseline -0.004 -19"><span class='ocrx_word' id='word_1_775' title='bbox 435 4966 616 5022; x_wconf 88' lang='lat' dir='ltr'><strong><em>certe</em></strong></span> <span class='ocrx_word' id='word_1_776' title='bbox 658 4964 725 5020; x_wconf 90' lang='lat' dir='ltr'><strong><em>et</em></strong></span> <span class='ocrx_word' id='word_1_777' title='bbox 767 4976 1023 5038; x_wconf 87' lang='lat' dir='ltr'><strong><em>semper</em></strong></span> <span class='ocrx_word' id='word_1_778' title='bbox 1047 4966 1245 5021; x_wconf 88' lang='lat' dir='ltr'><strong><em>erunt</em></strong></span> <span class='ocrx_word' id='word_1_779' title='bbox 1281 4957 1477 5041; x_wconf 85' lang='lat' dir='ltr'><strong><em>aliqui</em></strong></span> <span class='ocrx_word' id='word_1_780' title='bbox 1522 4982 1605 5024; x_wconf 87' lang='lat' dir='ltr'><strong><em>ex</em></strong></span> <span class='ocrx_word' id='word_1_781' title='bbox 1628 4980 1704 5024; x_wconf 91' lang='grc'><strong><em>60</em></strong></span> <span class='ocrx_word' id='word_1_782' title='bbox 1749 4957 2090 5022; x_wconf 90' lang='lat' dir='ltr'><strong><em>hominum</em></strong></span> <span class='ocrx_word' id='word_1_783' title='bbox 2173 4975 2383 5034; x_wconf 87' lang='lat' dir='ltr'><strong><em>enere,</em></strong></span> <span class='ocrx_word' id='word_1_784' title='bbox 2486 4956 2764 5038; x_wconf 89' lang='lat' dir='ltr'><strong><em>impium</em></strong></span> <span class='ocrx_word' id='word_1_785' title='bbox 2807 4960 3150 5038; x_wconf 88' lang='lat' dir='ltr'><strong><em>quaestum</em></strong></span> <span class='ocrx_word' id='word_1_786' title='bbox 3192 4953 3577 5034; x_wconf 86' lang='lat' dir='ltr'><strong><em>prostitutae</em></strong></span> <span class='ocrx_word' id='word_1_787' title='bbox 3621 4950 4044 5025; x_wconf 76' lang='lat' dir='ltr'><strong><em>exhibentur,</em></strong></span> <span class='ocrx_word' id='word_1_788' title='bbox 4090 4946 4275 5010; x_wconf 88' lang='lat' dir='ltr'><strong><em>nulla</em></strong></span> <span class='ocrx_word' id='word_1_789' title='bbox 4317 4965 4434 5009; x_wconf 88' lang='lat' dir='ltr'><strong><em>an-</em></strong></span> 
     </span>
    </p>
   </div>
   <div class='ocr_carea' id='block_1_14' title="bbox 435 5040 2012 5127">
    <p class='ocr_par' dir='ltr' id='par_1_14' title="bbox 435 5040 2012 5127">
     <span class='ocr_line' id='line_1_108' title="bbox 435 5040 2012 5127; baseline 0.001 -22"><span class='ocrx_word' id='word_1_790' title='bbox 435 5063 601 5125; x_wconf 90' lang='lat' dir='ltr'><strong><em>quos</em></strong></span> <span class='ocrx_word' id='word_1_791' title='bbox 657 5060 936 5125; x_wconf 89' lang='lat' dir='ltr'><strong><em>regnum</em></strong></span> <span class='ocrx_word' id='word_1_792' title='bbox 994 5040 1273 5119; x_wconf 88' lang='lat' dir='ltr'><strong><em>Christi,</em></strong></span> <span class='ocrx_word' id='word_1_793' title='bbox 1329 5044 1520 5108; x_wconf 89' lang='lat' dir='ltr'><strong><em>simul</em></strong></span> <span class='ocrx_word' id='word_1_794' title='bbox 1577 5064 1651 5108; x_wconf 89' lang='lat' dir='ltr'><strong><em>ac</em></strong></span> <span class='ocrx_word' id='word_1_795' title='bbox 1705 5044 2012 5127; x_wconf 87' lang='lat' dir='ltr'><strong><em>erigitur,</em></strong></span> 
     </span>
    </p>
   </div>
   <div class='ocr_carea' id='block_1_15' title="bbox 434 5112 2440 5213">
    <p class='ocr_par' dir='ltr' id='par_1_15' title="bbox 434 5112 2440 5213">
     <span class='ocr_line' id='line_1_109' title="bbox 434 5112 2440 5213; baseline -0.001 -22"><span class='ocrx_word' id='word_1_796' title='bbox 434 5128 617 5192; x_wconf 88' lang='lat' dir='ltr'><strong><em>niam</em></strong></span> <span class='ocrx_word' id='word_1_797' title='bbox 673 5125 1048 5209; x_wconf 85' lang='lat' dir='ltr'><strong><em>rabiemque</em></strong></span> <span class='ocrx_word' id='word_1_798' title='bbox 1101 5126 1322 5210; x_wconf 87' lang='lat' dir='ltr'><strong><em>adigit.</em></strong></span> <span class='ocrx_word' id='word_1_799' title='bbox 1424 5126 1558 5194; x_wconf 80' lang='lat' dir='ltr'><strong><em>Sed</em></strong></span> <span class='ocrx_word' id='word_1_800' title='bbox 1612 5127 1693 5193; x_wconf 88' lang='lat' dir='ltr'><strong><em>de</em></strong></span> <span class='ocrx_word' id='word_1_801' title='bbox 1748 5129 1878 5194; x_wconf 91' lang='lat' dir='ltr'><strong><em>illis</em></strong></span> <span class='ocrx_word' id='word_1_802' title='bbox 1924 5129 2240 5213; x_wconf 87' lang='lat' dir='ltr'><strong><em>scriptum</em></strong></span> <span class='ocrx_word' id='word_1_803' title='bbox 2287 5133 2387 5190; x_wconf 90' lang='lat' dir='ltr'><strong><em>est</em></strong></span> <span class='ocrx_word' id='word_1_804' title='bbox 2434 5112 2440 5137; x_wconf 82' lang='grc'>’</span> 
     </span>
    </p>
   </div>
   <div class='ocr_carea' id='block_1_16' title="bbox 432 5211 2383 5297">
    <p class='ocr_par' dir='ltr' id='par_1_16' title="bbox 432 5211 2383 5297">
     <span class='ocr_line' id='line_1_110' title="bbox 432 5211 2383 5297; baseline -0.001 -20"><span class='ocrx_word' id='word_1_805' title='bbox 432 5211 791 5278; x_wconf 85' lang='lat' dir='ltr'><strong><em>mittendos</em></strong></span> <span class='ocrx_word' id='word_1_806' title='bbox 833 5233 1005 5292; x_wconf 90' lang='lat' dir='ltr'><strong><em>esse,</em></strong></span> <span class='ocrx_word' id='word_1_807' title='bbox 1064 5213 1218 5297; x_wconf 85' lang='lat' dir='ltr'><strong><em>quia</em></strong></span> <span class='ocrx_word' id='word_1_808' title='bbox 1259 5214 1431 5280; x_wconf 87' lang='lat' dir='ltr'><strong><em>caeci</em></strong></span> <span class='ocrx_word' id='word_1_809' title='bbox 1485 5222 1637 5278; x_wconf 88' lang='lat' dir='ltr'><strong><em>sunt</em></strong></span> <span class='ocrx_word' id='word_1_810' title='bbox 1680 5223 1747 5280; x_wconf 88' lang='lat' dir='ltr'><strong><em>et</em></strong></span> <span class='ocrx_word' id='word_1_811' title='bbox 1784 5213 1983 5281; x_wconf 88' lang='lat' dir='ltr'><strong><em>duces</em></strong></span> <span class='ocrx_word' id='word_1_812' title='bbox 2029 5233 2383 5280; x_wconf 88' lang='lat' dir='ltr'><strong><em>caecorum.</em></strong></span> 
     </span>
    </p>
   </div>
   <div class='ocr_carea' id='block_1_17' title="bbox 2210 5032 4434 5120">
    <p class='ocr_par' dir='ltr' id='par_1_17' title="bbox 2210 5032 4434 5120">
     <span class='ocr_line' id='line_1_111' title="bbox 2210 5032 4434 5120; baseline -0.004 -16"><span class='ocrx_word' id='word_1_813' title='bbox 2210 5041 2385 5106; x_wconf 86' lang='lat' dir='ltr'><strong><em>insa-</em></strong></span> <span class='ocrx_word' id='word_1_814' title='bbox 2435 5036 2439 5099; x_wconf 92' lang='grc' dir='ltr'>Ι</span> <span class='ocrx_word' id='word_1_815' title='bbox 2489 5049 2640 5120; x_wconf 90' lang='lat' dir='ltr'><strong><em>tem,</em></strong></span> <span class='ocrx_word' id='word_1_816' title='bbox 2686 5038 2794 5105; x_wconf 91' lang='lat' dir='ltr'><strong><em>vel</em></strong></span> <span class='ocrx_word' id='word_1_817' title='bbox 2830 5040 3167 5104; x_wconf 85' lang='lat' dir='ltr'><strong><em>rarissima</em></strong></span> <span class='ocrx_word' id='word_1_818' title='bbox 3209 5036 3471 5103; x_wconf 88' lang='lat' dir='ltr'><strong><em>auditur</em></strong></span> <span class='ocrx_word' id='word_1_819' title='bbox 3515 5037 3721 5116; x_wconf 78' lang='lat' dir='ltr'><strong><em>lectiO,</em></strong></span> <span class='ocrx_word' id='word_1_820' title='bbox 3770 5044 3883 5100; x_wconf 90' lang='lat' dir='ltr'><strong><em>aut</em></strong></span> <span class='ocrx_word' id='word_1_821' title='bbox 3924 5032 4308 5110; x_wconf 77' lang='lat' dir='ltr'><strong><em>exhortatiO,</em></strong></span> <span class='ocrx_word' id='word_1_822' title='bbox 4351 5053 4434 5095; x_wconf 90' lang='lat' dir='ltr'><strong><em>ex</em></strong></span> 
     </span>
    </p>
   </div>
   <div class='ocr_carea' id='block_1_18' title="bbox 2488 5115 4431 5295">
    <p class='ocr_par' dir='ltr' id='par_1_18' title="bbox 2488 5115 4431 5295">
     <span class='ocr_line' id='line_1_112' title="bbox 2489 5115 4431 5208; baseline -0.007 -17"><span class='ocrx_word' id='word_1_823' title='bbox 2489 5127 2672 5193; x_wconf 90' lang='lat' dir='ltr'><strong><em>cuius</em></strong></span> <span class='ocrx_word' id='word_1_824' title='bbox 2738 5124 3175 5208; x_wconf 85' lang='lat' dir='ltr'><strong><em>intelligentia</em></strong></span> <span class='ocrx_word' id='word_1_825' title='bbox 3226 5123 3534 5206; x_wconf 85' lang='lat' dir='ltr'><strong><em>populus·</em></strong></span> <span class='ocrx_word' id='word_1_826' title='bbox 3569 5122 3856 5186; x_wconf 89' lang='lat' dir='ltr'><strong><em>fructum</em></strong></span> <span class='ocrx_word' id='word_1_827' title='bbox 3921 5117 4202 5199; x_wconf 88' lang='lat' dir='ltr'><strong><em>aliquem</em></strong></span> <span class='ocrx_word' id='word_1_828' title='bbox 4268 5115 4431 5181; x_wconf 89' lang='lat' dir='ltr'><strong><em>reci·</em></strong></span> 
     </span>
     <span class='ocr_line' id='line_1_113' title="bbox 2488 5201 4431 5295; baseline -0.007 -18"><span class='ocrx_word' id='word_1_829' title='bbox 2488 5213 2626 5295; x_wconf 86' lang='lat' dir='ltr'><strong><em>piat</em></strong></span> <span class='ocrx_word' id='word_1_830' title='bbox 2638 5235 2655 5292; x_wconf 90' lang='lat'>;</span> <span class='ocrx_word' id='word_1_831' title='bbox 2701 5220 2768 5275; x_wconf 91' lang='lat' dir='ltr'><strong><em>et</em></strong></span> <span class='ocrx_word' id='word_1_832' title='bbox 2823 5210 2883 5276; x_wconf 88' lang='lat' dir='ltr'><strong><em>si</em></strong></span> <span class='ocrx_word' id='word_1_833' title='bbox 2953 5208 3107 5293; x_wconf 90' lang='lat' dir='ltr'><strong><em>quid</em></strong></span> <span class='ocrx_word' id='word_1_834' title='bbox 3176 5207 3504 5273; x_wconf 84' lang='lat' dir='ltr'><strong><em>interdum</em></strong></span> <span class='ocrx_word' id='word_1_835' title='bbox 3564 5208 3666 5272; x_wconf 90' lang='lat' dir='ltr'><strong><em>vel</em></strong></span> <span class='ocrx_word' id='word_1_836' title='bbox 3721 5228 3760 5270; x_wconf 86' lang='lat' dir='ltr'><strong><em>a</em></strong></span> <span class='ocrx_word' id='word_1_837' title='bbox 3826 5203 4023 5268; x_wconf 85' lang='lat' dir='ltr'><strong><em>fatuis</em></strong></span> <span class='ocrx_word' id='word_1_838' title='bbox 4077 5201 4431 5277; x_wconf 88' lang='lat' dir='ltr'><strong><em>monachis,</em></strong></span> 
     </span>
    </p>
   </div>
  </div>
 </body>
</html>
