4984 5975
603 321 685 382 67
2245 315 2373 380 DE
2415 313 2961 380 CLEMENTIA
4529 315 4606 376 68

599 504 912 572 Olaudio:
951 502 1175 588 Opera
1209 523 1450 589 magna
1481 505 1698 587 potius
1732 525 1926 587 quam
1960 502 2327 570 necessaria
2362 523 2558 586 quam

601 590 814 657 multa
900 590 1142 656 erfecit.
1712 636 1730 670 ,

780 677 843 741 Α
883 697 1098 740 errare
1141 697 1183 740 a
1223 676 1481 757 fortuna
1524 681 1635 741 tua
1689 696 1813 740 non
1856 673 2063 762 potes]
2121 675 2247 741 Est
2301 675 2560 740 artificii

600 762 945 840 rhetorici,
993 782 1159 844 quae
1202 772 1431 826 contra
1473 782 1592 827 nos
1637 761 1886 826 faciunt
1901 813 1917 839 ,
1962 762 2033 825 in
2075 783 2217 827 rem
2261 768 2557 826 nostram

606 858 675 912 et
716 868 946 913 causae
990 847 1401 912 commodum
1440 856 1711 913 vertere.
1776 847 1904 912 Est
1947 848 2121 912 enim
2166 846 2412 930 aliquid
2450 857 2558 930 ty·-

602 935 968 1012 rannicum,
1012 934 1189 998 inter
1231 934 1404 998 cives
1447 955 1597 999 suos
1641 953 1874 1016 corpus
1916 933 2178 998 munire
2222 952 2560 1008 armorum

604 1018 944 1103 praesidio.
1014 1018 1244 1084 Cicero
1287 1019 1573 1102 Philipp.
1622 1019 1740 1083 II.:
1792 1018 2034 1083 Nonne
2076 1020 2280 1102 igitur
2320 1018 2559 1083 millies

604 1106 818 1188 perire
862 1113 964 1169 est
1006 1105 1271 1182 melius,
1329 1118 1522 1186 quam
1568 1106 1639 1169 in
1684 1125 1804 1169 sua
1847 1105 2112 1170 civitate
2156 1105 2299 1169 sine
2342 1123 2559 1167 arma-

606 1201 822 1255 torum
890 1189 1216 1273 praesidio
1286 1212 1420 1255 non
1479 1211 1669 1273 posse
1724 1189 1988 1256 vivere?
2093 1187 2346 1256 Seneca
2402 1210 2558 1254 vero

606 1277 817 1360 magis
852 1296 994 1342 esse
1028 1284 1408 1341 ornamenta
1441 1284 1509 1341 et
1540 1277 1831 1360 insignia
1848 1276 2106 1358 imperii
2142 1276 2315 1354 dicit,
2361 1296 2561 1358 quam

609 1364 782 1427 vitae
828 1361 1169 1444 praesidia.
1260 1362 1700 1427 Mamertinus
1745 1363 1817 1426 in
1858 1362 2272 1447 Panegyrico
2315 1361 2561 1426 Iuliani

608 1449 941 1513 Caesaris:
988 1449 1196 1511 Arma
1232 1448 1450 1531 igitur,
1497 1456 1564 1512 et
1596 1449 1869 1513 iuvenes
1904 1469 2054 1513 cum
2089 1447 2323 1532 gladiis
2363 1456 2562 1530 atque

608 1535 787 1616 pilia,
835 1555 968 1597 non
1013 1533 1341 1599 custodiae
1385 1535 1672 1616 corporis
1717 1540 1915 1610 sunt,
1948 1532 2062 1598 sed
2105 1535 2561 1616 imperatoriae

609 1619 971 1684 maiestatis
1025 1619 1312 1684 solennis
1357 1628 1639 1685 ornatus.
1731 1617 1911 1700 Quid
1968 1620 2143 1683 enim
2197 1620 2340 1684 istis
2397 1638 2562 1702 opus

610 1716 739 1781 est,
804 1727 1005 1852 qpum
1069 1706 1442 1770 firmissimo
1507 1707 1596 1770 sis
1659 1726 1848 1770 muro
1906 1704 2095 1770 civici
2154 1706 2395 1770 amoris
2448 1705 2562 1769 ob-

608 1812 680 1855 se
729 1800 835 1854 tus

682 1812 725 1874 p
788 1875 1083 1941 Omnium
1136 1877 1206 1940 in
1256 1877 1446 1941 istam
1500 1877 1662 1941 oculi
1716 1876 1997 1941 conversi
2047 1873 2222 1962 sunt]
2282 1874 2563 1942 Ovidius

609 1962 679 2025 in
725 1963 1159 2027 consolatione
1202 1961 1285 2026 ad
1328 1961 1616 2027 Liviam:

919 2064 1003 2117 Ad
1038 2071 1094 2118 te
1132 2064 1319 2118 oculos
1356 2080 1623 2132 auresque
1659 2065 1846 2133 trahis,
1883 2070 1977 2119 tua
2012 2064 2160 2120 facta
2192 2071 2458 2134 notamus,

612 2131 758 2202 [pag.
794 2131 883 2202 57]
922 2133 1036 2186 Nec
1072 2148 1179 2186 vox
1213 2133 1380 2186 missa
1415 2141 1601 2201 potest
1633 2134 1889 2214 principis
1927 2149 2020 2187 ore
2058 2134 2185 2202 tegi.

608 2219 704 2283 Et
734 2218 847 2282 ille
881 2225 1141 2301 turpem
1176 2239 1316 2284 esse
1353 2219 1420 2283 in
1459 2239 1613 2301 rege
1647 2218 2024 2283 ebrietatem
2062 2218 2331 2298 dicebat,
2368 2239 2565 2302 quem

612 2325 805 2369 aures
849 2303 1145 2386 oculique
1189 2305 1482 2368 omnium
1527 2313 1972 2386 sequerentur.
2056 2302 2313 2370 Verum
2358 2304 2441 2383 id,
2487 2313 2567 2369 ut

610 2389 1048 2473 praeclarum,
1104 2389 1192 2453 ita
1251 2390 1447 2453 etiam
1501 2387 1763 2455 difficile
1820 2389 1896 2454 ‘et
1955 2389 2235 2456 arduum
2292 2399 2419 2455 est:
2487 2400 2564 2455 ut

609 2497 742 2541 non
788 2476 1113 2540 immerito
1158 2474 1388 2541 Cicero
1432 2475 1925 2542 exclamaverit:
1983 2474 2044 2542 Ο
2091 2474 2183 2541 dii
2223 2478 2563 2542 immorta-

608 2561 723 2639 les,
769 2581 965 2645 quam
1010 2582 1320 2644 magnum
1366 2570 1468 2626 est
1508 2582 1857 2644 personam
1900 2561 1970 2626 in
2013 2561 2349 2644 republica
2389 2561 2565 2628 tueri

610 2648 959 2745 principis,
1014 2647 1126 2746 qui
1181 2667 1313 2710 non
1359 2648 1595 2712 animis
1652 2647 1862 2712 solum
1912 2645 2130 2726 debet,
2191 2647 2308 2714 sed
2359 2648 2564 2714 oculis

613 2753 861 2799 servire
907 2752 1167 2797 civium.
1522 2785 1531 2796 .

786 2818 997 2882 Irasci
1038 2838 1165 2883 non
1194 2815 1406 2903 potes]
1466 2815 1835 2883 verissima
1877 2819 2223 2883 sententia.
2314 2816 2566 2884 Omnes

613 2905 789 2970 enim
835 2914 1149 2968 verentur
1191 2923 1318 2985 quo
1362 2903 1674 2968 efferatur
1723 2903 1925 2968 animi
1981 2904 2397 2989 impotentia,
2457 2905 2566 2970 cui

612 2990 777 3055 nihil
818 2990 1110 3056 clausum
1153 2998 1270 3054 est.
1358 2989 1451 3054 Et
1492 3011 1698 3072 quum
1748 2989 2034 3065 tandem,
2079 2990 2262 3056 velut
2304 2991 2566 3055 calami-

614 3084 732 3154 tas,
779 3077 850 3139 in
894 3075 1178 3159 aliquem
1221 3074 1471 3153 cecidit,
1517 3074 1629 3139 alii
1672 3075 1845 3140 idem
1890 3075 1958 3139 in
2002 3088 2199 3159 caput
2242 3098 2437 3140 suum
2481 3078 2566 3140 ti-

613 3169 814 3226 ment.
883 3157 1217 3241 Quantam
1262 3161 1438 3227 enim
1482 3170 1676 3243 putas
1716 3161 2010 3225 futuram
2056 3162 2251 3227 terris
2293 3172 2563 3245 pestem,

616 3247 674 3313 si
711 3247 1040 3331 principes
1083 3246 1339 3329 legibus
1383 3246 1592 3323 liberi,
1634 3247 1831 3312 soluti
1877 3248 2195 3327 omnibus,
2243 3259 2316 3313 ut
2360 3250 2564 3327 aiunt,

612 3333 815 3399 frenis
859 3353 933 3398 ac
977 3331 1339 3415 repagulis,
1386 3332 1594 3397 velint
1650 3353 1959 3398 exercere
1999 3334 2293 3400 nocendo
2335 3342 2566 3418 poten·

614 3418 820 3483 tiam?
911 3416 1080 3499 Quis
1119 3419 1271 3483 finis
1315 3430 1487 3484 esset
1530 3417 1864 3497 caedibus,
1911 3418 2300 3499 latroniciis,
2348 3420 2566 3504 direp-

613 3505 922 3581 tionibus,
971 3502 1079 3568 ubi
1124 3504 1291 3568 nihil
1337 3526 1469 3569 non
1501 3514 1718 3588 potest
1752 3505 2024 3569 efferata
2057 3504 2313 3572 rabies?
2380 3507 2569 3572 Bene

616 3613 772 3677 ergo
825 3590 996 3674 quod
1052 3590 1378 3674 principes
1427 3590 1681 3676 legibus
1736 3589 1965 3669 soluti,
2028 3590 2286 3676 legibus
2339 3600 2565 3657 tamen

617 3678 870 3742 vivunt.
959 3676 1107 3740 Imo
1149 3697 1306 3742 vero
1347 3676 1454 3742 lex
1496 3678 1638 3758 ipsa
1676 3683 1850 3741 sunt.

788 3763 1017 3827 Adiice
1069 3782 1232 3826 nunc
1285 3764 1447 3844 quod
1490 3760 1806 3849 privatos]
1865 3761 2069 3828 Redit
2120 3785 2297 3830 nunc
2340 3784 2420 3829 ex
2469 3763 2567 3829 di·

617 3850 947 3934 gressione
1002 3847 1086 3912 ad
1144 3849 1460 3913 orationis
1516 3856 1927 3925 contextum,
1994 3856 2063 3913 et
2122 3849 2309 3913 filum
2372 3870 2568 3935 argu-

617 3936 841 4010 menti,
889 3942 956 3998 et
996 3931 1263 3998 tandem
1309 3940 1607 4016 quartam
1650 3934 1971 3999 rationem
2016 3934 2261 4013 reddit,
2320 3955 2439 4001 cur
2482 3937 2570 4001 sit

617 4018 1089 4105 ignoscendum
1140 4020 1415 4102 privatis
1470 4018 1844 4084 hominibus
1897 4019 2009 4085 ubi
2068 4022 2362 4103 asperius
2415 4042 2568 4087 suas

619 4107 902 4171 offensas
956 4104 1389 4170 ulciscuntur:
1447 4106 1601 4188 quia
1643 4126 1847 4188 quum
1898 4107 2034 4171 sint
2088 4105 2351 4172 obnoxii
2395 4108 2569 4172 iniu-

618 4195 773 4269 riae,
818 4200 1107 4256 veterem
1144 4190 1429 4269 ferendo,
1474 4212 1715 4257 novam
1759 4191 2062 4256 invitant.
2126 4192 2209 4257 Id
2253 4202 2355 4258 est
2395 4192 2570 4276 quod

618 4298 809 4361 saepe
854 4297 962 4341 eos
1006 4276 1179 4359 cogit
1221 4277 1524 4341 retaliare
1566 4278 1865 4342 iniurias:
1920 4299 2054 4343 non
2095 4286 2173 4342 ut
2214 4280 2572 4363 praeterita

619 4364 981 4447 corrigant,
1042 4360 1156 4426 sed
1212 4374 1285 4425 ut
1326 4363 1396 4425 in
1440 4363 1737 4427 futurum
1779 4363 2182 4445 provideant.
2271 4364 2426 4429 Alia
2469 4373 2573 4431 est

618 4470 849 4533 regum
894 4449 1059 4512 ratio
1103 4454 1170 4512 et
1212 4446 1494 4513 conditio
1512 4500 1526 4525 ‚
1586 4448 1698 4531 qui
1753 4471 1956 4532 quum
2012 4450 2288 4516 iniurias
2343 4453 2570 4516 remit-

618 4543 797 4611 tunt,
865 4542 1108 4598 certam
1177 4532 1300 4599 sibi
1365 4535 1786 4599 securitatem
1854 4544 2250 4619 comparant.
2339 4537 2570 4620 ‚quue

618 4619 993 4702 comprobat
1054 4628 1439 4704 argumento
1504 4640 1543 4683 a
1610 4622 1971 4686 contrariis.
2063 4620 2139 4687 Si
2206 4622 2383 4686 enim
2406 4623 2570 4687 ‘fre-

617 4727 828 4789 quens
862 4704 1151 4771 vindicta
1184 4724 1540 4788 paucorum
1583 4706 1803 4771 odium
1844 4707 2160 4790 reprimit,
2205 4707 2570 4773 multorum

572 4793 860 4857 ‚irritatz
928 4791 1221 4873 sequitur
1285 4791 1604 4874 aptiorem
1667 4814 1811 4858 esse
1875 4792 2245 4859 coercendis
2309 4793 2570 4859 iniuriis

617 4897 897 4945 vernam.

796 4962 1323 5044 Quemadmodum
1386 4964 1723 5045 praecisae
1790 4962 2066 5051 arbores]
2120 4965 2570 5048 ·Oomparatio

616 5060 879 5132 sumpta
943 5070 1024 5113 ex
1092 5047 1434 5131 disciplina
1506 5050 1603 5114 rei
1672 5049 1972 5116 rusticae.
2084 5049 2328 5116 Solent
2392 5050 2566 5115 enim

612 5135 966 5219 agricolae,
1026 5156 1152 5218 quo
1213 5135 1348 5200 sint
1402 5135 1723 5199 firmiores
1780 5133 2043 5201 arbores
2098 5143 2165 5200 et
2206 5136 2571 5213 feraciores,

608 5234 877 5288 teneros
943 5220 1159 5286 adhuc
1222 5240 1438 5285 ramos
1501 5218 1890 5302 praecidere.
1979 5220 2085 5284 Ita
2149 5229 2215 5286 et
2276 5220 2569 5287 frondosi

2662 502 2874 588 magis
2931 508 2998 566 et
3051 501 3385 568 densiores
3443 512 3900 570 renascuntur.
3989 503 4083 568 Et
4125 507 4281 567 sunt
4322 506 4610 566 satorum

2663 587 2982 672 quaedam
3027 609 3285 674 genera,
3333 609 3498 671 quae
3542 591 3671 655 nisi
3715 591 3889 655 ferro
3931 597 4381 672 amputantur,
4436 605 4610 653 emo-

2662 674 2944 752 riuntur,
3000 684 3069 739 et
3109 675 3561 759 languescunt.
3652 675 3870 740 Multa
3909 676 3981 739 in
4023 675 4195 740 hanc
4240 693 4380 738 rem
4424 692 4610 755 prae·

2664 761 3001 843 cipiuntur
3040 761 3121 825 ab
3166 759 3503 826 autoribus
3547 763 3642 825 rei
3685 761 3985 826 rusticae.

2838 844 3142 911 Parentes
3205 845 3503 927 liberique
3565 844 3806 933 eorum]
3873 844 4067 912 Unde
4130 843 4297 910 illud
4360 844 4611 910 celebre

2664 931 3027 1014 antiquitus
3062 932 3509 1014 proverbium:
3559 930 3838 1010 Stultus,
3886 933 3998 1015 qui
4042 939 4227 1013 patre
4270 929 4611 994 interfflcto

2662 1016 2874 1081 filium
2916 1016 3229 1100 relinquit
3271 1018 3709 1100 superstitem.

2835 1102 3185 1168 Admonere
3225 1108 3280 1168 te
3311 1104 3584 1186 exemplo
3617 1102 3969 1189 domestico]
4017 1102 4202 1167 Haec
4247 1102 4423 1165 enim
4466 1100 4613 1183 plus

2664 1187 2911 1253 habent
2986 1190 3305 1272 energiae,
3386 1190 3540 1271 quia
3615 1189 3852 1254 melius
3915 1190 3986 1252 in
4051 1209 4254 1257 aures,
4305 1188 4610 1266 influunt,

2662 1274 3101 1357 promptiores
3153 1274 3236 1339 ad
3291 1274 3517 1339 laudes
3569 1275 3853 1340 familiae
3898 1295 4057 1340 suae
4102 1273 4461 1339 audiendas
4477 1323 4492 1350 ,
4551 1283 4614 1337 et

2664 1358 2964 1424 aculeum
3006 1360 3386 1443 relinquunt
3402 1412 3419 1439 ,
3471 1382 3671 1443 quum
3725 1361 3783 1425 is
3837 1360 3948 1443 qui
4001 1360 4407 1436 admonetur,
4461 1378 4613 1441 pro-

2665 1445 2932 1510 brosum
2987 1454 3254 1529 reputat
3308 1447 3660 1512 maioribus
3718 1446 3855 1513 suis
3910 1446 4167 1524 cedere,
4227 1452 4296 1510 et
4349 1456 4614 1527 partum

2665 1531 2748 1596 ab
2801 1530 2933 1595 illis
2986 1531 3398 1614 splendorem
3452 1531 3819 1598 obscurare.
3908 1531 4243 1615 Vergilius
4288 1529 4616 1596 Aeneidos

2664 1615 2792 1680 ΠΙ.
2836 1616 2910 1680 in
2953 1638 3232 1699 persona
3274 1616 3799 1684 Andromaches:

2852 1727 3150 1865 {pallei-u
3157 1736 3482 1856 Ααέηἶξιὲιέῐ
3493 1737 4055 1852 mgffiutnggfflu
4060 1729 4328 1851 eHvelgtbzs?

2668 1897 2863 1980 Quod
2910 1899 3004 1964 sic
3045 1899 3156 1964 lib.
3202 1899 3364 1964 XII.
3410 1900 3760 1983 repetitum
3805 1911 3930 1965 est:

2979 2009 3063 2064 Tu
3099 2010 3264 2064 facito
3302 2027 3428 2064 mox
3464 2028 3624 2080 quum
3660 2019 3870 2065 matura
3905 2010 4204 2065 adoleverit
4239 2019 4409 2079 actae,

2669 2076 2814 2147 [pag.
2850 2077 2940 2148 58]
2978 2078 3061 2133 Sis
3095 2095 3316 2146 memor,
3353 2088 3410 2133 et
3443 2087 3497 2133 te
3535 2081 3711 2133 animo
3749 2087 4083 2148 repetentem
4119 2079 4368 2148 exempla
4402 2087 4621 2133 tuorum

2974 2148 3049 2201 Et
3081 2155 3240 2216 pater
3272 2148 3504 2217 Aeneae,
3540 2156 3598 2202 et
3631 2148 3927 2203 avunculus
3962 2149 4164 2203 excitat
4196 2147 4419 2202 Hector.

3404 2421 3707 2488 CAPUT
3751 2422 3874 2486 IX.

2838 2521 3055 2624 Divus
3097 2557 3431 2657 Auyustus
3471 2559 3599 2641 fuit
3628 2560 3816 2657 ⁵mitis
3845 2561 4173 2642 princeps,
4223 2561 4287 2625 si
4341 2561 4493 2642 quis
4549 2560 4622 2625 il·

2668 2645 2800 2712 lum
2842 2666 2885 2709 a
2916 2647 3288 2725 prinmpatu
3331 2665 3445 2709 suo
3485 2650 3815 2710 aestimare
3857 2646 4137 2727 incipiat.
4226 2646 4308 2709 In
4354 2666 4626 2712 commu·

2667 2750 2807 2796 nem
2859 2731 3111 2812 quidem
3165 2730 3610 2811 rempublicam
3658 2731 3944 2813 yladium
3997 2733 4207 2809 movit,
4264 2752 4461 2812 quum
4517 2732 4627 2800 hoc

2668 2816 2893 2881 aetatis
2934 2821 3114 2895 esset,
3166 2817 3330 2897 quod
3372 2822 3441 2879 tu
3482 2837 3644 2882 nunc
3685 2838 3776 2883 es.-
3830 2817 4384 2883 duodevicesimam
4423 2838 4627 2903 cyres-

2668 2923 2780 2967 sus
2823 2922 3060 2966 annum
3102 2903 3234 2967 iam
3265 2903 3569 2983 puqiones
3611 2903 3680 2966 in
3717 2904 3866 2968 sinu
3909 2905 4252 2968 amicorum
4296 2902 4627 2969 absconde-

2667 2994 2786 3053 rat.
2877 2989 3026 3054 Iam
3077 2990 3338 3054 insidiis
3393 2987 3607 3053 Marci
3650 2989 3918 3055 Antonii
3979 2991 4253 3055 consulis
4304 2990 4479 3055 latus
4517 3012 4628 3073 pe·

2668 3075 2866 3140 tieret.
2958 3073 3103 3138 Iam
3155 3077 3368 3156 suerat
3422 3074 3647 3158 colleqa
3693 3077 4156 3158 prosu-iptoris.
4249 3075 4372 3140 Sed
4430 3097 4632 3158 quum

2669 3181 2908 3225 annum
2949 3161 3500 3243 quadrayesimum
3538 3162 3879 3240 transisset,
3929 3168 3986 3226 et
4026 3163 4096 3226 in
4147 3161 4367 3226 Gallia
4413 3183 4632 3226 mora-

2670 3252 2860 3325 retur,
2919 3247 3200 3312 delatum
3236 3251 3323 3309 est
3367 3247 3453 3310 ad
3500 3266 3641 3311 eum
3683 3248 4017 3326 indicium,
4083 3246 4352 3312 Cinnam
4406 3248 4633 3314 stolidi

2671 3333 2907 3416 inqenii
2951 3334 3159 3397 vivum
3201 3332 3478 3397 insidias
3520 3333 3579 3397 ei
3621 3337 3874 3398 struere.
3960 3332 4221 3399 Dictum
4263 3337 4352 3398 est
4396 3340 4455 3398 et
4502 3334 4632 3414 ubi,

2672 3424 2727 3483 et
2767 3418 3036 3500 quando,
3075 3422 3131 3483 et
3171 3418 3691 3499 quemadmodum
3732 3419 3989 3502 ayqredi
4030 3420 4220 3484 vellet.
4321 3418 4507 3485 Unus
4554 3440 4636 3485 ex

2672 3505 2934 3570 consciis
2971 3502 3300 3585 deferebat.
3365 3501 3694 3568 Constituit
3732 3525 3799 3571 se
3842 3505 3919 3568 ab
3954 3524 4019 3569 eo
4062 3505 4398 3571 vindicare.
4472 3504 4636 3572 Con-

2671 3589 2888 3656 silium
2944 3590 3285 3655 amicorum
3340 3591 3634 3654 advocari
3692 3591 3889 3655 iussit.
3983 3590 4131 3656 Nox
4185 3590 4284 3654 illi
4338 3591 4638 3673 inquieta

2671 3681 2823 3754 erat,
2862 3695 3057 3757 quum
3099 3672 3389 3757 coyitaret
3430 3674 3865 3743 adolescentem
3907 3675 4165 3741 nobilem
4199 3675 4308 3740 hoc
4350 3678 4641 3743 detracto

2671 3763 2978 3845 inteyrum
2992 3811 3006 3840 ,
3075 3757 3183 3825 Cn.
3247 3758 3536 3843 Pompeii
3588 3768 3861 3845 nepotem
3930 3761 4378 3827 damnandum.
4484 3762 4642 3831 Iam

2671 3868 2868 3912 unum
2911 3846 3216 3912 bominem
3250 3847 3517 3913 occidere
3551 3868 3675 3912 non
3699 3852 3963 3929 poterat.
4058 3849 4263 3929 Quum
4294 3851 4644 3932 proscrip-

2671 3933 2863 3999 tionis
2917 3933 3184 3999 edictum
3237 3934 3399 3998 inter
3439 3953 3688 3999 coenam
3728 3934 3986 3998 dictaret
4022 3954 4300 4017 yemens,
4358 3928 4646 4000 subinde

2674 4038 2843 4084 voces
2899 4017 3206 4084 emittebat
3261 4020 3507 4098 varias,
3563 4025 3620 4083 et
3669 4021 3833 4084 inter
3877 4040 3944 4084 se
3994 4020 4362 4085 contrarias.
4470 4020 4651 4102 Quid

2674 4105 2861 4188 erqo?
2927 4103 3064 4188 Eyo
3094 4124 3531 4185 percussorem
3574 4125 3777 4170 meum
3820 4126 4106 4171 securum
4152 4105 4484 4173 annulare
4517 4127 4650 4189 pa-

2674 4193 2823 4270 tiar,
2877 4211 2972 4255 me
3025 4190 3309 4256 solicito?
3398 4190 3572 4274 Eryo
3619 4211 3740 4255 non
3800 4191 3976 4256 dabit
4027 4211 4299 4273 poenas,
4367 4194 4495 4273 qui
4564 4196 4654 4257 tot

2674 4276 2962 4344 civilibus
2996 4276 3175 4342 bellis
3208 4276 3454 4358 frustra
3485 4278 3750 4360 petitum
3783 4282 3985 4358 caput,
4028 4275 4134 4342 tot'
4151 4276 4520 4357 navalibus,
4565 4283 4655 4343 tot

2665 4363 3004 4445 pedestriis
3034 4363 3314 4445 praeliis
3368 4362 3669 4428 incolume
3683 4408 3699 4437 ‚
3744 4368 4084 4445 postquam
4125 4369 4293 4427 ter-ra
4334 4365 4655 4446 marique

2666 4470 2805 4531 pax
2839 4454 3033 4530 parta-
3076 4453 3179 4526 est,
3225 4468 3343 4513 non
3387 4448 3657 4514 occidere
3697 4449 4053 4527 constituat,
4098 4449 4206 4513 sed
4247 4449 4652 4515 immolare?

2679 4535 2852 4598 Nam
2885 4533 3335 4614 sacrificantem
3357 4534 3688 4614 placuerat
3729 4534 3992 4599 adoriri.
4083 4534 4338 4600 Rursus
4381 4534 4656 4602 silentio

2674 4620 3048 4701 interposito,
3102 4620 3339 4684 maiore
3378 4619 3571 4686 multo
3609 4639 3744 4684 voce
3786 4619 3909 4685 sibi
3950 4640 4140 4703 quam
4179 4618 4427 4685 Cinnae
4473 4625 4658 4688 iras·

2674 4705 2940 4771 cebatur.
3035 4704 3200 4786 Quid
3241 4706 3433 4784 vivis,
3486 4706 3546 4771 si
3575 4707 3798 4785 perire
3840 4711 3924 4784 te,
3981 4712 4112 4771 tam
4148 4707 4504 4773 nncltorum
4554 4709 4658 4774 in-

2673 4791 2903 4858 terest?
3000 4791 3158 4872 Quis
3206 4789 3359 4871 finis
3412 4792 3532 4855 erit
3581 4791 4082 4873 suppliciorum?
4172 4793 4329 4874 Quis
4372 4797 4662 4879 sanqui-

2676 4876 2834 4957 nis?
2901 4875 3038 4958 Eyo
3080 4896 3220 4940 sum
3263 4874 3574 4942 nobilibus
3616 4877 4097 4944 adolescentibus
4141 4878 4508 4958 expositum
4548 4901 4659 4947 ca-

2665 4968 2804 5046 put,
2839 4962 2910 5026 in
2952 4962 3115 5042 quod
3156 4981 3476 5027 mucrones
3509 4968 3752 5029 armant.
3843 4963 3990 5028 Non
4031 4969 4119 5029 est
4159 4963 4316 5028 tanti
4359 4965 4547 5047 vita,
4595 4967 4660 5033 si

2676 5052 2745 5112 ut
2787 5068 2891 5129 eqo
2923 5067 3046 5112 non
3076 5066 3357 5127 peream,
3399 5053 3531 5113 tam
3573 5049 3769 5113 multa
3799 5050 4123 5132 perdenda
4163 5055 4330 5115 sunt.
4435 5050 4661 5119 Inter-

2663 5132 2932 5214 pellavit
2980 5132 3228 5197 tandem
3279 5133 3463 5198 illum
3507 5134 3701 5199 Livia
3755 5154 3932 5199 uror.
4021 5134 4109 5199 Et
4163 5135 4493 5219 admittis,
4559 5139 4661 5204 in-

2676 5220 2837 5300 quit,
2902 5216 3200 5283 muliebre
3254 5220 3629 5287 consilium?
3720 5220 3857 5287 Fac
3915 5221 4079 5302 quod
4134 5221 4366 5285 medici
4427 5225 4658 5305 solent,
