4984 5975
93 8 714 353 Γ.

54 891 73 929 Ἣ
55 756 74 818 ΙΣ·
54 665 77 706 ῌ
54 548 79 594 m

2044 339 2785 410 PROLEGOMENA.
4216 353 4429 421 Lm

404 525 582 592 01010
626 525 889 594 Calvini
944 527 1024 592 de
1070 528 1173 594 his
1225 528 1657 595 conventibus
1714 536 1905 613 atque
1946 528 2282 612 colloquiis
2319 530 2451 596 iam
2495 538 2633 595 tum
2679 529 2852 596 idem
2898 538 3041 597 erat
3083 524 3259 616 quod
3303 541 3371 599 et
3411 536 3683 617 posthac
3718 538 3869 618 fuit,
3928 543 4317 622 praesertim
4361 544 4422 608 01

405 638 582 703 10101
622 639 1073 704 Romanenses
1116 648 1185 704 et
1227 640 1639 724 evangelicos
1683 640 2211 706 instituebantur.
2301 641 2579 705 Nullum
2624 643 2800 707 enim
2845 643 3050 708 alium
3100 645 3387 711 fructum
3427 648 3695 713 rebatur
3747 671 3831 714 ex
3871 650 4004 716 illis
4047 652 4420 720 redundare

404 749 478 815 in
521 749 827 816 ecelesias
871 751 1311 835 evangelicas,
1367 752 1497 817 nisi
1552 773 1749 836 quem
1798 753 1966 817 forte
2018 752 2305 817 adferret
2356 753 2643 819 solennis
2690 752 3025 819 doetrinae
3068 753 3420 821 declaratio
3465 765 3534 822 et
3576 760 3873 843 apologia
3916 782 4139 826 coram
4182 764 4262 829 iis
4306 766 4421 849 qui

405 860 752 927 calumniis
789 861 1314 929 adversariorum
1358 863 1788 930 circumventi
1830 868 1896 927 et
1938 862 2118 929 falsis
2152 862 2564 946 opinionibus
2604 864 2844 930 imbuti
2885 886 3234 949 perperam
3275 865 3358 933 de
3401 868 3629 934 eadem
3671 870 4048 938 iudicabant
4089 879 4157 939 et
4198 882 4419 958 potes-

403 978 540 1039 tate
574 972 753 1039 civili
795 982 1342 1058 persequutorum
1376 974 1798 1058 tyrannidem
1840 975 2137 1041 stabilire
2179 976 2564 1059 gestiebant.
2651 977 2874 1059 Atque
2916 977 3081 1042 haec
3124 978 3466 1045 hactenus.

716 1088 1036 1150 Actorum
1077 1086 1660 1169 Ratisponensium
1703 1086 1935 1171 gallice
1977 1084 2380 1151 edendorum
2434 1087 2786 1153 consilium
2842 1087 2977 1152 iam
3032 1087 3102 1153 in
3160 1090 3304 1172 ipso
3362 1099 3689 1157 conventu
3733 1092 4086 1159 Calvinum
4142 1098 4414 1180 cepisse,

405 1218 604 1282 porro
646 1197 1074 1282 Argentorati
1116 1198 1435 1263 versionis
1480 1204 1549 1261 et
1590 1199 2041 1265 commentarii
2083 1198 2376 1262 laborem
2418 1198 2805 1277 absolvisse,
2852 1209 2921 1263 et
2961 1219 3189 1265 mense
3235 1197 3614 1284 Septembri
3657 1203 4003 1270 Genevam
4045 1227 4266 1274 secum
4309 1230 4416 1275 as-

403 1316 703 1394 portasse
746 1309 1018 1375 minime
1060 1309 1134 1373 in
1174 1307 1478 1393 ambiguo
1521 1310 1795 1375 haerere
1838 1310 2026 1376 nobis
2069 1309 2352 1376 videtur.
2417 1309 2594 1375 Nam
2638 1308 2951 1375 Genevae
2993 1308 3303 1376 reducem
3346 1319 3570 1377 tantae
3610 1316 3835 1380 statim
3871 1322 4133 1401 tamque
4176 1340 4417 1403 graves

406 1442 558 1488 eum
598 1427 996 1504 exceperunt
1037 1441 1231 1486 curae
1275 1419 1357 1485 de
1399 1420 1624 1503 politia
1663 1420 2098 1487 ecclesiastica
2139 1428 2206 1486 et
2249 1421 2426 1487 civili
2468 1420 2946 1500 constituenda,
2991 1427 3068 1487 ut
3109 1421 3265 1488 huic
3309 1424 3491 1508 operi
3532 1424 3743 1491 multo
3785 1429 4057 1496 minoris
4099 1433 4418 1498 momenti

404 1541 552 1599 tum
596 1532 858 1598 demum
901 1551 1171 1596 manum
1212 1530 1563 1596 admovere
1609 1552 1746 1597 non
1787 1533 2124 1615 potuisset.
2192 1534 2365 1599 Acta
2407 1539 2630 1597 autem
2672 1532 2836 1598 haec
2879 1532 3116 1617 gallica
3154 1533 3398 1616 publici
3439 1536 3601 1601 iuris
3634 1537 3810 1604 facta
3843 1516 4008 1604 sunt‘
4032 1539 4156 1608 1100
4192 1544 4419 1609 titulo:

714 1631 942 1715 [ΔΕΒ
1000 1629 1391 1713 ACTES
1447 1628 1458 1733 Ι
1513 1643 1640 1709 DE
1686 1645 1817 1709 LA
1858 1643 2281 1710 IOVRNEE
2325 1645 2334 1728 Ι
2369 1644 2742 1728 imperiale,
2784 1650 2984 1711 tenue
3030 1665 3113 1710 en
3155 1642 3222 1709 la
3267 1645 3397 1711 cite
3442 1645 3522 1711 de
3560 1648 3812 1732 Reges-
3836 1648 3846 1736 Ι
3870 1671 4110 1735 pourg,
4169 1653 4415 1720 aultre-

405 1764 593 1823 meut
635 1755 808 1820 dicte
851 1755 1231 1837 Ratispone‚
1273 1755 1283 1837 Ι
1319 1754 1454 1819 l’an
1496 1755 1613 1819 mil
1656 1756 1806 1838 cinq
1848 1775 2003 1822 cens
2046 1763 2367 1839 quarante
2412 1763 2481 1820 et
2517 1778 2630 1836 vn,
2676 1778 2790 1821 sur
2830 1758 2841 1839 Ι
2876 1755 2974 1819 100
3015 1753 3325 1821 differens
3369 1758 3478 1841 qui
3522 1767 3675 1824 sont
3716 1761 4133 1846 auiourdhuy
4176 1785 4261 1830 en
4298 1766 4309 1847 Ι
4345 1764 4418 1832 la

403 1867 735 1954 Religion.
776 1868 787 1949 Ι
1088 1864 1420 1949 Desquelz
1464 1865 1879 1932 l'inventoire
1922 1887 2071 1932 sera
2113 1868 2314 1933 100110
2358 1888 2442 1932 00
2479 1869 2489 1949 Ι
2527 1869 2595 1933 la
2636 1867 2829 1952 paige
2876 1874 3219 1952 suyuante.
3264 1867 3273 1949 Ι
3313 1875 3742 1943 (Ornamentum
3786 1881 3911 1944 folii
3951 1882 4247 1937 minusculi
4264 1884 4412 1955 fima-

405 2003 528 2043 ram
561 1987 847 2056 referam.)
935 1987 1011 2041 M.
1046 1987 1114 2041 D.
1148 1987 1293 2042 XLI.

714 2089 961 2154 Forma
1018 2089 1351 2155 octonaria
1401 2090 1647 2169 minor,
1704 2091 2167 2172 quaterniones
2223 2091 2461 2175 viginti
2515 2112 2634 2156 sex
2689 2092 2928 2175 (a—z;
2989 2088 3252 2175 A—c)
3305 2093 3587 2176 paginae
3638 2095 3765 2157 416
3820 2115 3955 2159 non
4005 2103 4413 2164 numeratae.

409 2200 608 2284 Quod
652 2200 736 2265 ad
774 2201 994 2266 locum
1038 2200 1277 2266 attinet
1316 2222 1443 2283 quo
1484 2200 1608 2266 1100
1651 2201 1955 2266 volumen
2010 2202 2081 2267 in
2132 2202 2346 2266 lucem
2401 2201 2650 2285 prodiit
2701 2222 2836 2266 non
2888 2198 3080 2264 modo
3127 2199 3473 2268 Genevam
3517 2225 3658 2269 esse
3701 2204 3975 2270 minime
4019 2204 4413 2289 dubitamus,

404 2313 523 2381 sed
565 2313 765 2378 etiam
807 2311 1073 2377 Ioannis
1117 2310 1403 2378 Gerardi
1445 2311 1741 2377 officinae
1784 2311 1949 2377 illud
1993 2313 2280 2378 tribuere
2333 2314 2643 2379 ausimus.
2731 2315 2880 2384 Hoc
2933 2318 3154 2402 palam
3206 2317 3284 2381 fit
3341 2336 3424 2379 ex
3478 2315 3908 2380 similitudine
3960 2324 4299 2400 typorum,
4360 2321 4417 2385 si

404 2446 558 2491 00111
601 2423 748 2489 aliis
792 2422 1086 2489 eiusdem
1126 2424 1333 2488 ferme
1377 2424 1690 2507 temporis
1733 2422 1972 2490 libellis
2016 2424 2339 2503 conferas,
2394 2425 2630 2506 quibus
2674 2429 3128 2513 typographus
3171 2427 3285 2491 ille
3330 2447 3566 2490 nomen
3609 2447 3801 2490 suum
3841 2425 4119 2507 addidit,
4164 2431 4236 2494 in
4278 2432 4415 2514 pri·

401 2537 530 2601 mis
569 2556 725 2602 vero
768 2555 853 2599 ex
895 2542 1279 2600 ornamento
1323 2534 1435 2599 illo
1479 2535 1588 2600 vel
1630 2535 1966 2618 signaculo
2009 2535 2184 2600 tituli
2228 2535 2511 2619 paginae
2553 2537 2901 2620 impresso,
2961 2539 3131 2623 quod
3177 2539 3368 2602 etiam
3417 2537 3793 2601 invenimus
3837 2536 4139 2605 omnibus
4182 2563 4417 2607 nume-

405 2648 502 2714 ris
543 2646 951 2713 simillimum
992 2647 1061 2710 in
1109 2646 1299 2711 titulo
1342 2646 1546 2711 libelli
1586 2646 1762 2729 apud
1820 2645 2102 2710 eundem
2146 2645 2520 2712 Gerardum
2579 2651 2830 2728 excusi,
2885 2651 3000 2733 qui
3056 2647 3468 2715 inscribit-ur:
3534 2647 3733 2713 Ordre
3784 2653 3840 2714 et
3891 2651 4196 2731 muniere,
4249 2652 4417 2718 d'en-

404 2762 652 2843 seiyrter
688 2758 851 2824 dans
892 2758 959 2823 la
997 2758 1141 2824 ville
1183 2759 1260 2824 de
1304 2758 1542 2825 Genava
1582 2763 1687 2824 etc.
1775 2756 2084 2839 Imprime
2111 2778 2248 2840 par
2293 2757 2489 2823 Iehan
2543 2759 2810 2827 Gerard.
2882 2765 3080 2826 1538.

715 2867 979 2936 Oalvini
1021 2878 1090 2934 et
1133 2868 1447 2936 Genevae
1489 2871 1757 2935 nomina
1800 2869 1880 2934 de
1918 2868 2248 2934 industria
2290 2890 2643 2954 suppressa
2686 2873 2885 2938 fuisse
2928 2873 3254 2951 videntur,
3299 2892 3424 2954 quo
3466 2869 3721 2935 facilius
3762 2868 4150 2953 opusculum
4191 2867 4415 2950 ipsum

407 2983 590 3048 viam
632 2982 756 3049 sibi
800 2983 869 3047 in
916 2980 1203 3048 Galliam
1246 2983 1531 3064 aperiret
1574 2982 1793 3065 ibique
1836 3002 2004 3064 quae
2045 2981 2113 3045 in
2156 2989 2342 3046 tanto
2388 2984 2553 3047 tanti
2599 2984 2857 3068 imperii
2915 2992 3247 3051 conventu
3301 2981 3659 3048 deliberata
3710 2991 3779 3045 01
3832 3002 3916 3046 ex
3968 2984 4157 3064 parte
4213 2978 4418 3044 etiam

407 3115 454 3159 a
491 3094 1019 3160 Romanensibus
1064 3115 1367 3161 concessa
1407 3094 1695 3173 fuerant,
1739 3093 2052 3159 libentius
2094 3092 2490 3176 legerentur.
2583 3095 2935 3161 Caeterum
2990 3095 3071 3161 de
3115 3094 3396 3162 Calvino
3454 3099 3683 3158 autore
3738 3112 3873 3157 non
3926 3100 4027 3158 est
4068 3089 4242 3174 quod
4294 3089 4415 3156 du·

406 3205 591 3272 bites.
679 3206 914 3291 Ipsum
956 3204 1204 3271 scilicet
1245 3224 1564 3289 agnoscas
1606 3227 1870 3271 necesse
1913 3214 2033 3284 est,
2080 3206 2136 3270 si
2180 3212 2430 3270 attente
2472 3206 2713 3291 legeris
2753 3228 2919 3291 quae
2973 3228 3174 3291 supra
3217 3206 3298 3272 de
3342 3204 3484 3271 eius
3526 3204 3599 3268 in
3640 3204 3786 3269 istis
3828 3202 4165 3286 colloquiis
4208 3201 4415 3286 parti-

407 3318 534 3384 bus
571 3317 935 3383 retulimus.
1024 3317 1248 3413 Alium
1291 3318 1539 3382 frustra
1579 3337 1872 3399 quaeres.
1962 3316 2324 3382 Cuiusnam
2382 3315 2553 3383 alius
2610 3318 2680 3383 in
2737 3319 3075 3396 manibus,
3131 3336 3367 3400 nempe
3412 3315 3594 3381 Galli
3651 3315 4039 3380 reformatae
4095 3312 4414 3378 formulae

405 3429 671 3509 addicti,
718 3437 866 3496 aeta
907 3425 1034 3495 ista
1073 3437 1141 3493 et
1179 3429 1421 3512 scripta
1463 3450 1607 3495 esse
1651 3435 2027 3512 potueruut,
2071 3428 2201 3493 nisi
2244 3428 2441 3494 unius
2483 3428 2747 3495 Calvini
2789 3430 2903 3512 qui
2943 3427 3260 3512 colloquio
3316 3428 3398 3492 ab
3454 3428 3642 3491 initio
3702 3425 3784 3491 ad
3837 3426 4038 3490 finem
4089 3423 4411 3501 interfuit,

405 3563 686 3625 quocum
729 3541 858 3606 ista
898 3541 1120 3605 onmia
1162 3542 1637 3607 communicata
1677 3540 1880 3618 fuere,
1918 3540 2029 3622 qui
2074 3539 2447 3604 versionem
2490 3560 2696 3605 manu
2733 3541 3125 3624 scriptorum
3166 3559 3400 3623 parare
3435 3538 3647 3621 potuit
3679 3545 4031 3619 antequam
4067 3533 4414 3598 Genevam

406 3653 672 3730 rediret,
716 3653 814 3717 ita
858 3662 932 3717 ut
972 3652 1201 3717 00110111
1244 3671 1415 3718 auno
1461 3673 1597 3717 una
1634 3671 1783 3716 cum
1826 3650 2218 3716 editionibus
2260 3650 2483 3715 latinis
2526 3670 2567 3714 a
2607 3651 2874 3735 collegis
2914 3651 3162 3735 paratis
3206 3647 3718 3732 evulgarentur?
3807 3643 4198 3711 Melanthon
4233 3644 4413 3709 enim

405 3772 479 3831 et
518 3765 817 3831 Bucerus
859 3763 1052 3847 paulo
1103 3770 1253 3846 post
1305 3763 1594 3829 reditum
1648 3783 1838 3828 suum
1896 3762 2062 3827 nihil
2116 3762 2301 3845 prius
2359 3761 2733 3828 habuerunt
2787 3784 2985 3846 quam
3039 3770 3118 3827 ut
3158 3763 3479 3827 Actorum
3534 3757 3885 3824 editionem
3939 3761 4278 3834 curarent,
4334 3776 4412 3820 eo

407 3896 570 3943 sane
614 3874 884 3942 consilio
924 3874 1385 3940 maturandam
1429 3883 1507 3938 ut
1546 3873 2071 3940 adversariorum
2113 3873 2472 3940 calumnias
2518 3880 3024 3939 antevertereut.
3714 3871 3718 3876 ’

718 3988 783 4051 A
824 3986 1083 4052 Bucero
1137 3985 1455 4052 habemus
1512 3986 1715 4052 edita:
1771 3984 1937 4051 Acta
1986 3985 2278 4065 colloquii
2319 3984 2390 4050 in
2431 3985 2700 4049 comitiis
2741 3985 3001 4065 imperii
3045 3983 3434 4065 Rati-§ponae
3475 3979 3673 4045 habiti
3713 3977 3771 4042 h.
3816 3998 3866 4043 e.
3910 3976 4167 4042 articuli
4204 3977 4279 4041 de
4319 3997 4416 4043 re-

408 4099 636 4183 le’yione
677 4097 988 4164 conciliati
1032 4103 1090 4164 et
1131 4119 1256 4164 non
1297 4098 1613 4164 conciliati
1655 4117 1891 4176 omneS,
1942 4102 2015 4161 ut
2055 4095 2134 4160 ab
2181 4096 2569 4176 Imperatore
2607 4095 2935 4161 ordinibus
2978 4094 3231 4177 imperii
3273 4094 3360 4158 ad
3399 4091 3810 4177 iudicandum
3851 4093 3907 4152 et
3946 4087 4414 4154 deliberandum

398 4209 723 4291 propositi
764 4214 922 4273 sunt.
997 4206 1293 4275 Consulto
1335 4214 1392 4273 et
1434 4209 1768 4274 deliberata
1810 4210 1886 4274 110
1927 4208 2029 4273 his
2071 4208 2230 4272 actis
2273 4206 2708 4288 Imperatoris,
2752 4206 3145 4290 sinyulorum
3189 4205 3483 4270 ordinum
3527 4201 3781 4283 imperii
3822 4205 3880 4265 et
3921 4200 4107 4282 leyati
4147 4200 4414 4264 romani.

409 4320 504 4386 Et
553 4319 859 4403 quaedam
915 4321 1050 4386 alia
1096 4341 1360 4402 quorum
1415 4321 1763 4403 cataloyum
1813 4320 2001 4385 habes
2056 4319 2336 4401 sequenti
2377 4320 2645 4403 paqina.
2739 4318 2865 4383 Per
2920 4316 3277 4382 Martinam
3333 4313 3667 4378 Bueerum.
3756 4311 4157 4394 Argentorati
4209 4331 4416 4376 mense

414 4431 762 4513 Septoenbri
806 4430 901 4500 ‚M-
949 4430 1035 4496 D.
1087 4430 1278 4499 XLI.
1367 4432 1548 4496 Data
1604 4441 1706 4496 est
1759 4431 2077 4515 praefatio
2132 4427 2216 4495 ad
2262 4428 2677 4495 Ludovicum
2737 4429 2817 4495 de
2869 4426 3217 4504 Flandria,
3275 4425 3639 4491 Dominum
3680 4423 3898 4500 Prati,
3955 4422 4413 4504 imperatoriae

410 4543 770 4609 maiestatis
810 4563 1190 4628 supremum
1235 4543 1723 4620 cubicularium,
1768 4541 2197 4626 Argentorati
2238 4541 2359 4605 lv.
2403 4539 2572 4605 Non.
2621 4538 2803 4624 Sept.
2892 4539 3125 4604 Altera
3178 4535 3377 4603 editio
3431 4554 3657 4599 mense
3699 4532 4063 4598 Februario
4108 4531 4266 4597 anni
4309 4553 4413 4598 se·

409 4658 676 4739 quentis
719 4652 959 4737 prodiit
1013 4653 1261 4720 duobus
1317 4652 1643 4721 indicibus
1698 4662 1907 4720 aucta.
1995 4650 2183 4716 Idem
2227 4652 2529 4717 Bucerus
2585 4649 2811 4716 eodem
2864 4670 3035 4716 anno
3084 4651 3241 4713 1541
3294 4648 3462 4711 Acta
3519 4646 3893 4729 germanice
3946 4642 4151 4708 edidit
4200 4642 4413 4708 multo

413 4766 734 4833 auctiora:
780 4765 929 4831 Azle
973 4766 1398 4849 Handlunyen
1445 4764 1782 4847 Schrifften
1821 4785 1943 4829 zur
1981 4762 2407 4846 verqleiclmny
2448 4762 2561 4827 der
2606 4762 2897 4845 Reliyicm
2937 4758 3131 4825 durch
3172 4758 3275 4824 die
3310 4756 3512 4840 Kays.
3548 4755 3712 4837 Mai.
3761 4754 4195 4838 Char-fierden,
4242 4753 4413 4818 Γᾶν-

409 4884 547 4943 sien
589 4877 716 4942 ond
755 4875 982 4943 Stenae
1025 4878 1180 4942 aller
1221 4877 1460 4961 tkeylen
1500 4876 1661 4941 auch
1703 4877 1824 4943 den
1853 4874 2085 4956 pabstl.
2132 4874 2434 4958 Leqntm,
2491 4873 2617 4955 auf
2637 4874 2863 4955 jiinyst
2900 4871 3282 4955 yehaltenem
3328 4868 3660 4951 Reidtstay
3699 4888 3785 4931 zu
3830 4866 4240 4949 Regenspurq
4280 4884 4417 4928 ver-

409 4987 663 5053 bandlet
715 4988 841 5053 ond
894 4988 1206 5054 einbraoht
1259 5010 1424 5054 anno
1470 4987 1562 5053 M.
1607 4988 1692 5054 D.
1747 4985 1935 5051 XLI.
2027 4986 2330 5050 Gebrewes
2379 4984 2607 5051 erisz
2658 4981 3006 5048 beschriben
3057 5000 3355 5045 eusamen
3406 4984 3698 5062 yetrayen
3752 4977 3877 5042 ond
3927 4975 4159 5042 erkzert
4213 4973 4417 5040 durch

415 5098 776 5163 Martinam
810 5098 1144 5170 Bucerum.
1232 5100 1315 5166 In
1358 5101 1519 5165 fine:
1572 5101 1842 5167 Geendet
1881 5120 2006 5164 eun
2053 5096 2261 5162 Eeren
2306 5097 2416 5161 1100
2462 5093 2919 5176 Allmochtiyen
2968 5091 3092 5157 0ηᾶ
3132 5091 3378 5173 wolfart
3420 5091 3637 5155 seiner-
3670 5086 3947 5152 Kirclzen
3988 5090 4092 5149 17.
4130 5084 4413 5149 Decemb.

413 5210 510 5276 M
547 5210 635 5277 D.
677 5209 865 5275 XLI.
953 5213 1284 5277 Praefatio
1326 5210 1412 5275 ad
1451 5210 1798 5278 electorem
1839 5208 2452 5293 Brandeburgicum
2497 5206 2651 5271 data
2690 5211 2793 5270 est
2835 5203 3259 5287 Argentorati
3304 5200 3364 5265 d.
3413 5205 3513 5264 22.
3558 5200 3717 5264 Dec.
3774 5203 3994 5350 1541.H

622 5312 841 5368 Calvini
863 5329 1049 5382 opera.
1128 5315 1241 5368 Vol.
1289 5314 1348 5369 V.

4848 4537 4859 4548 u

4874 4625 4885 4632 r

4912 4727 4927 5000 *Lm—“ff“-ffi-
4914 4585 4923 4700 -1--⁵*
4918 4503 4925 4558 ---.

4912 5633 4919 5646 ¹-
4918 5587 4921 5610 ?
4916 5561 4921 5572 -
4912 5237 4927 5544 5ff‡·‘**·
4912 5067 4927 5216 *zv-:r
4912 4999 4927 5070 22⁴2
