4984 5975
356 303 478 367 345

480 487 991 556 ORATIONIS
1035 488 1567 556 DOMINICAE
1612 490 2180 557 ENARRATIO.

529 628 671 692 Iam
732 627 1283 692 elementissimus
1339 635 1555 709 pater,
1625 635 2082 710 praeterquam
2138 629 2311 712 quod

355 734 474 780 noe
531 718 681 792 [pag.
720 718 828 793 36]
884 723 1108 777 monet
1159 721 1351 795 atque
1405 712 1724 789 hortatur,
1782 721 1860 777 ut
1902 734 1972 779 se
2015 715 2082 778 in
2131 716 2311 779 omni

354 799 741 866 necessitate
774 819 1183 882 quaeramus,
1228 799 1534 881 quoniam
1570 807 1791 864 tamen
1824 799 2092 865 videbat
2123 821 2208 865 ne
2243 799 2312 864 id

356 883 620 969 quidem
641 905 762 950 nos
783 885 1169 967 perspicere,
1204 883 1361 966 quid
1383 905 1666 967 aequum
1687 884 2042 969 postulare,
2071 886 2312 968 quidve

356 993 393 1037 e
425 992 500 1036 re
534 979 763 1036 nostra
803 970 988 1047 foret,
1034 969 1188 1034 huie
1223 971 1418 1038 etiam
1457 979 1723 1035 nostrae
1756 971 2168 1054 ignorantiae
2204 992 2309 1037 oo-

357 1058 594 1125 eurrit:
643 1063 710 1120 et
751 1054 923 1138 quod
967 1057 1190 1138 captui
1227 1064 1449 1121 nostro
1486 1056 1726 1130 deerat,
1775 1056 1856 1121 de
1892 1077 2010 1122 eno
2048 1058 2308 1141 supple—

357 1145 454 1209 vit
496 1161 571 1208 ao
615 1141 888 1206 suffecit.
979 1140 1090 1204 Ea:
1132 1163 1259 1222 qua
1285 1143 1336 1220 ¹)
1392 1143 1530 1205 eius
1583 1141 1956 1224 beniynitate
2008 1163 2309 1226 maynum

358 1228 802 1295 consolationis
830 1227 1110 1310 fructum
1129 1229 1543 1307 percipimuS,
1579 1228 1742 1309 quod
1761 1228 1926 1293 nihil
1948 1228 2307 1308 absurdum,

357 1314 523 1380 nihil
564 1313 840 1378 alienum
884 1318 999 1378 aut
1039 1315 1465 1393 importunum
1478 1363 1492 1391 ,
1534 1313 1698 1378 nihil
1737 1314 1999 1395 denique
2039 1335 2163 1379 non
2203 1280 2309 1381 illi

356 1405 673 1480 acceptum
702 1399 1031 1478 postulare
1063 1418 1176 1463 nos
1213 1399 1637 1482 intelliyimuS,
1680 1400 1792 1480 qui
1814 1419 2019 1479 paene
2054 1421 2130 1464 ex
2172 1402 2309 1465 eius

358 1506 459 1551 ore
500 1505 815 1568 royamus.
886 1484 1063 1549 Haec
1096 1485 1322 1550 orandi
1363 1505 1473 1548 seu
1504 1485 1730 1566 forma,
1775 1506 1886 1549 seu
1916 1487 2153 1568 regula,
2195 1508 2307 1550 sea:

345 1570 754 1654 petitionibus
808 1572 1139 1635 emis-tituta
1194 1576 1299 1634 est.
1395 1571 1679 1651 Quarum
1720 1576 1844 1634 tres
1875 1573 2133 1651 priores
2178 1571 2308 1637 Dei

352 1658 596 1742 qloriae
635 1657 1050 1736 peculiariter
1101 1657 1449 1721 destinatae
1507 1662 1679 1734 sunt,
1741 1676 1932 1756 quam
1982 1658 2182 1722 solam
2236 1660 2310 1722 in

355 1743 490 1808 illis
532 1743 769 1806 intueri
811 1747 1065 1823 oportet,
1122 1741 1294 1805 nudo
1348 1742 1649 1807 commodi
1702 1743 1933 1809 nostri.
1986 1749 2058 1806 ut
2110 1744 2308 1821 aiunt,

356 1833 654 1927 respectu.
753 1828 908 1892 Tres
950 1827 1229 1908 reliquae
1270 1828 1469 1892 nostri
1511 1847 1729 1892 curam
1767 1835 2008 1911 yerunt,
2054 1849 2129 1893 ac
2157 1849 2311 1910 pro-

345 1916 527 1994 prie·
515 1915 654 1992 ·iis,
709 1933 870 1994 quae
925 1934 1002 1977 ea:
1055 1934 1182 1977 usu
1229 1919 1429 1976 nostro
1485 1919 1660 1991 sunt,
1705 1914 2111 1994 postulandis
2164 1920 2312 1981 sunt

354 2001 732 2098 assiynatae.
822 1997 937 2065 Sic
994 2006 1245 2076 tamen,
1305 2011 1381 2062 ut
1418 1999 1690 2063 Domini
1745 1999 2052 2082 gloriam,
2111 2021 2311 2083 quam

352 2106 553 2150 unam
598 2084 928 2185 prioribus
971 2084 1103 2148 illis
1147 2095 1550 2167 spectamus,
1598 2082 1843 2149 bonum
1887 2095 2223 2164 noem,
2271 2107 2311 2151 a

353 2172 542 2237 cuiue
578 2171 973 2254 cogitatione
1008 2180 1300 2244 mentem
1337 2171 1712 2248 avertimus,
1755 2170 1931 2235 ultro
1966 2181 2306 2255 sequatur.

353 2277 622 2322 rursum
668 2254 840 2339 quod
884 2255 1222 2322 commodo
1257 2265 1482 2320 nostro
1517 2258 1904 2338 expetimuS,
1952 2279 2083 2322 non
2119 2258 2311 2323 aliter

352 2363 554 2425 qnam
599 2343 667 2406 in
709 2341 980 2407 Domim'
1026 2340 1300 2426 gloriam
1344 2341 1672 2424 postulare
1715 2342 1927 2410 liceat.

577 2518 845 2600 Pater
903 2530 1218 2624 noster,
1283 2517 1430 2627 qui
1492 2547 1582 2600 es
1645 2521 1732 2601 in
1797 2520 2073 2603 coelis,

529 2666 827 2732 Primum
842 2669 896 2748 ²)
943 2669 1013 2731 in
1057 2669 1196 2749 ipso
1237 2667 1452 2730 limine.
1495 2670 1790 2746 occurrit,
1837 2689 2072 2734 onmem
2115 2691 2159 2735 a
2200 2690 2307 2733 vto-

349 2754 448 2819 bis
489 2755 830 2818 orationem
882 2753 1099 2834 offerri
1140 2751 1278 2817 Deo
1330 2752 1570 2832 debere,
1623 2755 1697 2817 in
1743 2754 1981 2819 Christi
2031 2757 2302 2819 nomine.
2296 2780 2309 2793 ·

349 2845 420 2904 ut
464 2839 646 2904 nulla
679 2839 810 2904 alio
851 2838 1096 2903 nomine
1136 2840 1554 2904 commendari
1595 2839 1700 2904 illi
1730 2846 1944 2921 potest.
2016 2841 2188 2905 Nam
2231 2861 2308 2905 ea:

351 2945 476 3007 quo
518 2928 775 3006 patrem
842 2924 1234 3007 appellamus
1286 2923 1525 3002 Deum,
1583 2945 1803 2991 nomen
1854 2932 2012 2993 certe
2069 2925 2308 2992 Christi

338 3010 834 3092 praetendimus.
907 3012 1170 3091 Quando
1188 3011 1246 3095 ⁸)
1287 3032 1444 3075 eane
1486 3031 1662 3075 nemo
1696 3019 1787 3077 est
1816 3014 2136 3077 hominum
2167 3013 2304 3096 diq-

348 3118 502 3176 nus,
544 3096 656 3178 qui
696 3097 835 3163 Deo
876 3117 942 3162 se
982 3102 1417 3177 repraesentet,
1472 3117 1548 3161 ac
1602 3098 1674 3162 in
1727 3100 1867 3163 eius
1919 3105 2306 3197 conspectum

336 3147 623 3277 prodeat,
669 3184 804 3264 ipse
845 3180 1117 3249 eoelestis
1143 3187 1344 3263 pater,
1388 3187 1459 3247 ut
1491 3202 1603 3247 nos
1636 3183 1754 3248 hac
1787 3185 2142 3265 confusione
2173 3185 2303 3249 evi-

347 3274 567 3345 meret,
622 3288 781 3349 quae
832 3274 1074 3333 nostros
1128 3270 1407 3333 omnium
1450 3270 1697 3333 animos
1738 3271 2000 3335 deiicere
2042 3270 2302 3349 debebat,

343 3353 560 3434 filium
603 3354 778 3418 nobis
819 3374 1011 3418 suum
1051 3361 1199 3433 [pag.
1238 3358 1346 3432 37]
1391 3354 1665 3433 donavit,
1711 3354 1927 3419 Iesum
1966 3354 2300 3434 Christum,

346 3441 461 3521 qui
501 3440 678 3521 apud
718 3441 930 3522 ipsum
967 3441 1140 3505 nobis
1173 3441 1258 3503 sit
1290 3440 1631 3505 advocatus
1662 3447 1721 3505 et
1753 3440 2076 3518 mediator,
2120 3443 2305 3506 cuius

345 3526 542 3592 ductu
570 3525 655 3590 ad
685 3527 900 3608 ipsum
931 3547 1142 3592 secure
1175 3526 1553 3604 accedamus,
1590 3526 1707 3591 tali
1738 3527 2132 3591 intercessore
2163 3546 2304 3591 con-

343 3610 475 3691 fisi,
517 3610 703 3690 nihil,
740 3613 906 3692 quod
948 3612 1088 3677 eius
1127 3613 1371 3676 nomine
1399 3611 1790 3690 petierimus
1836 3612 2011 3677 nobis
2044 3613 2304 3695 deneya-

344 3703 482 3761 tum
523 3697 646 3761 iri.-
685 3703 757 3761 ut
791 3698 898 3763 illi
940 3719 982 3762 a
1025 3703 1214 3778 patre
1255 3696 1418 3761 nihil
1471 3697 1768 3780 deneyari
1806 3704 2016 3780 potest.
2103 3699 2302 3762 Thro-

343 3802 503 3847 num
545 3803 783 3863 quoque
815 3782 963 3862 Dei,
1008 3805 1131 3848 non·
1163 3784 1510 3858 maiestatis
1544 3787 1791 3848 tantum
1824 3803 1957 3849 esse
1990 3784 2298 3862 thronum,

341 3869 458 3934 sed
491 3870 755 3952 qratiae,
800 3869 975 3951 apud
1007 3889 1189 3949 quem
1228 3870 1367 3934 eius
1399 3870 1646 3934 nomine
1679 3869 1889 3933 multa
1921 3869 2159 3936 fiducia
2192 3891 2304 3951 ap·

329 3975 570 4037 parere
609 3954 987 4033 audeamus,
1041 3954 1543 4020 misericordiam
1578 3957 2019 4037 consequntur-i
2061 3960 2118 4021 et
2152 3976 2303 4039 yra-

340 4042 503 4106 tiam
552 4041 898 4118 inventuri,
954 4042 1027 4105 in
1080 4040 1326 4104 auxilio
1380 4046 1716 4120 opportuno
1775 4041 2124 4121 (Hebr.4,
2172 4042 2295 4125 16).

340 4127 554 4208 Atque
596 4131 666 4190 ut
707 4127 807 4193 lex
849 4089 925 4190 de
977 4127 1321 4192 invocando
1355 4124 1494 4190 Deo
1528 4128 1741 4208 posita
1783 4134 1890 4207 est,
1932 4133 2002 4191 ut
2023 4130 2297 4209 promis-

337 4215 442 4279 sio
482 4213 653 4291 data,
698 4213 1062 4277 exauditum
1102 4212 1209 4291 iri,
1255 4212 1368 4292 qui
1409 4212 1863 4277 invocaverint:
1916 4215 2011 4279 ita
2064 4215 2138 4278 in
2193 4236 2297 4279 no-

337 4299 513 4363 mine
567 4296 831 4376 Christi,
889 4299 1176 4363 invocare
1217 4297 1629 4379 peculiariter
1670 4299 1985 4364 iubemur:
2041 4304 2097 4363 et
2142 4321 2295 4381 pro-

335 4384 706 4449 missionem
746 4383 1042 4449 habemus
1070 4384 1494 4466 propositam,
1538 4384 1978 4466 impetraturos
2019 4385 2183 4467 quod
2223 4386 2296 4450 in

337 4472 481 4536 eius
519 4470 766 4535 nomme
795 4470 1168 4550 petierimus
1210 4468 1471 4552 (Ioann.
1504 4474 1600 4547 14,
1646 4474 1720 4533 16
1759 4480 1827 4534 et
1863 4476 1957 4547 15,
1997 4471 2084 4554 7).
2155 4469 2289 4536 Ad·-

339 4554 680 4633 seribitur,
736 4556 955 4638 ipsum
998 4577 1139 4622 esee
1182 4557 1255 4619 in
1297 4555 1517 4621 coelis:
1578 4577 1706 4639 quo
1759 4556 2217 4623 inenarrabilis
2233 4559 2292 4641 ⁴)

336 4644 480 4710 eius
521 4643 846 4716 maiestas,
890 4663 1088 4724 quam
1121 4641 1307 4707 aliter
1339 4662 1512 4707 mens
1543 4648 1778 4720 nostra,
1808 4664 1934 4723 pro
1967 4664 2091 4707 sua
2122 4663 2295 4708 cras·-

337 4729 550 4807 sitate,
595 4730 911 4809 concipere
953 4750 1074 4793 non
1105 4733 1336 4809 potest,
1391 4725 1718 4811 desiynata
1759 4734 1875 4809 est,
1918 4730 2072 4812 quia
2115 4730 2294 4795 coelo

337 4814 506 4881 nihil
558 4815 918 4912 anqustius,
983 4818 1096 4879 aut
1147 4815 1465 4879 maiestate
1506 4815 1764 4894 plenius
1815 4815 1932 4879 sub

336 4907 624 4967 nostrum
665 4900 874 4966 venire
903 4906 1122 4981 potest.
1187 4897 1382 4981 Quod
1413 4900 1680 4980 perinde
1714 4901 1907 4980 valet,
1954 4922 2028 4967 ac
2069 4903 2132 4965 si
2164 4903 2294 4967 dic-

480 5159 539 5223 1)
578 5158 764 5213 mut.
795 5174 851 5226 p
891 5155 994 5210 173
2052 5157 2113 5225 3)
2153 5158 2295 5214 me.

1354 5154 1416 5221 2)
1455 5157 1601 5211 Ibid.
1631 5173 1690 5224 p.
1727 5157 1844 5213 175.

329 5245 390 5297 p.
432 5225 533 5281 162
570 5244 675 5297 seq.
883 5225 944 5294 4)
1203 5223 1373 5278 .1181.
1757 5266 1766 5278 .

2021 303 2700 372 CATEOHISMUS.

4240 309 4365 371 346

2415 497 2520 558 tus
2562 497 2718 559 esset
2748 496 2992 574 potens,
3034 491 3338 569 sublimis,
3382 489 4036 574 incomprehensibilis.
4102 487 4188 559 Id
4226 513 4369 561 vero

2411 579 2566 643 dum
2620 578 2947 657 audimus,
3002 578 3343 643 exserenda
3407 581 3496 641 est
3557 577 3753 642 altius
3794 582 4010 643 nostra
4064 579 4366 661 coyitatio,

2416 683 2610 743 quum
2662 666 2740 729 de
2781 662 2918 728 Deo
2961 683 3159 728 sermo
3201 669 3317 742 est,
3374 683 3449 726 ne
3491 663 3840 762 quidquam
3892 668 4203 728 terrenum
4255 670 4369 730 aut

2412 750 2669 815 carnale
2712 750 2788 813 de
2829 749 2966 830 ipso
3008 750 3411 826 somniemus,
3456 769 3531 813 ne
3570 749 3785 829 ipsum
3825 750 4056 814 neuris
4097 750 4367 816 modulis

2412 835 2767 913 metiamur,
2824 855 2902 899 ne
2944 836 3082 899 eius
3123 833 3495 899 voluntatem
3533 834 3619 899 ad
3660 839 3901 900 nostros
3941 835 4199 916 affectus
4237 836 4366 901 exi-

2406 940 2650 1003 yamus.

2411 1096 2706 1178 Prima
2746 1095 3071 1208 petitio.
3138 1094 3732 1179 Sanctificetur
3762 1126 4068 1179 nomen
4095 1111 4364 1179 tuum.

2584 1245 2840 1310 Nomen
2884 1246 3012 1311 Dei
3072 1257 3205 1325 est,
3261 1265 3390 1327 quo
3432 1252 3703 1328 propter
3745 1247 4026 1312 virtutes
4069 1267 4221 1311 suae
4265 1247 4367 1311 in-
4420 1268 4445 1284 ·

2412 1340 2515 1394 ter
2561 1329 2861 1397 homines
2914 1339 3318 1396 memoratur
3370 1352 3446 1396 ao
3500 1331 3890 1396 celebratur:
3949 1332 4168 1413 quales
4219 1337 4368 1397 sunt
4458 1373 4462 1378 -

2411 1417 2551 1481 eius
2587 1418 2925 1498 sapientia,
2949 1417 3000 1500 ¹)
3045 1417 3303 1500 bonitas,
3336 1417 3634 1497 potentia,
3672 1418 3938 1495 iustitia,
3971 1419 4218 1496 veritas,
4251 1418 4368 1481 mi-

2411 1502 2774 1567 sericordia.
2866 1502 3052 1568 Hanc
3095 1523 3235 1586 erqo
3277 1504 3660 1568 maiestatem
3703 1504 3775 1567 in
3816 1503 4121 1567 eius-rnodi
4171 1504 4368 1568 virtu-

2412 1589 2579 1652 tibus
2620 1589 3316 1669 sanctificmpuunus
3409 1593 3608 1667 [pago
3598 1594 3706 1668 58]
3751 1609 3874 1653 non
3916 1590 3988 1653 in
4030 1587 4167 1653 Deo
4210 1591 4368 1669 ipso,

2412 1674 2517 1738 cui
2561 1675 2735 1755 apud
2775 1692 2841 1738 se
2884 1593 3316 1738 nihilpm
3084 1674 3365 1739 accedere
3408 1679 3517 1739 aut
3560 1674 3842 1740 decedere
3872 1679 4110 1754 potest.-
4150 1695 4368 1739 verum

2418 1765 2486 1824 ut
2529 1759 2607 1823 ab
2649 1759 2933 1824 omnibus
2973 1764 3188 1824 sancta
3232 1758 3551 1838 habeatur,
3595 1759 3704 1824 hoc
3745 1766 3850 1839 est,
3894 1781 4033 1825 vere
4074 1780 4369 1844 aynosca-

2417 1850 2524 1909 tur
2577 1850 2631 1910 et
2682 1845 3129 1928 maqnificetur.
3217 1844 3305 1908 Et
3345 1845 3655 1926 quidquid
3706 1847 3839 1929 ayit
3894 1845 4100 1923 Deus,
4158 1847 4373 1911 omnia

2418 1932 2555 1996 eius
2597 1951 2787 2012 opera
2824 1930 3118 2014 yloriosa,
3161 1936 3233 1994 ut
3272 1936 3436 2011 sunt,
3483 1937 3856 2014 appareant,
3908 1937 4004 2010 ut,
4059 1933 4191 1996 sive
4232 1933 4370 2011 ipse

2405 2019 2669 2098 puniat,
2714 2018 2954 2081 iustus.-
2994 2018 3137 2082 sive-
3164 2017 3458 2100 iquoscat,
3503 2018 3892 2082 misericors.-
3936 2017 4064 2082 sive
4094 2020 4371 2097 praestet

2416 2104 2579 2183 quod
2610 2103 2934 2183 promisit,
2975 2123 3171 2167 verax
3199 2103 3616 2183 praedicetur.
3706 2103 3993 2184 Denique
4025 2101 4204 2167 nulla
4238 2122 4369 2166 orn-

2415 2189 2567 2253 nino
2605 2208 2710 2253 res
2751 2189 2852 2266 sit,
2896 2188 2968 2251 in
3012 2208 3139 2269 qua
3170 2209 3296 2253 non
3330 2190 3468 2253 eius
3496 2189 3705 2271 yloria
3739 2189 4051 2271 insculpta
4082 2188 4372 2267 reluceat,

2417 2279 2474 2344 et
2526 2274 2624 2338 ita
2666 2276 2737 2338 in
2780 2272 3068 2338 omnibus
3109 2273 3347 2338 annuis
3360 2324 3374 2352 ,
3433 2276 3504 2338 in
3545 2274 3831 2340 omnibus
3872 2275 4110 2358 linquis
4150 2273 4372 2339 laudes

2414 2359 2555 2424 eius
2584 2364 2935 2440 personent.

2538 2534 2948 2619 Secunda.
3056 2535 3489 2618 Adveniet
3548 2563 3912 2646 regnum
3977 2547 4243 2617 tuum.

2590 2685 2878 2769 Reynum
2892 2686 2948 2767 ²)
3006 2684 3135 2751 Dei
3188 2690 3278 2749 est
3294 2735 3308 2760 ,
3361 2690 3570 2749 sancto
3624 2705 3738 2749 suo
3793 2685 4027 2766 spiritu
4071 2705 4250 2767 ayere
4292 2705 4367 2749 ae

2410 2791 2823 2922 ἷρἵῖἕιεὲἕέ
2836 2770 3495 2922 ’mtswmmfflffi
3522 2790 3895 2935 mmmm
3778 2770 4368 2937 ΟἪΜἜΞΪ

2409 2961 2552 3007 sum
2574 2942 2879 3025 reprobos,
2922 2943 3035 3024 qui
3077 2961 3263 3027 reyno
3295 2961 3408 3007 suo
3451 2940 3680 3008 subiici
3727 2942 3953 3021 nolunt,
3980 2940 4248 3023 perdere
4292 2959 4367 3009 ac

2409 3029 2783 3111 confundere
2838 3035 2893 3094 et
2945 3028 3315 3111 sacrileyam
3370 3047 3585 3093 eorum
3628 2993 4060 3111 arroymitiam
4086 3033 4364 3108 proster-

2407 3134 2587 3179 nere:
2618 3136 2735 3197 quo
2766 3116 3167 3191 manifestum
3195 3113 3328 3195 fiat,
3364 3114 3608 3179 nullam
3640 3134 3772 3179 esse
3794 3118 4364 3196 potestatemquae

2407 3221 2563 3265 suae
2590 3204 2885 3283 potestati
2927 3202 3213 3267 resistere
3254 3205 3450 3281 queat.
3528 3199 3806 3265 Oramus
3846 3201 4076 3281 itaque,
4119 3204 4191 3263 ut
4229 3221 4364 3284 rey-

2407 3306 2561 3351 num
2603 3285 2733 3351 Dei
2776 3284 3102 3353 adveniat:
3145 3286 3255 3351 hoc
3296 3291 3402 3363 est,
3445 3291 3518 3349 ut
3546 3305 3775 3351 novum
3810 3287 3881 3349 in
3914 3286 4049 3349 dies
4079 3285 4364 3365 fidelium

2394 3372 2709 3454 populum
2752 3372 3069 3437 Dominus
3111 3371 3487 3469 multiplicet,
3538 3373 3650 3452 qui
3687 3371 3957 3454 yloriam
3997 3390 4183 3436 suam
4238 3392 4364 3437 mo-

2405 3457 2513 3522 dis
2553 3456 2842 3522 omnibus
2886 3457 3198 3535 celebrent,
3237 3458 3307 3521 in
3350 3476 3450 3521 eos
3486 3458 3846 3539 qratiamm
3887 3476 4153 3520 suarum
4184 3455 4361 3520 uber-

2405 3548 2592 3608 tatem
2636 3544 2883 3627 laryius
2922 3563 3164 3623 semper
3204 3543 3510 3623 effundat,
3542 3563 3666 3623 per
3707 3561 3866 3622 quas
3909 3541 4115 3622 maqis
4156 3542 4362 3607 indies

2406 3628 3623 3712 acmayisvivatinillisacreynet,
3678 3626 4180 3708 donecperfecte
4235 3626 4361 3691 sibi

2405 3715 2729 3780 adiunctos
2781 3720 2941 3779 totus
2998 3714 3286 3796 impleat.-
3338 3713 3533 3779 simul
3573 3718 3645 3777 ut
3687 3712 3882 3778 lucem
3926 3732 4002 3777 ac
4041 3712 4361 3777 veritatem

2404 3819 2591 3864 suam
2632 3803 2811 3865 novis
2852 3821 3095 3900 semper
3137 3801 3530 3863 incrementis
3564 3799 3859 3877 illustret,
3914 3798 4137 3879 quibus
4176 3795 4359 3862 Sata-

2404 3906 2552 3965 nae,
2611 3887 2906 3970 reynique
2949 3888 3089 3952 eius
3140 3884 3421 3950 tenebras
3474 3906 3547 3951 ac
3600 3884 3928 3949 mendacia
3980 3890 4357 3963 evanescant,

2403 3971 2839 4054 dispellantur,
2884 3992 2958 4037 ac
2987 3977 3272 4053 pereant.
3338 3970 3516 4036 Dum
3549 3976 3755 4036 autem
3787 3970 3953 4035 hunc
3994 3970 4066 4034 in
4106 3970 4360 4035 modum

2391 4078 2750 4141 precamur,
2794 4064 2865 4122 ut
2903 4078 3165 4142 reynum
3207 4056 3338 4122 Dei
3380 4056 3690 4136 adveniat,
3735 4057 3931 4122 simul
3970 4061 4257 4137 optamus
4288 4061 4358 4121 ut
4464 4112 4471 4113 .

2393 4143 2766 4227 perficiatur
2806 4144 3056 4210 tandem
3109 4147 3167 4206 et
3220 4143 3582 4224 impleatur:
3638 4145 3710 4207 iu
3760 4142 4190 4207 revelationem
4241 4144 4359 4206 sci-

2401 4230 2541 4295 licet
2583 4231 2809 4296 iudicii
2848 4231 3013 4309 eius,
3074 4248 3192 4327 quo
3234 4228 3337 4293 die
3376 4229 3550 4294 solus
3589 4231 3727 4310 ipse
3768 4227 4159 4306 exaltabitur,
4213 4229 4358 4292 erit-

2400 4336 2519 4396 que
2552 4319 2623 4381 in
2656 4316 2942 4382 omnibus
2975 4316 3188 4381 omnia
3232 4317 3294 4398 (1
3338 4314 3487 4380 Cor.
3533 4319 3630 4393 15,
3669 4317 3814 4394 28).·
3858 4314 4119 4379 collectis
4151 4334 4225 4377 ac
4261 4334 4358 4379 re-

2400 4403 2590 4483 ceptis
2632 4405 2703 4467 in
2741 4402 3011 4486 yloriam
3056 4407 3202 4480 [pag.
3242 4403 3351 4480 39]
3403 4401 3572 4479 suis,
3628 4421 3812 4484 reqno
3874 4419 4017 4465 vero
4077 4396 4356 4464 Satanae

2395 4487 2717 4554 deturbato
2748 4489 3010 4571 penitus
3050 4492 3110 4552 et
3138 4491 3478 4568 prostrato.

2401 4665 2718 4748 Tertia.
2824 4665 3025 4747 Fiat
3085 4663 3477 4746 voluntas
3543 4675 3717 4769 tua,
3780 4673 3883 4743 ut
3946 4662 4033 4743 in
4095 4664 4355 4771 coele,

3082 4784 3206 4864 ita
3264 4784 3352 4864 in
3414 4794 3664 4865 terra..

2581 4935 2795 5018 Quass)
2818 4934 3231 5031 postulamus,
3271 4938 3348 4996 ut
3379 4929 3926 5016 quemadmodum
3962 4932 4035 4995 in
4067 4931 4222 4997 coelo
4251 4953 4355 4998 so-
4402 4962 4422 4975 ·

2401 5020 2511 5099 let,
2554 5022 2649 5085 ita
2689 5022 2761 5084 in
2803 5026 2991 5100 terra,
3035 5019 3247 5083 omnia
3280 5038 3409 5101 pro
3450 5039 3571 5083 sua
3603 5020 3908 5083 voluntate
3942 5021 4229 5098 temperet
4260 5024 4354 5083 at-

2543 5228 2602 5293 1)
2624 5227 2808 5283 Instit.
2818 5243 2879 5295 p.
2901 5224 3017 5280 181.
3139 5223 3202 5293 2)
3224 5225 3367 5283 Ibid.
3384 5243 3439 5295 p.
3461 5223 3562 5278 182
3580 5240 3684 5294 seq.
3806 5219 4034 5289 3)1b=·d.
4048 5237 4108 5290 p.
4129 5221 4231 5276 184
4250 5238 4354 5293 seq.
