4984 5975
680 229 812 291 503

687 415 958 482 suadere
1086 418 1253 479 ssent
1296 415 1784 495 protestantibus
1835 419 1908 479 ut
1964 415 2051 480 ad
2108 412 2435 480 concilium
2476 413 2645 479 veni-

688 507 856 581 ναί,
1128 499 1365 565 omissa
1405 502 1647 565 ratione
1688 500 1783 565 vel
1828 501 2109 566 cautione
2151 498 2425 575 honesta,
2483 519 2645 580 quae

692 585 836 653 alos
877 586 1180 652 adduam
1211 590 1453 668 posset.-
1488 605 1611 651 non
1652 590 1811 651 esset
1841 605 2032 667 neque
2065 585 2305 651 rationi
2346 585 2628 649 alternum·
2629 634 2645 664 ,

692 691 886 754 neque
923 669 1199 752 difficile,
1243 675 1316 735 ut
1353 690 1557 751 supra
1597 671 1832 737 dietum
1872 677 1979 750 est,
2024 670 2274 753 aliquid
2307 670 2498 735 etnam'
2530 690 2645 735 aw-

694 756 845 823 maii
885 756 965 822 ab
1007 757 1170 838 ipsis
1200 761 1415 822 contra
1466 757 1740 822 Ture-am
1781 758 2063 823 obtinere.

867 874 1018 956 Quo
1062 874 1380 940 illustrior
1409 877 1526 940 fiat
1544 884 1821 959 paterna
1856 877 2025 943 sacri
2061 876 2431 942 consistorii
2444 898 2648 941 rman-

690 959 986 1036 suetudo,
1033 961 1140 1027 hic
1184 960 1453 1027 Caesari
1497 981 1571 1028 ac
1614 962 2021 1045 principibus
2062 961 2445 1040 mandatur,
2491 961 2649 1044 quid

693 1045 783 1111 sit
825 1047 1024 1111 officii
1066 1048 1167 1111 sui
1210 1048 1526 1112 futurum.
1598 1048 1853 1131 Nempe
1896 1057 1973 1112 ut
2013 1046 2098 1112 ad
2140 1046 2503 1132 cogendum
2543 1069 2648 1112 ar-

692 1133 855 1197 mati
893 1134 1406 1215 protestantibus
1430 1131 1764 1212 suadeant,
1804 1155 1889 1199 ne
1914 1154 2111 1216 quam
2134 1155 2174 1198 a
2208 1133 2504 1217 patribus
2525 1135 2648 1197 im-

810 1219 974 1283 itam
1031 1217 1155 1283 sibi
1208 1218 1421 1302 legem
1487 1221 1816 1303 suscipere
1875 1218 2267 1298 detrectent,
2327 1240 2454 1301 quo
2518 1220 2653 1283 sint

738 1301 929 1368 einde
972 1305 1331 1386 paratiores
1376 1303 1459 1369 ad
1500 1304 1941 1371 ulciscendam
1984 1305 2481 1382 contumaciam,
2519 1304 2649 1370 nisi

695 1389 1024 1472 extemplo
1060 1398 1350 1472 pareant.
1424 1390 1571 1455 Hoc
1608 1397 1830 1455 tamen
1867 1389 2019 1456 boni
2054 1400 2153 1456 est
2190 1390 2361 1473 quod
2398 1390 2648 1456 nullam

696 1475 1020 1540 rationem
1065 1474 1170 1540 vel
1214 1476 1582 1541 cautionem
1627 1474 1772 1541 vult
1810 1476 2026 1540 omitti
2041 1527 2056 1552 ,
2114 1497 2240 1558 quo
2284 1474 2519 1542 adduci
2566 1475 2648 1541 ad

696 1560 980 1626 officium
1026 1570 1286 1644 queant.
1376 1559 1510 1626 Sed
1571 1582 1703 1626 non
1746 1572 1846 1627 est
1888 1560 2066 1643 quod
2109 1561 2265 1628 hinc
2309 1562 2435 1627 sibi
2478 1561 2649 1626 mul-

694 1650 838 1711 tum
880 1653 1322 1729 protestantes
1362 1647 1678 1730 placeant.
1766 1647 2135 1712 Honestam
2186 1649 2361 1712 enim
2404 1647 2477 1711 in
2517 1647 2651 1730 pri-

696 1732 825 1796 mis
848 1752 988 1797 esse
1011 1733 1334 1815 oportebit
1359 1732 1531 1797 sedis
1559 1732 1949 1815 apostolicae
1983 1732 2341 1813 maiestati;
2375 1732 2500 1797 hoc
2535 1753 2651 1797 au-

694 1823 833 1882 tem
877 1838 959 1881 ex
1004 1819 1145 1882 eius
1191 1816 1623 1902 amplitudine
1668 1838 1836 1882 esse:
1884 1818 1957 1881 in
2001 1818 2249 1884 Ioanne
2292 1819 2544 1884 Hussio
2583 1827 2650 1884 et

693 1902 1112 1986 Hieronymo
1153 1902 1479 1988 Pragensi
1520 1902 1721 1969 semel
1764 1911 1866 1969 est
1907 1905 2355 1983 constitutum,
2401 1926 2486 1969 ne
2522 1924 2652 1987 qua

696 1988 781 2053 iis
823 2008 987 2069 quos
1029 1988 1390 2054 haereticos
1430 1987 1846 2067 iudicaverit,
1902 1998 2201 2054 servetur
2240 1990 2420 2055 fides.
2511 1989 2649 2056 Sti·

697 2072 1071 2155 pulationes
1138 2075 1272 2139 sint
1338 2076 1573 2152 factae,
1645 2074 2097 2141 iusiurandum
2164 2077 2647 2159 praestitutum,

816 2159 1079 2224 nsiones
1121 2159 1438 2225 bonorum
1492 2160 2011 2237 intercesserint,
2067 2160 2325 2226 obsides
2368 2161 2648 2245 denique

699 2251 838 2308 smt
882 2242 1036 2323 dati,
1082 2245 1265 2309 nulla
1308 2247 1377 2309 in
1420 2244 1524 2310 his
1550 2245 1854 2311 omnibus
1876 2256 2055 2310 certa
2096 2248 2443 2313 securitas:
2491 2254 2649 2313 sunt

696 2329 874 2394 enim
899 2329 1165 2395 vincula
1205 2329 1649 2415 astringendis
1694 2330 2066 2397 hominibus
2117 2331 2416 2411 inventa,
2461 2332 2648 2398 sedes

698 2413 1054 2497 apostolica
1091 2418 1269 2480 omni
1314 2417 1457 2501 lege
1497 2424 1600 2480 est
1643 2417 1954 2500 superior.

869 2588 987 2665 [fol.
1028 2591 1133 2662 451
1184 2584 1305 2649 Sin
1358 2590 1564 2652 autem
1605 2587 1959 2653 miestates
2009 2609 2165 2654 suae
2205 2590 2434 2671 absque
2474 2590 2651 2655 mala

694 2672 1023 2737 eoncordia
1065 2671 1390 2755 reliyionis
1432 2671 1595 2737 nihil
1633 2678 1846 2737 eontra
1886 2674 2161 2740 Turcam
2203 2674 2472 2742 obtinere
2503 2696 2652 2757 pos-

695 2762 847 2835 sent,
882 2757 1218 2821 videndum
1260 2762 1352 2822 est
1391 2757 1597 2838 etiam,
1633 2757 1798 2840 quod
1839 2759 1924 2825 sit
1963 2762 2178 2826 maius
2214 2761 2650 2827 detrimentum

696 2847 755 2907 et
788 2843 943 2923 qaid
997 2843 1172 2908 cedat
1222 2843 1294 2906 in
1335 2844 1635 2908 maiorem
1668 2843 1797 2909 Dei
1840 2846 2255 2927 offensionem,
2312 2868 2400 2912 an
2442 2848 2652 2928 ipsius

697 2927 826 2994 Dei
875 2948 1090 2994 verum
1131 2928 1363 2994 cultum
1404 2949 1479 2996 ae
1526 2929 1885 3015 reliq-ionem
1936 2931 2201 3012 destrui,
2265 2933 2427 3015 quod
2477 2932 2654 3014 fieret

694 3016 945 3095 quando
994 3016 1340 3079 Germania
1395 3016 1465 3079 in
1518 3017 1684 3082 malo
1728 3038 1850 3099 pro
1905 3019 2233 3084 concordia
2288 3020 2650 3099 conveniret,

697 3119 785 3164 an
826 3101 1035 3182 ipsius
1082 3099 1462 3165 Germaniae
1513 3102 1757 3167 auxilio
1799 3108 2011 3168 eontra
2061 3104 2336 3169 Tuo-eam
2376 3105 2648 3169 destitui.

704 3184 850 3249 Non
893 3186 1056 3249 enim
1100 3186 1287 3267 facile
1327 3187 1602 3252 discerni
1643 3192 1841 3270 potest
1893 3191 1990 3272 (ut
2041 3189 2379 3255 christiane
2436 3191 2652 3271 loqua-

698 3271 874 3353 mur)
917 3272 1029 3353 qui
1063 3272 1193 3336 sint
1223 3273 1606 3339 inimiciores
1631 3273 1894 3352 Christe,
1919 3280 2340 3356 protestantes
2373 3297 2459 3341 an
2486 3277 2652 3341 Tur-

695 3377 821 3436 cae,
866 3358 1021 3438 quia
1062 3357 1131 3420 Izi
1164 3358 1477 3439 captivant
1514 3365 1571 3425 et
1611 3360 1891 3425 occidant
1932 3380 2177 3442 eorpus,
2224 3361 2324 3426 illi
2366 3364 2649 3444 captivas

696 3445 931 3510 ducunt
972 3444 1223 3508 animas
1264 3449 1321 3508 et
1368 3445 1437 3509 in
1466 3446 1882 3526 perditionem
1925 3446 2212 3527 trakaun-
2264 3468 2389 3513 non
2429 3453 2651 3532 coquat

696 3528 767 3593 lu·
808 3529 1163 3612 reliyicmem
1203 3535 1474 3608 mutare,
1517 3531 1619 3596 illi
1662 3531 1778 3596 sub
1820 3534 2021 3612 specie
2062 3532 2205 3599 boni
2247 3538 2649 3615 comunpunt

697 3614 1060 3699 reliqionem
1101 3636 1177 3679 ac
1213 3616 1555 3680 destruunt.
1645 3617 1774 3682 His
1814 3617 2014 3699 ἰθεῖαν
2054 3618 2340 3684 omnibus
2377 3640 2646 3701 per-pem

694 3702 794 3765 sis
822 3706 1115 3782 poterunt
1149 3702 1502 3767 maiestates
1542 3722 1694 3767 suae
1745 3704 1973 3768 rectius
2015 3703 2356 3770 deliberare
2397 3706 2553 3786 quid
2595 3710 2649 3770 et

699 3806 818 3866 quo
861 3788 1036 3851 modo
1075 3787 1387 3870 ayendum
1429 3788 1528 3851 sit.

869 3921 963 3985 Et
1004 3923 1111 3986 hic
1153 3923 1427 3989 mirifice
1470 3922 1684 3989 elucet
1726 3926 1871 4008 pius
1914 3926 1983 3990 in
2012 3925 2386 4005 Caesarem,
2421 3948 2646 4011 regem

696 4027 1050 4089 omnesque
1102 4008 1359 4089 imperii
1416 4009 1743 4093 principes
1800 4031 2009 4095 papae
2053 4013 2326 4079 affectus
2380 4020 2450 4077 et
2492 4035 2648 4078 vere

696 4099 975 4177 paterna
1018 4092 1099 4156 de
1138 4094 1432 4175 ipsorum
1474 4094 1685 4160 salute
1719 4096 2101 4163 sollicitudo.
2169 4097 2346 4181 Quia
2379 4107 2649 4164 veretur

697 4186 965 4244 sanctus
1020 4186 1207 4260 pater
1248 4201 1333 4245 ne
1386 4181 1716 4262 puriorem
1760 4182 2123 4249 doctrinam
2167 4182 2537 4267 recipiendo
2581 4191 2648 4248 et

699 4264 781 4329 de
860 4264 1164 4330 ecclesiae
1234 4266 1696 4332 reformatione
1738 4324 1754 4349 ,
1772 4268 2118 4353 cogitando
2133 4321 2147 4347 ‚
2215 4270 2648 4337 conscientias

696 4370 851 4416 suas
895 4349 1108 4416 laesae
1161 4371 1466 4416 romanae
1517 4353 1891 4437 tyrannidis
1934 4354 2251 4440 obligent,
2298 4356 2420 4422 hoc
2461 4362 2647 4421 tanto

697 4434 1072 4501 discrimine
1114 4445 1374 4502 mature
1429 4458 1540 4503 eos
1589 4438 1842 4505 liberat.
1946 4440 2094 4506 Non
2151 4441 2328 4507 enim
2383 4449 2648 4507 tantum

696 4523 916 4585 omnia
949 4521 1101 4587 huic
1135 4523 1254 4587 uni
1289 4523 1664 4605 posthaberi
1705 4525 1887 4591 iubet
1923 4536 1999 4591 ut
2036 4536 2462 4593 coerceantur
2496 4548 2645 4611 pro-

696 4614 1034 4684 testantes,
1070 4607 1184 4673 sed
1219 4610 1613 4692 persuadere
1648 4610 1928 4695 denique
1947 4622 2241 4689 conatur,
2277 4613 2472 4698 longe
2508 4635 2647 4680 me-

695 4692 825 4758 lius
869 4694 1005 4759 fore
1047 4702 1123 4758 ut
1158 4695 1391 4760 'Parcis
1433 4717 1503 4760 se
1544 4697 1763 4779 potius
1851 4698 2090 4763 rodant
2131 4699 2471 4780 Germani,
2515 4701 2647 4764 imo

695 4776 1001 4845 civilibus
1051 4800 1126 4845 ac
1178 4779 1509 4845 intestinis
1565 4781 1776 4848 discor
1826 4785 1902 4850 ”s
1954 4784 2193 4861 fractos
2250 4786 2390 4851 eius
2438 4785 2646 4851 lanie-

696 4886 826 4930 nae
870 4887 940 4930 se
983 4866 1306 4943 obiiciant,
1353 4887 1551 4949 quam
1593 4877 1668 4931 ut
1712 4870 2107 4936 reclamante
2144 4892 2266 4937 sua
2301 4872 2647 4937 sanctitate

696 4950 772 5015 in
823 4949 1234 5017 concordiam
1289 4961 1357 5016 et
1409 4952 1585 5034 piam
1643 4963 1710 5018 et
1763 4957 2016 5037 patriae
2080 4958 2438 5023 salutarem
2497 4977 2646 5022 cum

694 5038 1206 5121 protestantibus
1247 5036 1535 5103 redeant.
1634 5038 1969 5124 Principio
2011 5040 2092 5108 de
2133 5044 2649 5128 protestantibus

694 5120 786 5188 ad
826 5122 1261 5190 obedientiam
1303 5142 1612 5189 romanae
1646 5124 1818 5191 sedis
1853 5127 2242 5195 reducendis
2276 5128 2647 5213 posthabito

2178 207 2702 292 consmmu
2743 224 3034 302 mum
3073 225 3201 291 m.

4535 240 4642 304 504

2747 412 3017 479 concilio
3073 413 3184 497 agi
3198 463 3215 491 ,
3276 410 3431 496 quid
3483 411 3666 476 aliud
3729 418 3830 476 est
3882 397 4076 495 quam
4133 431 4414 497 repressa
4453 442 4645 492 comm

2747 499 3275 582 importunitate,
3332 499 3445 581 qui
3500 497 3818 564 adversus
3957 504 4281 566 rtentosas
4329 501 4476 569 cleri
4523 507 4646 575 libi-

2749 583 2934 650 dines
2973 584 3341 662 mussitant,
3385 582 3558 648 male
3602 582 3842 667 agendi
3912 582 4214 649 ‘centiam
4257 586 4321 650 in
4361 599 4647 671 posterum

2751 671 3067 737 maiorem
3118 667 3412 754 erigere?
3470 678 3539 734 et
3590 668 3820 735 deletis
3879 667 4180 735 omnibus
4232 673 4338 753 qui
4397 687 4648 745 sanctam

2751 756 2972 822 sedem
3027 756 3420 839 inquietant,
3466 776 3729 819 omnem
3777 754 3880 819 vel
3926 760 4043 833 [fol.
4083 761 4192 835 46]
4235 762 4649 830 correctionem

2751 842 2859 908 vel
2923 842 3450 907 reformationem
3515 838 3905 906 excludere?
4014 841 4260 907 Vetare
4325 855 4525 911 autem
4583 871 4650 915 ne

2750 949 2880 1012 qua
2921 925 3280 1007 concordia,
3327 927 3454 992 nisi
3499 947 3584 992 ex
3628 926 3835 991 animi
3879 928 3978 991 sui
4021 929 4375 1006 sententia,
4417 933 4651 1017 recipia-

2751 1022 2878 1089 tur,
2923 1013 3081 1096 quid
3122 1012 3302 1077 aliud
3331 1019 3448 1078 ‘est
3487 1033 3685 1096 quam
3727 1009 4127 1077 denunciare
4167 1015 4652 1086 irreconciliabile

2753 1098 3115 1177 dissidium,
3162 1097 3366 1164 donee
3409 1098 3551 1181 ipse
3594 1099 3809 1163 omnis
3854 1097 4114 1181 pietatis
4158 1098 4549 1169 adversarius
4586 1105 4652 1171 iis

2753 1183 3234 1250 conditionibus
3304 1205 3534 1267 pacem
3588 1180 3868 1260 dederit,
3927 1204 4092 1265 quae
4133 1186 4448 1252 exstincta
4485 1210 4652 1254 evan·

2753 1269 2911 1354 gelii
2966 1270 3110 1335 luce
3163 1269 3508 1335 Christum
3565 1276 3778 1333 totum
3833 1290 3917 1333 ex
3975 1269 4315 1335 hominum
4371 1273 4653 1341 mentibus

2753 1354 3117 1422 obliterent.
3187 1352 3325 1421 Sed
3366 1354 3636 1422 videbor
3675 1354 3775 1419 illi
3817 1355 4130 1420 iniuriam
4173 1356 4395 1434 facere,
4435 1361 4652 1442 quande

2754 1441 2947 1526 longe
2986 1439 3168 1505 aliud
3210 1461 3368 1524 prae
3412 1462 3482 1507 se
3525 1442 3669 1506 fert.
3741 1440 3988 1506 Videre
4024 1442 4203 1506 enim
4235 1441 4425 1522 iubet,
4464 1455 4654 1511 utrum

2755 1528 2841 1593 sit
2891 1527 3103 1611 magis
3159 1526 3430 1591 noxium
3488 1535 3557 1591 et
3610 1526 3696 1590 in
3738 1527 4054 1592 maiorem
4109 1528 4235 1592 Dei
4278 1528 4653 1595 offensionem

2754 1634 3110 1690 cessurum,
3157 1611 3644 1677 Germaniaene
3689 1611 3934 1677 auxilio
3980 1612 4244 1678 destitui
4289 1613 4652 1681 Christianos

2754 1708 2981 1765 contra
3022 1699 3322 1774 Tuream,
3368 1719 3451 1763 an
3495 1698 3702 1781 ipsius
3745 1696 3873 1763 Dei
3916 1697 4169 1764 cultum
4213 1707 4280 1763 et
4316 1700 4654 1784 religionem

2755 1784 3024 1849 destrui.
3135 1784 3435 1849 Tantane
3511 1784 3816 1866 impietas
3881 1793 3983 1849 est
4057 1788 4538 1867 protestantium
4593 1796 4654 1852 ut

2755 1869 2936 1935 nulla
2989 1891 3139 1935 cum
3193 1869 3324 1934 illis
3375 1890 3508 1952 pax
3562 1869 3790 1934 haberi
3843 1879 4042 1953 queat
4105 1870 4237 1935 nisi
4299 1892 4508 1937 everso
4547 1873 4655 1938 Dei

2751 1955 2948 2034 cultu,
2996 1955 3312 2040 religione
3350 1955 3613 2020 excisa?
3701 1955 3855 2020 Non
3920 1965 4022 2020 est
4062 1955 4370 2022 credibile
4421 1977 4518 2021 eos
4562 1959 4654 2039 qui

2752 2040 3084 2107 doetrinae
3148 2061 3306 2106 suae
3370 2061 3696 2106 summam
3761 2040 4211 2124 publicarunt,
4276 2043 4435 2107 nihil
4481 2043 4653 2126 magis

2755 2125 3133 2192 desiderant
3171 2147 3367 2210 quam
3413 2127 3495 2192 ab
3540 2127 3842 2193 omnibus
3881 2127 4010 2209 piis
4045 2129 4404 2193 examinari
4420 2180 4434 2206 ‚
4486 2127 4557 2192 de
4591 2148 4652 2192 ea

2751 2212 3121 2278 satisfacere
3164 2211 3351 2277 bonis
3385 2212 3691 2278 omnibus
3731 2213 3948 2295 parati
3982 2221 4154 2290 sunt,
4200 2234 4331 2279 non
4540 2214 4656 2279 'unt

2752 2298 3254 2364 ecclesiasticum
3311 2296 3624 2365 iudicium
3641 2349 3656 2375 ,
3712 2298 3844 2364 huc
3885 2298 4157 2364 tendere
4201 2301 4297 2364 sic
4415 2321 4488 2365 en
4530 2319 4564 2363 o
4598 2306 4654 2363 ut

2754 2383 2983 2483 religio
3038 2405 3358 2466 verusque
3410 2381 3540 2449 Dei
3605 2383 3822 2450 cultus
3875 2384 4277 2451 destruatur.
4335 2321 4492 2451 agad
4527 2383 4654 2466 quid

2752 2471 3142 2537 coniecturis
3195 2469 3620 2554 pugnandum
3668 2469 3811 2535 est?
3866 2470 4050 2553 quasi
4109 2472 4208 2534 rei
4255 2471 4485 2537 veritas
4535 2488 4653 2553 pro-

2750 2555 2859 2620 cul
2900 2554 3192 2621 eruenda
3232 2556 3335 2633 sit,
3381 2576 3512 2639 qua
3554 2555 3722 2620 nihil
3767 2562 3868 2621 est
3910 2556 4218 2638 apertius.
4299 2557 4546 2640 Integer
4574 2563 4654 2619 est

2752 2640 3004 2708 scilicet
3039 2650 3106 2706 et
3150 2638 3441 2706 illibatus
3476 2640 3609 2706 Dei
3644 2642 3859 2707 cultus
3901 2641 4022 2708 sub
4067 2662 4270 2726 papa,
4306 2642 4415 2708 ubi
4466 2651 4553 2706 tot
4584 2639 4654 2704 dii

2751 2728 3117 2810 eriguntur,
3163 2740 3324 2810 quot
3366 2735 3831 2792 consecrantur
3865 2729 3946 2794 ab
3988 2748 4065 2792 eo
4100 2728 4332 2808 sancti,
4381 2727 4479 2793 ubi
4511 2746 4653 2793 crea·

2752 2820 2939 2877 turae
2997 2832 3118 2895 pro
3171 2812 3312 2895 ipso
3357 2810 3505 2876 Deo
3560 2813 3981 2891 invocantur,
4027 2813 4140 2879 ubi
4183 2814 4266 2879 de
4311 2813 4541 2881 Christi
4574 2813 4654 2877 in·

2753 2898 3143 2965 tercessione
3156 2948 3174 2977 ,
3228 2919 3358 2981 qua
3412 2897 3551 2964 sola
3609 2919 3802 2964 verus
3862 2897 3992 2964 Dei
4047 2899 4267 2966 cultus
4323 2901 4652 2974 sustinetur,

2753 2983 2962 3049 altum
2998 2990 3099 3050 est
3133 2983 3488 3062 silentium,
3526 2984 3638 3050 ubi
3674 2985 3896 3051 omnia
3929 3007 4095 3069 quae
4128 2984 4383 3053 Christi
4414 2984 4655 3052 maxime

2751 3071 3014 3154 propria
3056 3077 3213 3136 sunt
3254 3070 3336 3134 ad
3373 3069 3700 3136 sanctulos
3735 3072 3959 3137 nescio
3993 3093 4154 3154 quos
4197 3073 4653 3145 transferuntur,

2751 3157 2862 3222 ubi
2929 3164 3338 3221 mortuorum
3404 3155 3728 3225 cadavera
3805 3158 4027 3242 palam
4107 3157 4487 3236 adorantur,
4568 3154 4655 3220 ubi

2753 3241 3163 3325 supplicatur
3204 3243 3439 3307 statuis
3483 3251 3549 3307 et
3632 3243 3879 3322 icturis,
3924 3243 4037 3309 ubi
4081 3243 4363 3328 denique
4405 3263 4526 3308 non
4557 3240 4654 3304 nisi

2750 3327 3191 3411 praeposteris
3239 3327 3456 3393 modis
3511 3348 3586 3393 co
3616 3329 3751 3393 'tur
3792 3327 3980 3394 Deus
4034 3330 4176 3413 ipse
4230 3351 4350 3414 pro
4391 3349 4502 3395 sua
4538 3348 4655 3412 por-

2753 3415 2949 3479 tione.
3051 3411 3231 3495 Quid
3285 3413 3506 3477 enim?
3576 3435 3660 3479 an
3711 3414 4050 3499 legitimus
4093 3424 4195 3481 est
4239 3418 4406 3481 ritus
4445 3408 4656 3480 colendi

2751 3499 2922 3565 Dei?
2979 3498 3252 3565 vocibus
3307 3521 3440 3565 non
3497 3499 3845 3565 intellectis
3895 3500 4139 3567 multas
4181 3501 4379 3568 horas
4419 3502 4483 3566 in
4523 3508 4655 3562 tem·

2749 3586 2879 3669 plis
2922 3583 3232 3651 detonare
3247 3637 3264 3664 ,
3311 3583 3466 3651 thus
3511 3585 3789 3665 adolere,
3834 3586 4142 3652 candelas
4184 3588 4431 3653 multas
4469 3603 4658 3651 accen·

2753 3670 2934 3749 dere,
2991 3670 3220 3737 multis
3276 3671 3673 3738 histrionicis
3717 3673 4143 3738 caeremoniis
4185 3675 4408 3740 oculos
4449 3667 4657 3751 simpli·

2752 3757 2925 3820 cium
2969 3755 3313 3835 oblectare,
3359 3757 3625 3822 interim
3671 3757 3924 3822 nullam
3963 3759 4198 3825 afferre
4243 3759 4442 3824 animi
4481 3764 4658 3821 atten-

2750 3843 3024 3919 tionem,
3069 3864 3188 3907 nec
3232 3841 3412 3907 aliud
3453 3862 3649 3926 quam
3689 3843 4145 3927 obstupescere
4188 3847 4263 3909 in
4308 3845 4436 3910 illis
4479 3848 4659 3907 exter·

2752 3928 2853 3992 nis
2876 3927 3175 4010 pompis?
3231 3927 3422 3994 Alius
3456 3949 3616 3993 sane
3650 3928 3812 3994 deus
3832 3931 4248 4013 quaerendus
4281 3938 4466 4009 esset,
4497 3944 4661 4011 quam

2754 4014 2816 4112 is
2826 4013 2986 4163 htillui„
3034 4013 3225 4078 toties
3281 4015 3642 4113 asseverat,
3699 4035 3925 4115 omnes
3980 4016 4130 4082 illas
4166 4014 4661 4166 1giesticulatiessZ

2753 4121 2824 4164 m
2965 4120 3034 4164 se
3077 4119 3338 4178 morari,
3383 4119 3496 4165 cor
3537 4120 3901 4183 reqmrere,
3949 4123 4080 4166 non
4125 4125 4165 4167 a
4216 4125 4334 4167 um
4375 4120 4508 4168 esse

2751 4186 3194 4250 remoniarum
3237 4206 3432 4250 usum
3471 4186 3599 4250 nisi
3642 4195 3717 4251 ut
3758 4186 3949 4251 nobis
3992 4188 4141 4266 sint,
4186 4209 4311 4271 pro
4354 4185 4533 4253 modo
4570 4202 4661 4246 ru·

2752 4270 2975 4336 ditatis
3017 4278 3298 4345 nostrae,
3343 4271 3426 4336 ad
3466 4273 3777 4354 pietatem
3810 4274 4144 4353 exercitia;
4189 4274 4482 4360 linguam
4513 4290 4574 4335 se
4604 4267 4662 4330 in

2733 4357 3051 4443 ‚precibus
3097 4357 3492 4435 abominari,
3547 4358 3652 4423 cui
3692 4379 3879 4422 mens
3925 4378 4058 4424 non
4103 4359 4467 4444 respondet.

2751 4462 2873 4526 ego
2917 4442 3080 4509 haec
3115 4463 3248 4507 non
3295 4442 3551 4527 longius
3582 4464 3955 4527 persequar,
3991 4446 4146 4528 qnia
4179 4445 4407 4511 multis
4438 4444 4661 4527 piorum

2752 4528 3014 4611 scriptis
3069 4528 3428 4594 clarissime
3482 4528 4003 4595 demonstratum
4055 4539 4186 4611 est,
4246 4540 4450 4597 totum
4484 4541 4659 4610 papa-

2753 4624 2893 4679 tum
2945 4615 3262 4681 crassiore
3323 4612 3627 4679 idolatria
3686 4614 4080 4699 implicitum
4133 4637 4278 4683 esse
4291 4669 4307 4695 ‚
4371 4632 4548 4699 quam
4595 4616 4662 4671 ut

2752 4699 2972 4782 aliqua
3026 4701 3448 4767 excusatione
3501 4700 3700 4766 celari
3743 4702 4026 4784 amplius
4069 4703 4275 4786 possit
4317 4712 4494 4767 tanta
4529 4693 4662 4761 abo·

2750 4786 3043 4852 minatio.
3122 4786 3576 4852 Protestantes
3619 4796 3840 4851 autem
3876 4789 4035 4853 satis
4099 4797 4415 4855 testatum
4445 4777 4661 4849 mundo

2749 4871 3073 4950 fecerunt,
3135 4893 3207 4938 se
3260 4893 3394 4936 non
3439 4871 3571 4937 alia
3608 4873 3863 4938 ratione
3907 4872 4249 4953 adductos,
4297 4885 4373 4939 ut
4408 4880 4536 4937 tam
4573 4886 4660 4966 ifr-

2746 4958 2948 5023 duam
2992 4980 3068 5024 ac
3110 4957 3442 5023 difficilem
3484 4979 3750 5024 causam
3787 4961 4220 5043 susciperent,
4263 4960 4394 5025 nisi
4433 4966 4506 5023 ut
4539 4972 4660 5019 vm·

2751 5042 3046 5110 dicarent
3086 5042 3336 5107 cultum
3379 5042 3509 5109 Dei
3544 5065 3620 5109 ae
3661 5065 3819 5111 suae
3852 5046 4214 5131 integritati
4247 5044 4658 5111 restituerent,

2750 5150 2944 5213 qnem
2990 5128 3232 5194 talibus
3273 5130 3786 5212 inquinamentis
3827 5131 4089 5213 violari,
4134 5133 4305 5198 ferre
4338 5151 4468 5196 non
4504 5132 4658 5211 pote·
