4984 5975
391 284 521 349 47⁷

380 470 666 537 'vabitur
739 468 1097 553 quidqua'm
1110 520 1128 549 ,
1206 470 1263 533 si
1326 468 1616 535 ecclesiis
1687 469 2115 552 permittatur
2176 467 2352 552 quod

395 555 732 622 Dominus
756 554 839 620 de
874 554 1268 621 eucharistia
1308 554 1451 639 ipoe
1482 554 1787 635 instituit,
1832 561 1901 620 et
1922 554 2004 620 de
2028 552 2352 621 connubio

400 648 549 708 tum
591 661 713 725 per
752 661 852 720 se,
898 647 1040 705 tum
1083 660 1203 723 per
1241 640 1609 724 apostolum
1666 661 1860 707 suum
1901 638 2122 707 docuit
2132 664 2149 720 ;
2205 646 2352 705 tan-

398 733 551 792 tum
593 747 760 810 quae
801 725 1317 792 vetustissimam
1359 725 1606 791 habent
1644 726 1986 811 originem,
2031 733 2101 791 et
2121 745 2351 809 quam.
2392 748 2411 766 «ν

401 812 516 877 diu
560 810 760 878 stabit
800 811 924 878 hoc
944 811 1281 877 saeculum
1321 818 1708 895 perpetuam
1740 811 2214 877 firmitudinem
2235 809 2350 876 ob-

397 898 612 964 tinere
666 897 933 975 debent,
992 895 1428 962 stabilientur.

395 983 521 1048 has
564 982 726 1048 duas
741 1035 757 1061 ,
818 983 922 1049 vel
963 982 1134 1048 ullas
1193 982 1355 1049 alias
1397 1003 1530 1062 res,
1629 1003 1749 1048 uas
1797 981 2062 1066 quidem
2095 989 2350 1065 protes-

392 1075 616 1135 tantes
638 1066 903 1135 concedi
925 1068 1050 1134 sibi
1070 1075 1323 1151 petunt,
1348 1004 1694 1135 concordia
1710 1068 2120 1151 impedietur.
2166 1066 2350 1132 Dum

397 1154 576 1228 enim
595 1161 1041 1237 protestantes
1074 1153 1243 1218 nihil
1285 1155 1413 1221 nisi
1447 1152 1618 1237 quod
1638 1152 1967 1220 Dominus
2010 1161 2127 1219 aut
2167 1153 2352 1219 iubet

396 1246 517 1305 aut
569 1238 867 1306 concedit
882 1291 896 1319 ,
952 1239 1248 1325 permitti
1301 1240 1423 1306 sibi
1481 1239 1818 1323 postulant
1832 1291 1848 1317 ,
1904 1261 2026 1305 nec
2074 1240 2349 1323 quisque

395 1333 501 1392 est
541 1324 885 1391 hominum
907 1327 1021 1409 qui
1063 1345 1143 1390 ea
1183 1346 1351 1408 quae
1382 1325 1703 1408 praecipit
1734 1324 1842 1391 vel
1876 1323 2178 1410 indulget
2209 1326 2349 1392 Do-

394 1411 624 1476 minus
675 1410 811 1477 ullo
866 1412 1010 1477 iure
1066 1419 1290 1477 vetare
1345 1419 1544 1495 queat
1554 1435 1570 1491 ;
1628 1410 1799 1475 nihil
1855 1420 2032 1477 certe
2090 1411 2348 1478 obstare

396 1497 643 1581 poterit
658 1548 674 1577 ,
727 1498 1082 1580 quominus
1139 1497 1469 1564 universis
1523 1497 1593 1561 in
1651 1495 1939 1562 Domino
1982 1496 2347 1574 conveniat,

394 1582 525 1648 nisi
588 1583 726 1649 sint
785 1582 1047 1665 quidam
1117 1582 1229 1665 qui
1284 1583 1496 1647 nolint
1549 1580 1894 1648 Christum
1959 1582 2134 1665 apud
2198 1603 2349 1648 suos

390 1688 692 1753 regnare.

569 1838 718 1904 Etsi
781 1845 1190 1921 &poneretur
1245 1840 1404 1921 forte
1465 1840 1629 1921 quod
1691 1839 2074 1920 confirmatio
2136 1858 2347 1904 corum

395 1944 563 2007 quae
606 1925 771 2007 ipsis
815 1926 1331 2005 permitterentur
1379 1927 1628 1991 ratione
1669 1927 1860 2005 pacis
1901 1931 1959 1989 et
1988 1926 2349 1991 concordiae

398 2012 533 2075 sive
574 2033 619 2076 a
667 2011 810 2076 sede
851 2011 1194 2091 apostolica
1237 2011 1370 2076 sive
1413 2032 1456 2076 a
1512 2015 1630 2089 [fol.
1682 2015 1785 2088 15]
1841 2011 2096 2077 concilio
2127 2014 2348 2092 postea

391 2097 532 2179 peti
545 2102 777 2177 posset,
810 2103 1044 2161 certum
1079 2102 1167 2161 est
1208 2101 1410 2162 tamen
1445 2097 1610 2179 quod
1642 2097 1703 2161 is
1736 2116 2069 2161 consensus
2088 2115 2212 2159 non
2243 2116 2347 2161 ex·

394 2188 803 2263 spectaretur,
840 2182 952 2246 sed
984 2182 1199 2246 statim
1234 2182 1304 2246 in
1326 2202 1467 2246 eum
1500 2201 1686 2246 usum
1724 2185 1930 2262 utpote
1965 2181 2091 2246 sibi
2120 2182 2350 2265 gyratis-

390 2268 630 2332 simum
670 2269 1000 2332 veniretur.

568 2378 721 2443 Non
779 2387 882 2444 est
932 2399 1160 2443 earum
1218 2397 1437 2443 rerum
1493 2376 1777 2461 petenda
1829 2377 1911 2443 ab
1976 2376 2350 2443 hominibus

389 2464 801 2529 confirmatio
838 2485 1000 2546 quas
1041 2463 1334 2529 instituit
1378 2469 1443 2527 et
1486 2463 1805 2529 concessit
1842 2464 2047 2529 Deus.

1529 897 1758 980 Neque
1822 898 2028 982 igitur
2083 902 2352 981 propter

574 2635 708 2715 Quo
747 2634 915 2715 facto
964 2633 1312 2700 Germania
1357 2635 1489 2698 iam
1529 2634 1712 2699 unita
1746 2635 1911 2699 inter
1950 2655 2017 2699 se
2061 2639 2116 2698 et
2149 2655 2350 2717 recep-

389 2718 476 2785 tis
526 2719 757 2784 ritibus
801 2721 912 2800 qui
956 2720 1080 2784 sthi
1110 2720 1458 2800 placerent,
1510 2719 1755 2784 nullam
1807 2740 2023 2785 curam
2069 2720 2351 2801 mplius

384 2809 623 2888 yereret
655 2804 731 2870 de
771 2804 1039 2870 concilio.

562 2924 715 2990 Non
773 2924 897 2989 hoc
951 2923 1199 3008 agitur,
1258 2925 1372 2991 sed
1417 2935 1492 2992 ut
1535 2926 1623 2992 sit
1665 2926 1908 2991 rituum
1958 2923 2190 2991 modus
2235 2924 2347 3009 qui

386 3031 541 3076 cum
580 3009 783 3077 verbo
826 3009 1097 3075 Domini
1139 3014 1458 3095 congruit.

571 3181 684 3246 Ex
705 3203 828 3264 quo
849 3187 1205 3262 sequeretur
1238 3183 1468 3248 divisio
1500 3184 1779 3263 corporis
1801 3188 1859 3247 et
1879 3184 2146 3249 unitatis
2166 3183 2344 3250 eccle-

387 3269 549 3349 siae,
594 3286 791 3349 quum
833 3261 891 3332 ii
924 3287 1082 3331 usus
1136 3271 1193 3331 et
1230 3270 1602 3334 mutationes
1868 3269 1943 3333 in
1968 3268 2207 3334 Galliis
2242 3290 2346 3335 ne-

386 3374 509 3436 que
551 3355 624 3418 in
647 3353 997 3435 Hispaniis
1028 3373 1222 3433 neque
1254 3354 1327 3417 in
1353 3349 1552 3419 Italia
1584 3373 1775 3435 neque
1805 3354 1875 3418 in
1908 3354 2061 3419 aliis
2081 3356 2343 3434 provin-

392 3441 515 3505 ciis
549 3439 1030 3505 christianitatis
1072 3444 1275 3503 essent
1315 3445 1604 3524 receptae.

562 3552 989 3618 Restituatur
1043 3551 1284 3634 ubique
1337 3550 1666 3636 evangelii
1717 3548 1927 3615 libera
1980 3558 2049 3615 et
2089 3550 2343 3617 sincera

390 3637 792 3724 praedicatio
835 3644 902 3702 et
943 3636 1127 3702 nulla
1169 3638 1240 3701 in
1284 3637 1465 3704 hisce
1484 3636 1748 3721 quidem
1794 3637 1989 3702 rebus
2031 3657 2192 3720 quas
2236 3657 2341 3702 re-

386 3725 662 3877 ffiunt
726 3730 1173 3808 protestantes
1238 3722 1491 3807 reliqua
1540 3722 1833 3789 manebit
1884 3721 2061 3805 apud
2114 3721 2340 3789 fideles

533 3810 639 3875 'sti
691 3810 978 3876 varietas
991 3861 1007 3887 ,
1063 3829 1230 3892 quae
1280 3810 1773 3877 consensionem
1812 3819 1879 3874 et
1918 3829 2147 3892 pacem
2199 3816 2340 3874 tur-

380 3895 512 3963 bet.
608 3894 797 3961 Nihil
846 3895 1051 3973 enim,
1118 3901 1198 3959 ut
1254 3895 1501 3962 dictum
1555 3902 1681 3974 est,
1864 3895 2090 3960 uirunt
2144 3914 2341 3978 quam

386 3979 564 4066 quod
606 3981 934 4047 Dominus
976 3982 1118 4064 ipse
1159 3982 1493 4065 praecepit
1526 3990 1592 4045 et
1633 3979 1717 4045 ad
1854 3987 2039 4047 utem
2072 4001 2340 4047 suorum

386 4068 696 4135 instituit.
797 4066 1230 4133 Caeterarum
1292 4067 1820 4133 observationum
1877 4066 2168 4133 ecclesiis
2221 4088 2342 4132 sua

386 4162 489 4221 est
532 4152 965 4237 relinquenda
1005 4150 1291 4218 libertas.
1362 4152 1600 4219 Unitas
1644 4153 1823 4218 enim
1865 4152 2172 4219 ecclesiae
2206 4171 2341 4217 non

386 4240 458 4306 in
502 4238 753 4306 eisdem
790 4237 1050 4317 ritibus,
1096 4237 1212 4304 sed
1254 4239 1325 4304 in
1368 4236 1596 4304 eadem
1631 4237 1778 4317 fide,
1826 4238 2140 4317 doctrina,
2186 4236 2341 4303 reli-

388 4326 585 4412 gione
620 4333 1184 4392 sacramentorum
1218 4332 1287 4390 et
1325 4324 1704 4408 disciplinae
1738 4324 2056 4392 consistit.
2146 4323 2340 4389 'Pem-

385 4432 546 4497 pore
590 4410 1053 4494 apostolorum,
1096 4418 1470 4496 martyrum
1514 4417 1583 4474 et
1623 4410 2185 4476 sanctissimorum
2224 4429 2341 4494 pa-

384 4506 567 4564 trum
613 4496 774 4563 haec
815 4498 1180 4563 necessaria
1196 4548 1212 4575 ,
1267 4496 1425 4562 dum
1466 4495 1751 4562 fideliter
1790 4493 2339 4574 custodiebantur,

388 4584 511 4650 sub
557 4582 836 4649 diversis
877 4582 1112 4649 ritibus
1139 4583 1461 4649 sinceram
1484 4582 1807 4647 unitatem
1833 4581 2339 4648 conservabant:

389 4678 462 4735 at
502 4668 615 4735 ubi
659 4666 782 4735 sub
824 4689 1095 4734 romano
1135 4669 1445 4751 pontifice
1487 4668 1657 4733 ritus
1701 4666 2065 4733 conformes
2106 4668 2179 4731 in
2221 4688 2341 4732 va·

386 4755 509 4822 riis
549 4754 705 4821 licet
737 4754 1113 4839 regionibus
1148 4760 1216 4818 et
1250 4753 1541 4821 ecclesiis
1572 4752 2013 4831 obtinuerunt,
2048 4752 2165 4818 illa
2195 4753 2343 4836 ipsa

388 4842 588 4908 unica
612 4840 845 4907 salutis
880 4839 1306 4905 fundamenta
1341 4849 1410 4906 et
1438 4839 1703 4907 vincula
1718 4837 2114 4905 christianae
2137 4839 2342 4905 socie-

387 4927 578 5006 tatis,
623 4928 864 4993 misere
908 4933 1063 4990 sunt
1101 4924 1361 5005 vitiata,
1407 4935 1475 4991 et
1516 4932 1773 4991 tantum
1815 4944 1949 4990 non
1990 4923 2183 5007 plane
2222 4944 2342 4989 no-

385 5012 492 5080 bis
526 5012 1021 5079 interciderunt.
1092 5010 1333 5094 Populi
1367 5010 1545 5076 enim
1566 5012 1673 5077 sui
1702 5011 2078 5077 societatem
2113 5008 2343 5075 Chris-

390 5105 500 5165 tus
556 5100 628 5164 in
683 5118 854 5164 novo
908 5104 1335 5174 testamento,
1390 5104 1469 5160 ut
1500 5095 1586 5162 D.
1630 5096 2045 5181 Augustinus
2097 5095 2341 5174 scribit,

388 5182 791 5252 coadunavit
839 5181 1272 5250 sacramentis
1313 5201 1588 5247 numero
1627 5182 2066 5267 paucissimis,
2122 5181 2344 5249 obser-

1889 278 2413 349 ooNlenm
2452 281 2745 349 PAULI
2787 281 2917 347 m.

2391 2293 2398 2366 1

4277 290 4407 353 478

2454 470 2718 536 vatione
2763 471 3162 550 castissimis,
3207 471 3680 557 significatione
3715 474 4225 558 augustissimis3
4261 497 4408 544 cae-

2455 561 2600 621 tera
2671 557 2895 621 omnia
2958 555 3235 623 liberam
3302 557 3590 625 habeant
3650 557 4199 628 observationem:
4275 563 4408 631 fide

2456 641 2633 705 enim
2689 642 2899 707 iustus
2956 642 3128 708 vivit
3141 695 3158 722 ,
3215 663 3349 708 non
3415 645 3857 711 caeremoniis.
3958 643 4182 728 Quare
4237 668 4406 731 quae

2454 724 2618 791 fides
2668 727 2816 811 ipsa
2871 748 3007 793 non
3049 729 3326 811 requirit
3365 730 3732 796 necessario
3750 782 3767 810 ,
3827 752 3868 796 a
3909 731 4093 797 nulla
4133 733 4408 800 ecclesia

2450 818 2803 896 praetextu
2859 814 3335 880 communionis
3408 817 3777 882 necessario
3839 824 3999 883 sunt
4061 837 4098 881 e
4150 817 4164 832 '
4251 818 4404 885 uda.

2451 897 2640 962 Nihil
2693 897 2912 981 itaque
2965 919 3006 963 a
3046 901 3564 982 protestantibus
3607 901 3894 980 exsistit,
3950 924 4070 968 cur
4122 902 4403 983 d1ffioile,

2452 982 2698 1049 nedum
2751 984 3150 1067 impossibile
3195 986 3281 1051 sit
3324 986 3600 1052 solidam
3644 994 3710 1051 et
3763 989 3939 1071 piam
3982 988 4406 1055 ecclesiarum

2452 1068 2865 1135 concordiam
2907 1071 3267 1136 restituere.

2633 1240 2807 1323 Quod
2847 1242 2908 1305 si
2944 1241 3434 1325 etiamqenerale
3473 1243 3798 1309 concilium
3832 1250 4084 1324 [fol.16]
4120 1244 4241 1310 has
4270 1265 4408 1311 mu-

2452 1326 2716 1391 tationes
2744 1347 2867 1392 non
2904 1325 3291 1408 approbaret,
3328 1329 3454 1393 imo
3495 1331 3876 1395 contrarium
3907 1334 4213 1412 statueret,
4246 1351 4408 1413 quae

2452 1431 2599 1492 spes
2661 1417 2815 1477 esset
2876 1413 3260 1479 reducendae
3322 1414 3608 1494 amplius
3667 1415 4076 1495 Germaniae,
4143 1418 4215 1482 in
4264 1417 4407 1484 suis

2453 1496 2847 1578 opinionibus
2888 1498 3266 1579 iamffn'dem
3307 1499 3754 1580 confirmatae?

2625 1634 2838 1715 Quale
2882 1634 3138 1700 concilii
3180 1645 3583 1717 portentum,
3621 1635 3807 1702 Deus
3849 1637 4034 1717 bone,
4072 1638 4182 1703 hic
4217 1638 4405 1704 nobis

2449 1721 2674 1805 fingit,
2735 1722 2805 1785 in
2874 1740 3003 1803 quo
3067 1740 3198 1786 non
3264 1721 3456 1785 modo
3511 1743 3648 1786 non
3707 1724 4179 1806 approbaretur
4231 1724 4405 1806 quod

2451 1803 2703 1871 Christi
2748 1826 2861 1871 ore
2900 1806 3221 1871 sancitum
3266 1817 3399 1884 est,
3446 1806 3559 1871 sed
3603 1809 3948 1874 contrariis
3991 1808 4244 1893 legibus
4286 1830 4403 1892 pa-

2447 1891 2586 1956 lam
2628 1892 3069 1975 abrogaretur.
3157 1891 3337 1958 Hinc
3379 1892 3609 1977 collige
3653 1892 3811 1976 quid
3851 1895 4057 1959 bonae
4101 1896 4239 1976 spei
4282 1916 4403 1959 no-

2448 1976 2551 2042 bis
2592 1978 2788 2043 faciat
2829 1998 3101 2042 romana
3143 1975 3358 2055 sedes,
3405 1979 3605 2043 etiam
3650 1980 3705 2044 si
3750 1979 4097 2045 concilium
4140 2001 4402 2064 cogere-

2449 2070 2577 2126 tur.
2669 2061 2808 2128 Cur
2850 2063 3058 2146 igitur
3101 2063 3181 2127 ab
3227 2062 3368 2128 eius
3425 2062 3670 2129 decreti
3712 2065 4197 2147 exspectatione
4238 2086 4402 2147 pen-

2450 2147 2738 2234 deamus,
2783 2146 2972 2231 quod,
3018 2148 3075 2213 si
3116 2149 3364 2213 factum
3405 2159 3596 2228 esset,
3641 2150 3985 2232 repudiare
4027 2149 4401 2234 oporteret?

2629 2334 2968 2400 Praeterea
3018 2335 3379 2415 periculum
3445 2342 3561 2417 est,
3625 2359 3703 2402 ne
3741 2343 4156 2419 protestantes
4205 2337 4406 2402 multa

2452 2421 2529 2486 de
2568 2441 2694 2485 sua
2735 2422 3024 2501 opinione
3064 2422 3415 2501 concedant,
3472 2422 3599 2489 imo
3639 2423 3712 2488 id
3752 2443 3948 2487 unum
3992 2444 4034 2487 a
4092 2422 4405 2488 catholicis

2450 2506 2782 2585 obtineant,
2847 2512 2920 2570 ut
2969 2526 3101 2571 una
3154 2526 3364 2572 omnes
3420 2529 3462 2572 a
3511 2509 3655 2574 sede
3708 2509 4045 2590 apostolica
4097 2509 4402 2591 deficiant,

2450 2612 2647 2675 quum
2701 2592 2771 2656 id
2823 2591 3022 2656 solum
3066 2592 3345 2657 maxime
3385 2594 3644 2674 cupiant
3697 2600 3756 2658 et
3809 2594 3881 2658 in
3924 2596 4083 2659 votis
4123 2594 4400 2659 habeant.

2623 2728 2689 2794 A
2731 2728 2914 2795 curia
2956 2728 3062 2794 vel
3105 2728 3258 2794 sede
3301 2728 3501 2793 etiam
3554 2751 3854 2808 romana,
3905 2730 3961 2795 si
4017 2730 4112 2795 ita
4167 2729 4400 2813 placet,

2451 2836 2585 2881 non
2640 2823 2866 2880 tamen
2917 2836 2957 2879 a
3041 2813 3286 2879 stolica.
3374 2814 3607 2898 Neque
3651 2816 3826 2880 enim
3872 2814 4053 2880 aliud
4108 2815 4178 2880 in
4232 2815 4403 2880 votis

2450 2900 2701 2965 habent
2763 2899 2954 2965 catho
2986 2901 3065 2964 'ci
3119 2906 3561 2982 protestantes
3614 2922 3816 2984 quam
3865 2907 3941 2965 ut
3994 2900 4243 2967 deiecto
4297 2921 4400 2966 sa-
4512 2959 4520 2982 ,

2448 2996 2643 3051 tanae
2687 2985 2847 3052 solio
2892 3007 3049 3052 vera
3083 2984 3334 3051 Christi
3376 2984 3562 3052 sedes
3604 2985 3739 3051 illic
3782 2988 4103 3070 erigatur,
4159 2988 4230 3052 in
4273 3007 4403 3070 qua

2448 3072 2730 3156 apostoli
2773 3091 2906 3137 non
2931 3070 3302 3137 antichristi
3344 3071 3631 3138 sedeant.
3692 3070 3828 3138 Sed
3869 3072 3994 3137 hoc
4031 3093 4241 3138 unum
4282 3078 4400 3153 est,

2448 3157 2621 3242 quod
2664 3159 2824 3224 istos
2867 3157 3176 3223 sollicitos
3219 3155 3437 3235 habet,
3483 3179 3567 3223 ne
3609 3179 3809 3241 quam
3852 3157 4167 3224 scelerate
4210 3177 4401 3224 occu-

2445 3250 2694 3326 parunt
2757 3251 2824 3309 et
2877 3244 3252 3308 immaniter
3306 3252 3615 3311 exercent
3666 3243 4090 3329 tyrannidem
4103 3294 4121 3323 ,
4167 3244 4404 3325 spiritu

2446 3330 2578 3395 oris
2622 3330 2723 3394 sui
2768 3328 3077 3395 Christus
3127 3329 3427 3394 conficiat
3485 3338 3551 3394 et
3591 3329 4032 3395 illustratione
4075 3327 4401 3394 adventus

2446 3416 2551 3480 sui
2608 3414 2878 3480 aboleat.
2970 3412 3309 3497 Siquidem
3368 3436 3502 3479 non
3560 3436 3630 3480 se
3671 3414 4110 3480 ministerium
4154 3412 4401 3478 habere

2490 3507 2704 3578 utant,
2749 3498 2865 3566 sed
2907 3498 3265 3565 effraenem
3299 3498 3825 3578 dominationem,
3868 3520 3997 3582 qua
4039 3505 4255 3563 totum
4289 3517 4399 3560 or-

2528 3608 2596 3650 m
2630 3607 2898 3651 servum
2943 3585 3067 3652 sibi
3110 3590 3178 3649 et
3222 3584 3487 3667 quidem
3529 3585 3900 3650 miserrima
3933 3584 4250 3681 servitute
4295 3590 4395 3646 te-

2444 3680 2673 3749 neant,
2727 3678 3058 3754 utcunque
3114 3691 3185 3736 se
3229 3690 3455 3737 servos
3501 3690 3837 3737 servorum
3884 3690 4019 3733 non
4063 3687 4206 3758 sme
4248 3687 4389 3731 ma-

2441 3758 2681 3822 nifesto
2715 3754 2995 3822 ludibrio
3037 3764 3435 3838 nuncupent.
3506 3754 3748 3839 Quare,
3791 3761 3867 3819 ut
3897 3752 4085 3819 initio
4127 3750 4393 3832 dictum,

2443 3841 2567 3909 hoc
2594 3843 2888 3907 omnium
2908 3863 3074 3926 quae
3139 3841 3413 3907 ontificii
3433 3849 3660 3907 contra
3725 3846 4115 3905 rotestantes
4151 3836 4399 3904 habent

2443 3936 2643 4013 caput
2685 3934 2787 3994 est
2801 3979 2818 4007 ,
2863 3927 3035 4028 quod
3122 3948 3239 3993 um
3281 3947 3561 4012 regnare
3604 3948 3688 3993 vo
3713 3935 3835 3990 unt
3886 3925 3960 3989 in
4013 3922 4284 3990 ecclesia
4326 3930 4398 3989 et

2442 4034 2668 4079 rerum
2700 4013 2917 4098 potin,
2964 4011 3231 4080 Christo
3274 4013 3489 4078 locum
3531 4034 3663 4077 non
3704 4010 4104 4095 relinquunt.

2621 4186 2798 4268 Quod
2833 4186 2896 4251 si
2934 4186 3211 4265 evenerit,
3254 4190 3325 4250 ut
3355 4189 3444 4250 est
3477 4183 3657 4250 valde
3695 4183 4051 4264 timendum,
4094 4189 4240 4249 tunc
4271 4205 4396 4249 non

2442 4276 2596 4338 esset
2636 4272 2707 4337 in
2727 4275 3027 4354 potestate
3066 4273 3464 4337 maiestatum
3497 4288 3763 4334 suarum
3792 4269 4145 4350 providere,
4189 4289 4397 4351 quern-

2444 4357 2777 4423 admodum
2829 4358 3056 4425 accidit
3107 4358 3182 4423 de
3224 4356 3479 4423 concilio
3532 4354 3855 4420 indicendo
3911 4355 3982 4419 in
4026 4356 4240 4420 diaeta
4285 4361 4394 4420 ra-

2442 4444 2812 4526 tisponensi,
2874 4444 2952 4509 de
3005 4463 3135 4525 qua
3190 4463 3261 4508 re
3316 4446 3518 4507 status
3570 4440 3827 4522 imperii
3870 4439 4009 4505 sine
4064 4442 4395 4506 autoritate

2443 4549 2664 4595 sacrae
2685 4548 3008 4595 caesareae
3028 4528 3377 4594 maiestatis
3417 4527 3900 4604 constitutionem
3936 4526 4227 4607 fecerunt,
4269 4527 4391 4590 sic-

2443 4616 2542 4680 uti
2592 4615 2759 4680 dicta
2819 4616 3123 4681 maiestas
3184 4613 3355 4679 alias
3414 4612 3807 4678 sanctissimo
3881 4609 4127 4676 domino
4187 4615 4393 4676 nostro

2443 4700 2834 4784 siqnificavit.
2898 4701 3120 4781 Quare,
3163 4704 3232 4763 ut
3273 4697 3411 4764 alia
3454 4698 3825 4777 omittamus,
3875 4700 3990 4776 [fol.
4039 4701 4135 4777 17]
4179 4716 4257 4761 ex
4289 4695 4394 4759 his

2437 4787 2670 4869 paucis
2710 4790 2912 4867 potest
2972 4803 3262 4851 caesarea
3311 4789 3369 4848 et
3439 4784 3613 4866 regia
3670 4783 3970 4848 maiestas
4042 4800 4392 4865 coynoscere

2445 4873 2603 4954 quid
2621 4872 3003 4953 mondum
3044 4871 3130 4936 sit
3169 4889 3246 4934 ωε
3269 4870 3492 4933 amicis
3534 4868 3893 4934 huiusmodi
3933 4866 4295 4933 tractatibus
4335 4869 4394 4929 et

2445 4957 2768 5040 colloquiis
2798 4976 2942 5023 cum
2972 4957 3067 5022 eis
3108 4954 3423 5020 habendis.

2617 5093 2751 5161 Hic
2803 5090 2956 5159 vide
3018 5091 3414 5176 pastoralem
3463 5090 3980 5159 Romanensium
4034 5104 4261 5153 curam
4323 5092 4391 5152 et

2447 5199 2645 5265 quam
2708 5177 2934 5246 sedulo
2976 5177 3367 5262 advigilent,
3423 5198 3557 5261 quo
3614 5175 4019 5263 gravismmxs·
3966 5172 3980 5186 ’
4079 5169 4391 5238 ecclesiae
