4984 5975
584 303 709 368 379

582 487 840 554 volunt?
901 484 1078 549 Num
1106 483 1423 549 hominum
1447 483 1496 565 ¹)
1533 481 1784 547 animas
1817 479 2210 544 arbitrantur
2230 497 2364 540 una
2394 496 2538 541 eum

582 572 943 656 corporibus
980 571 1121 635 suis
1165 568 1468 634 interire?
1532 566 1623 631 Et
1665 566 1971 631 nimirum
2013 565 2083 629 id
2116 563 2406 628 videntur
2439 560 2537 626 in·

582 679 790 734 nuere,
834 656 998 737 quod
1039 659 1234 737 ayunt
1273 655 1462 719 etiam
1503 652 1922 733 manifestius,
1962 656 2153 732 q'uum
2196 648 2537 713 libertatem

581 745 708 812 sibi
748 743 914 808 vitae
955 740 1034 805 ab
1075 740 1359 806 omnibus
1400 738 1828 804 ecclesiasticis
1869 736 2138 801 solutam
2180 733 2436 817 legibus,
2460 738 2537 829 ‘et

580 829 897 896 licentiam
912 829 971 910 ²)
994 827 1407 907 cupiditatum
1425 844 1789 906 comparare
1820 823 2210 888 adnituntur.
2271 818 2346 884 Si
2369 839 2536 883 enim

581 913 873 982 mortalis
927 913 1146 977 anima
1198 912 1310 989 sit,
1365 911 1623 977 edamus
1665 914 1721 973 et
1761 909 2075 984 bibamus,
2130 906 2336 986 inquit
2387 924 2535 984 apo-

580 1000 802 1079 stolus,
847 998 1047 1082 paulo
1084 1002 1225 1079 post
1266 997 1431 1062 enim
1472 997 1809 1060 moriemur
1826 1020 1845 1059 .·
1897 995 2002 1058 sin
2046 996 2252 1056 autem
2293 991 2377 1055 sit
2420 991 2536 1053 im-

581 1086 883 1164 mortalis,
925 1089 994 1149 ut
1035 1088 1193 1150 certe
1234 1087 1337 1160 est,
1377 1082 1559 1159 unde,
1603 1101 1848 1163 quaeso,
1892 1084 2137 1143 tantum
2181 1082 2238 1141 et
2278 1080 2408 1142 tam
2441 1096 2535 1139 re-

571 1177 760 1254 pente
797 1170 1034 1253 factum
1076 1174 1166 1234 est
1211 1168 1491 1250 eorporis
1542 1172 1734 1232 morte
1787 1166 2131 1232 dissidium
2144 1214 2158 1240 ,
2212 1167 2284 1227 ut
2337 1166 2391 1225 et
2444 1162 2537 1224 vi-

581 1257 865 1324 ventium.
899 1261 953 1321 et
993 1260 1376 1320 mortuorum
1418 1254 1667 1322 animae
1697 1254 1859 1316 inter
1880 1272 1947 1314 se
1979 1249 2141 1314 nihil
2173 1252 2532 1330 conqruant,

584 1343 773 1410 nihil·
801 1342 1268 1419 communicent,
1329 1341 1530 1404 omnis
1585 1341 1713 1402 sint
1769 1336 2146 1420 coqnationis
2199 1333 2532 1411 nobiscum,

586 1435 644 1495 et
685 1429 1027 1493 communis
1068 1426 1380 1491 humanae
1424 1426 1733 1489 societatis
1775 1423 2040 1488 oblitae?
2111 1421 2315 1502 Quum
2352 1439 2536 1516 prae-

584 1515 804 1582 sertim
859 1515 1092 1577 caritas
1108 1563 1123 1592 ,
1188 1531 1349 1593 quae
1402 1511 1814 1592 praecipuum
1875 1508 2146 1589 spiritus
2203 1510 2406 1569 sancti
2463 1525 2535 1567 in

585 1600 926 1668 christiano
964 1618 1182 1681 qenere
1223 1602 1313 1662 est
1363 1597 1621 1674 donum,
1677 1616 1835 1676 quae
1889 1612 2214 1688 nunquam
2265 1610 2390 1654 non
2443 1588 2538 1687 be-

587 1688 800 1769 niqna,
844 1704 1170 1765 nunquam
1210 1703 1332 1748 non
1372 1683 1699 1764 fructuosa
1741 1685 1848 1757 est,
1889 1685 1944 1743 et
1978 1680 2046 1743 in
2082 1697 2146 1740 eo
2181 1698 2249 1739 in
2285 1694 2402 1757 quo
2439 1695 2538 1774 in·

586 1777 678 1839 est
718 1790 1040 1852 nunquam
1082 1769 1392 1833 inutiliter
1436 1768 1743 1845 consistit,
1798 1765 1981 1830 salva
2025 1783 2266 1843 semper
2310 1766 2365 1824 et
2405 1760 2537 1841 etsi-

587 1878 710 1924 cax
744 1858 817 1922 in
849 1861 1116 1935 utraque
1148 1856 1282 1920 vita
1303 1858 1686 1935 permaneat.
1757 1851 1879 1917 Sed
1915 1854 1984 1915 ut
2017 1849 2369 1928 relinquam
2402 1866 2539 1943 con-

590 1943 954 2019 troversias,
1006 1960 1229 2021 easque
1272 1941 1355 2003 ad
1396 1959 1518 2004 sua
1558 1944 1833 2020 tempora
1878 1955 2212 2013 reservent,
2269 1938 2539 1997 emund

590 2048 736 2094 mus
769 2029 840 2093 id
873 2026 1038 2107 quod
1058 2026 1257 2107 prius
1289 2030 1379 2090 est
1402 2025 1808 2105 propositum,
1842 2027 1913 2087 ut
1944 2021 2237 2086 videatur
2267 2024 2324 2083 et
2356 2038 2540 2114 quae-

591 2118 794 2192 ratur,
836 2113 993 2193 quid
1032 2111 1208 2175 nobis
1243 2112 1450 2193 mayis
1488 2110 1799 2187 conducat,
1840 2109 2131 2189 factuque
2169 2110 2396 2171 rectius
2439 2107 2539 2182 sit,

592 2199 749 2283 quid
786 2199 871 2262 ad
905 2198 1181 2281 qratiam
1220 2196 1455 2284 summi
1489 2194 1617 2261 Dei
1660 2194 2051 2261 obtinendam
2084 2192 2289 2274 maqis
2322 2190 2406 2254 sit
2424 2209 2541 2288 ‘ac-

593 2284 1067 2364 commodatum,
1126 2284 1425 2348 sentirene
1481 2301 1621 2345 cum
1671 2281 1970 2345 universa
2029 2278 2309 2354 ecclesia,
2377 2295 2542 2340 eius-

592 2392 710 2455 que
760 2370 1018 2435 decretis
1074 2374 1130 2433 et
1182 2369 1416 2452 leqibus
1472 2371 1530 2431 et
1582 2365 1990 2432 sacramentis
2045 2371 2191 2444 [pag.
2241 2366 2349 2439 22]
2380 2381 2540 2459 ‘cum

588 2457 714 2537 fide
765 2455 1178 2536 obtemperare
1192 2505 1207 2534 ,
1265 2475 1348 2518 an
1400 2454 1695 2518 assentiri
1751 2450 2102 2518 bominibus
2157 2448 2433 2515 dissidia
2483 2452 2540 2511 et

589 2563 693 2609 res
733 2561 929 2606 novas
970 2539 1408 2622 quaerentibus
1421 2538 1458 2603 ‚2
2503 2618 2515 2629 .

765 2627 894 2692 Hic
930 2627 1099 2693 locus
1142 2631 1259 2705 est,
1297 2623 1616 2690 carissimi
1658 2624 1923 2705 fratres,
1967 2621 2076 2686 hoc
2117 2620 2282 2687 illud
2323 2623 2412 2684 est
2453 2617 2542 2681 ln-

589 2715 764 2779 vium
804 2713 970 2792 quod
1007 2713 1263 2778 diversa
1304 2710 1429 2776 duo
1480 2711 1551 2774 in
1603 2710 1837 2773 itinera
1886 2707 2224 2775 scinditur.-
2273 2724 2542 2787 quorum

589 2800 711 2864 iter
754 2798 1017 2862 catorum
1059 2798 1146 2863 ad
1188 2798 1410 2874 vitam,
1454 2796 1717 2860 alterum
1756 2796 1843 2859 ad
1873 2797 2247 2876 perpetuam
2289 2795 2542 2855 mortem

590 2903 707 2949 nos
750 2883 1025 2947 deducat.
1115 2881 1203 2946 In
1244 2881 1351 2947 hoc
1402 2880 1769 2946 discrimine
1809 2884 1867 2944 et
1909 2879 2141 2945 delectu
2184 2879 2396 2960 aqitur
2436 2895 2540 2971 sa-

591 2970 697 3035 lus
739 2968 994 3034 animae
1034 2968 1254 3049 cuique
1295 2987 1474 3047 suae,
1533 2970 1806 3049 aqurdur
1835 2965 2116 3048 pi9nora
2153 2965 2410 3045 futurae
2439 2981 2541 3060 ’vi-

592 3060 722 3121 tae:
775 3060 987 3118 utrum
1027 3053 1305 3119 videlicet
1344 3072 1461 3118 nos
1501 3056 1784 3117 aeternae
1823 3051 2175 3133 felicitatis,
2232 3070 2318 3113 an
2359 3067 2544 3112 mise-

591 3142 734 3207 riae
775 3138 1064 3220 infinitae
1105 3139 1305 3203 simus
1344 3138 1552 3219 futuri
1583 3142 1898 3217 compotes.
1993 3137 2160 3218 Quid
2202 3155 2344 3218 erqo
2385 3133 2544 3198 dice-

592 3246 737 3290 mus
751 3225 788 3289 ?
850 3223 1205 3308 Finqamus
1245 3223 1346 3289 bic
1387 3224 1560 3303 duos,
1604 3224 1720 3304 qui
1760 3243 1837 3287 ex
1879 3227 2137 3303 utroque
2166 3241 2401 3306 qenere,
2434 3218 2544 3284 hoc

593 3316 703 3390 est,
746 3316 1007 3392 utroque
1049 3331 1126 3374 ex
1169 3311 1413 3388 itinere,
1469 3314 1613 3379 ante
1656 3309 1815 3373 illud
1854 3307 2129 3373 terribile
2170 3309 2405 3372 summi
2445 3305 2546 3369 in-

592 3398 757 3464 dicis
786 3396 1079 3461 tribunal
1119 3397 1249 3461 sint
1290 3395 1631 3461 constituti.-
1684 3415 1948 3476 quorum
1989 3414 2186 3460 causa
2226 3411 2544 3476 coynosca-

592 3489 699 3548 tur
741 3488 798 3547 et
848 3482 1250 3563 expendatur,
1305 3502 1426 3563 quo
1477 3482 1571 3546 vel
1614 3480 2011 3546 damnatoria
2053 3481 2124 3544 in
2164 3499 2266 3544 eos
2307 3481 2544 3544 senten-

593 3570 687 3635 tia
700 3620 714 3648 ,
773 3569 867 3634 vel
920 3568 1233 3633 salutaris
1284 3569 1423 3631 iure
1473 3568 1636 3649 ferri
1677 3567 1899 3649 possit.
1989 3564 2544 3648 Interroyabuntwr

588 3655 906 3739 fuerintne
966 3652 1364 3719 Christiani?
1450 3652 1682 3718 Fuisse
1735 3673 1804 3717 se
1854 3651 2030 3717 ambo
2085 3652 2299 3716 dicent.
2390 3650 2543 3716 Rec-

592 3747 727 3807 tene
768 3740 1143 3805 crediderint
1183 3740 1253 3804 in
1289 3738 1657 3804 Christum?
1736 3737 1992 3819 Utrique
2011 3739 2262 3819 pariter
2289 3757 2543 3818 respon·
2585 3774 2592 3788 Α

592 3826 841 3903 debunt,
888 3825 1045 3890 Nae.
1141 3825 1309 3906 Quid
1361 3829 1572 3888 autem
1624 3824 2022 3902 crediderint,
2082 3828 2192 3888 aut
2245 3823 2544 3904 quomodo

593 3912 966 3977 crediderint
999 3931 1191 3992 quum
1224 3909 1710 3991 explorabuntur
1734 3913 1911 3991 (nam
1945 3909 2096 3975 haec
2129 3910 2205 3975 de
2234 3909 2358 3989 tide
2378 3913 2543 3974 recta

593 3997 879 4079 coquitiO,
924 3995 1104 4059 illam
1145 4017 1303 4077 quae
1344 4000 1434 4060 est
1476 3996 1550 4059 de
1591 3997 1723 4061 vita
1762 4001 1817 4059 et
1858 3994 2152 4073 moribus,
2199 3994 2544 4075 antecedit),

592 4102 792 4164 quum
832 4082 1032 4164 iyitur
1071 4082 1150 4145 ab
1192 4084 1284 4146 eis
1321 4082 1602 4164 exiqetur
1641 4085 1837 4145 rectae
1872 4081 2023 4162 fidei
2063 4080 2389 4161 consessiO,
2446 4079 2545 4143 di-

592 4171 683 4234 cet
736 4167 842 4231 ille
894 4166 1143 4247 quidem
1194 4168 1304 4247 qui
1357 4168 1427 4230 in
1483 4167 1811 4232 catholicae
1867 4167 2154 4231 ecclesiae
2195 4167 2431 4248 qremio
2489 4168 2545 4228 et

594 4253 942 4336 disciplina
989 4252 1187 4333 fuerit
1238 4252 1564 4317 educatus.-
1617 4252 1783 4335 qu,
1842 4273 2034 4333 quum
2087 4252 2410 4316 institutus
2452 4270 2544 4314 es-

593 4358 727 4405 sem
768 4360 813 4404 a
840 4337 1221 4418 parentibus
1256 4339 1430 4416 meis,
1473 4340 1588 4420 qui
1630 4344 1688 4403 et
1730 4338 1858 4419 ipsi
1901 4358 1943 4402 a
1973 4336 2270 4418 patribus
2311 4336 2451 4401 suis
2488 4341 2546 4399 et

593 4424 737 4489 avis
786 4427 1167 4504 acceperant,
1226 4428 1296 4487 ut
1349 4426 1584 4489 cunctis
1638 4426 1707 4488 in
1762 4422 1948 4488 rebus
1990 4422 2321 4489 catholicae
2364 4423 2543 4487 eecle-

593 4510 730 4574 siae
782 4529 976 4575 essem
1031 4508 1392 4591 obsequens,
1447 4511 1705 4593 eiusque
1759 4509 1921 4592 leqes
1969 4514 2026 4574 et
2066 4509 2302 4573 monita
2344 4514 2399 4574 et
2441 4509 2544 4573 de-

596 4599 780 4674 creta,
821 4599 1121 4675 tanquam
1164 4616 1207 4658 a
1247 4599 1304 4658 te
1345 4595 1496 4675 ipso,
1542 4595 1813 4661 Domine
1855 4594 2051 4672 Deus,
2093 4595 2226 4659 lata
2268 4596 2547 4660 observa-

595 4701 729 4745 rem
770 4686 827 4746 et
867 4680 1155 4746 colerem:
1201 4699 1511 4761 quumque
1543 4702 1749 4747 omnes
1782 4702 1882 4746 eos
1911 4682 2071 4761 fere,
2126 4680 2236 4761 qui
2282 4681 2351 4745 in
2386 4680 2548 4745 chri-

595 4767 803 4832 stiano
849 4771 998 4845 [pag.
1037 4769 1145 4842 23]
1192 4766 1434 4830 nomine
1485 4772 1896 4844 censerentur,
1950 4768 2180 4848 quique
2238 4770 2293 4830 et
2345 4765 2548 4831 nobis-

918 4914 1003 4922 ——-

736 5006 793 5072 1)
833 5005 1030 5059 Editio
1069 5002 1399 5057 G-encvensis
1422 5001 1560 5057 1540
1584 5005 1832 5059 mendose
1858 5007 2106 5073 scripsit.-
2143 5006 2409 5060 Numnam
2434 5005 2545 5059 ani-

596 5090 730 5143 mas,
766 5075 914 5145 quod
942 5078 1218 5153 sequentes
1246 5087 1435 5126 omnes
1469 5080 1770 5155 servarunt.
1831 5074 2027 5128 Gallus
2060 5090 2284 5155 quoque,
2320 5075 2419 5142 qui
2449 5074 2546 5127 ha-

596 5143 727 5283 bitu}
728 5161 868 5268 (111οὲ
879 5160 1056 5267 affice,
1094 5143 1693 5266 Imnzegmmam
1730 5156 2007 5211 equor-asse
2044 5144 2275 5197 ridetur.
2481 5141 2545 5206 2)

768 5253 782 5266 .
982 5230 1034 5281 9.
1069 5228 1121 5266 m
1218 5231 1237 5263 .-
1492 5250 1505 5263 .

2239 288 2417 356 IAG.
2464 286 2939 355 SADOLETI

4469 293 4598 357 380

2642 496 2800 555 eum,
2846 481 2901 542 et
2944 482 3084 544 ante
3125 499 3254 558 nos,
3301 480 3473 564 lonye
3504 485 3561 546 et
3593 481 3716 547 late
3740 500 3862 564 per
3895 479 4099 546 orbem
4131 483 4447 546 terrarum
4479 485 4596 546 tua

2642 563 2829 645 siqua
2872 569 3072 629 essent
3112 566 3373 647 sequuti,
3419 566 3490 630 in
3528 567 3742 632 eadem
3777 566 4078 632 sententia
4120 585 4253 630 esse
4295 571 4353 631 et
4390 567 4597 647 fuisse

2642 649 3210 730 animadverterem,
3253 657 3325 715 ut
3363 652 3566 719 cuncti
3608 656 3868 717 matrem
3905 651 4058 733 fidei
4098 671 4254 716 suae
4295 651 4456 717 hanc
4499 651 4599 732 ip-

2640 754 2780 797 sam
2821 734 3137 800 ecclesiam
3180 742 3574 820 aqnoscerent
3616 742 3672 801 et
3721 741 4178 814 venerarentur,
4236 743 4291 802 et
4333 737 4412 802 ab
4453 738 4595 802 eius

2629 822 2983 901 praeceptis
3022 823 3490 903 constitutisque
3530 823 3837 889 discedere
3877 823 4200 906 sacrileqii
4238 824 4447 888 instar
4470 843 4596 905 pu-

2640 909 2854 983 tarent,
2901 905 2970 969 in
3012 905 3128 972 bac
3170 909 3388 972 eadem
3420 909 3560 989 fide,
3604 928 3796 989 quam
3828 908 4128 974 catholiea
4160 913 4370 973 servat
4401 909 4598 974 docet·

2639 1011 2757 1071 que
2812 991 3089 1070 eeclesia,
3134 994 3406 1076 probare
3459 994 3573 1058 tibi
3627 1013 3724 1058 me
3777 994 4010 1059 studui.
4097 993 4186 1058 Et
4228 1014 4594 1076 quanquam

2637 1082 2927 1141 venerant
2960 1077 3236 1144 homines
3267 1079 3412 1144 novi
3441 1080 3795 1162 scripturas
3825 1081 4090 1145 multum
4127 1080 4196 1144 in
4230 1101 4334 1146 ore
4367 1086 4423 1145 et
4454 1101 4592 1145 ma·

2637 1160 2823 1225 nibus
2857 1160 3172 1243 habentes,
3225 1165 3339 1246 qui
3380 1185 3542 1231 nova
3582 1165 3891 1246 quaedam
3933 1186 4301 1231 commovere
4316 1216 4330 1245 ‚
4384 1171 4594 1231 vetera

2638 1247 3038 1328 labefactare,
3105 1249 3422 1315 ecclesiam
3476 1251 3879 1332 redarquere,
3938 1251 4339 1317 obedientiam
4396 1271 4592 1333 quam

2639 1332 2741 1397 illi
2775 1354 2887 1398 nos
2919 1353 3128 1400 omnes
3149 1336 3621 1416 praebebamus,
3665 1336 3903 1417 eripere
3935 1337 4112 1402 nobis
4145 1342 4201 1401 et
4234 1342 4591 1420 extorquere
4665 1382 4670 1388 ι

2638 1423 3024 1498 conarentur,
3067 1421 3137 1484 in
3181 1442 3248 1485 eo
3287 1426 3493 1487 tamen
3534 1427 3880 1487 constanter
3911 1443 4166 1487 manere
4191 1422 4380 1502 volui,
4424 1423 4592 1505 quod

2639 1525 2681 1567 a
2710 1505 3007 1584 patribus
3043 1507 3216 1585 meis,
3260 1512 3317 1571 et
3359 1529 3403 1572 a
3444 1508 3754 1573 communi
3792 1509 4331 1574 sanctissimorum
4373 1509 4594 1573 doetis-

2637 1591 3060 1672 simorumque
3103 1597 3368 1672 patrum
3421 1613 3718 1658 consensu
3759 1594 3893 1658 iam
3934 1594 4080 1659 inde
4123 1595 4474 1675 antiqmtus
4516 1595 4591 1659 in

2639 1675 2892 1740 ecclesia
2932 1677 3156 1757 fuisset
3198 1682 3254 1742 et
3295 1677 3681 1745 observatum
3726 1684 3782 1743 et
3824 1680 4159 1745 traditum.-
4214 1680 4327 1744 etsi
4370 1681 4590 1745 multo-

2638 1781 2786 1825 rum
2836 1762 3086 1842 quidem
3129 1764 3502 1844 praesidum
3552 1764 3988 1846 bominumque
4039 1765 4590 1831 ecclesiasticorum

2630 1852 2986 1928 praesentes
3039 1868 3240 1913 mores
3293 1855 3492 1915 essent
3546 1851 3628 1929 ii,
3683 1851 3796 1933 qui
3838 1850 3998 1915 mibi
4038 1850 4420 1916 stomachum
4459 1871 4586 1916 mo-

2643 1953 2778 1997 vere
2819 1938 3103 2015 possent,
3161 1934 3386 2015 quibus
3438 1932 3645 2000 tamen
3699 1957 3824 2002 non
3876 1957 4020 2002 sum
4062 1958 4105 2000 a
4146 1938 4447 2001 sententia
4487 1937 4589 2002 de-

2641 2019 2877 2082 ductus.
2966 2018 3076 2083 lta
3128 2021 3302 2084 enim
3348 2023 3671 2099 constitui,
3742 2042 3952 2087 eorum
3992 2022 4369 2104 praeceptis,
4427 2041 4589 2103 quae

2641 2108 2796 2169 certe
2851 2109 3070 2170 sancta
3122 2113 3328 2186 erant,
3382 2107 3792 2189 obtemperare
3845 2129 3940 2173 me
3994 2109 4232 2185 debere,
4292 2109 4479 2174 sicuti
4520 2112 4590 2172 {aa

2641 2189 2822 2255 Deus
2863 2190 2936 2254 in
2979 2196 3079 2255 tuo
3122 2192 3437 2276 evanqelio
3469 2213 3906 2275 praecepera-9,
3949 2195 4114 2260 vitae
4149 2199 4355 2258 autem
4396 2198 4454 2257 et
4490 2213 4618 2277 qe·-

2641 2281 2878 2340 storum
2899 2281 2956 2340 te
2976 2296 3172 2341 unum
3202 2278 3472 2344 iudicem
3504 2299 3635 2344 esse
3668 2284 3966 2359 oportere:
3986 2280 4362 2362 praesertim
4394 2299 4591 2360 quum

2644 2381 2748 2443 eqo
2790 2382 3045 2442 quoque,
3088 2361 3192 2426 bis
3232 2368 3313 2428 tot
3344 2366 3646 2444 peccatis,
3702 2386 3861 2446 quae
3915 2366 3986 2428 in
4036 2365 4154 2430 hac
4207 2385 4347 2429 mea
4388 2363 4592 2446 fronte

2644 2446 3454 2617 Zitfi-{Wffiffiffl
3465 2500 3480 2528 '
3496 2451 4592 2618 efflssffefflfflm

2644 2639 2808 2683 nunc
2847 2619 3024 2683 adsto
3066 2624 3208 2684 ante
3249 2620 3529 2685 tribunal
3570 2627 3764 2701 tuum,
3807 2642 3932 2685 non
3971 2623 4358 2688 severitatem
4399 2626 4591 2700 tuam,

2644 2705 3117 2771 clementissime
3173 2710 3320 2784 [pag.
3362 2710 3469 2784 24]
3515 2705 3724 2786 Deus,
3778 2708 3890 2772 scd
3946 2708 4445 2773 misericordiam
4478 2728 4592 2787 po-

2644 2791 2773 2855 tius
2804 2794 2859 2853 et
2878 2789 3372 2869 placabilitatem
3403 2792 3767 2873 implorans.
3831 2792 4096 2858 Dixerit
4127 2795 4236 2858 hoc
4265 2795 4444 2859 modo
4478 2794 4594 2858 iste

2643 2895 2905 2940 causam
2953 2894 3151 2940 suam.
3245 2874 3553 2942 Gitabitur
3606 2878 3777 2959 alter,
3831 2879 4216 2961 comparebit.
4306 2879 4593 2960 Impera-

2645 2960 2814 3026 bitur
2853 2960 2953 3025 illi
3004 2966 3077 3025 ut
3127 2962 3308 3028 dicat.
3398 2962 3588 3029 Hunc
3639 2963 3882 3031 habebit
3938 2985 4228 3031 exorsum
4284 2965 4596 3033 orationis

2643 3067 2800 3113 suae
2860 3047 3160 3131 (linyatm-
3202 3050 3368 3113 enim
3414 3051 3490 3115 de
3539 3050 3674 3117 illis
3714 3072 3880 3116 unus
3929 3072 4061 3118 esse
4102 3054 4214 3134 qui
4255 3057 4428 3131 sunt,
4483 3056 4600 3116 aut

2641 3133 2897 3215 fuerunt
2935 3134 3396 3200 dissensionum
3438 3142 3716 3202 autores:
3770 3138 3997 3203 melius
4045 3137 4215 3203 enim
4268 3139 4449 3205 credo
4501 3143 4596 3201 tu-

2645 3218 2881 3284 tabitur
2919 3220 3035 3284 iste
3076 3241 3334 3285 causam
3374 3242 3575 3301 suam,
3618 3225 3730 3304 qui
3771 3244 3836 3289 se
3876 3224 4173 3290 doctorem
4213 3224 4474 3291 caeteris
4510 3223 4596 3289 ad

2644 3304 3050 3386 deficiendum
3084 3306 3163 3371 ab
3196 3308 3449 3372 ecclesia
3478 3307 4073 3394 fueritprofessus):
4109 3309 4317 3397 Mihi,
4333 3309 4594 3391 inquiet,

2646 3412 2681 3456 o
2721 3411 2958 3456 summe
3001 3390 3209 3472 Deus,
3253 3394 3515 3458 intuenti
3557 3414 3759 3460 mores
3798 3396 4123 3461 bominum
4165 3396 4596 3462 ecclesiastico-

2644 3497 2788 3540 rum
2829 3477 3054 3558 ubique
3092 3480 3223 3561 fere
3274 3484 3592 3561 corruptos
3606 3530 3621 3560 ,
3677 3486 3735 3545 et
3786 3481 4126 3547 sacerdotes
4177 3480 4596 3547 nibilominus

2644 3562 2973 3646 reliqionis
3000 3566 3217 3647 qratia
3249 3564 3319 3629 in
3350 3565 3577 3631 honore
3610 3567 3893 3633 omnibns
3926 3587 4056 3632 esse
4093 3569 4379 3647 cernendi,
4423 3586 4595 3650 opes-

2646 3668 2762 3729 que
2805 3648 3060 3713 illorum
3103 3650 3320 3732 iniquo
3361 3652 3575 3717 animo
3613 3653 3856 3731 ferenti,
3900 3653 4086 3732 iusta,
4130 3658 4199 3718 ut
4231 3658 4419 3735 puto,
4464 3654 4599 3717 ira-

2645 3735 2878 3800 cundia
2920 3736 3204 3800 animum
3243 3736 3683 3816 inflammavit,
3728 3743 3799 3802 ut
3838 3759 3934 3804 me
3974 3738 4111 3804 illis
4150 3739 4598 3805 adversarium

2647 3821 3101 3885 constituerem.-
3152 3842 3463 3904 quumque
3502 3824 3867 3904 respicerem
3908 3845 4006 3888 me
4048 3825 4288 3907 ipsum,
4343 3826 4460 3907 qui
4513 3828 4600 3889 tot

2648 3925 2847 3971 annos
2887 3926 3138 3988 operam
3170 3906 3390 3972 literis
3409 3913 3463 3973 et
3502 3908 3831 3993 tbeoloyiae
3863 3910 4184 3988 dedissem,
4228 3930 4353 3976 non
4385 3915 4599 3975 tamen

2646 3992 2867 4056 habere
2919 4012 3060 4056 eum
3102 3993 3173 4057 in
3217 3993 3470 4059 ecclesia
3515 3994 3744 4073 locum,
3799 4016 3978 4077 quem
4019 3995 4260 4061 labores
4300 3996 4431 4060 mei
4473 4016 4599 4062 me-

2646 4077 2757 4142 riti
2799 4083 3011 4157 essent,
3055 4078 3281 4143 multos
3321 4085 3526 4144 autem
3566 4081 3857 4164 indiynos
3892 4082 3979 4147 ad
4010 4081 4269 4161 honores
4301 4085 4359 4147 et
4389 4101 4597 4148 sacer·

2647 4163 2818 4229 dotia
2858 4164 3068 4229 extolli
3097 4166 3521 4246 perspicerem
3536 4216 3550 4244 ,
3612 4167 3698 4232 ad
3747 4187 3876 4245 eoS,
3926 4167 4148 4249 fateor,
4202 4168 4596 4234 insectandos

2647 4270 2743 4315 me
2785 4249 3040 4328 contuli,
3096 4271 3252 4331 quos
3303 4252 3417 4316 tibi
3471 4272 3708 4333 quoque
3760 4253 3893 4333 ipsi
3945 4253 4205 4318 minime
4235 4252 4493 4334 placere
4538 4257 4597 4317 et

2645 4336 3008 4416 satisfacere
3049 4355 3194 4400 sum
3234 4342 3433 4401 ratus.
3521 4337 3610 4403 Et
3657 4338 3951 4419 quoniam
4006 4358 4217 4403 eorum
4247 4339 4597 4420 potentiam

2647 4421 2935 4486 revellere
2988 4442 3111 4486 non
3156 4427 3464 4503 poteram,
3521 4424 3653 4488 nisi
3709 4423 4033 4490 obtererem
4072 4426 4271 4506 prius
4312 4424 4474 4507 leqes
4514 4423 4598 4489 ab

2649 4507 2900 4572 ecclesia
2943 4507 3137 4586 latas,
3185 4509 3411 4590 populi
3452 4529 3747 4592 maynam
3785 4515 4030 4591 partem
4085 4510 4351 4591 induxi,
4405 4515 4475 4575 ut
4514 4530 4597 4575 ea

2648 4593 2935 4659 ecclesiae
2974 4593 3126 4658 iura
3167 4598 3594 4673 contemneret,
3649 4616 3809 4676 quae
3861 4595 3979 4661 diu
4020 4600 4162 4661 ante
4204 4601 4350 4661 rata
4391 4596 4596 4660 invio-

2649 4678 2898 4758 lataque
2943 4677 3225 4760 fuissent.
3319 4680 3491 4761 Quae
3543 4680 3604 4744 si
3657 4681 3726 4745 in
3779 4681 4059 4747 conciliis
4124 4679 4598 4747 universalibus

2644 4765 2919 4847 fuissent
2962 4765 3225 4843 decreta,
3279 4765 3675 4830 conciliorum
3726 4767 4051 4833 autoritati
4105 4786 4226 4831 non
4277 4766 4604 4832 conceden-

2649 4852 2802 4916 dum
2844 4870 2976 4916 esse
3015 4850 3188 4914 divi.-
3236 4851 3298 4914 si
3339 4852 3629 4915 instituta
3669 4872 3712 4916 a
3744 4853 3987 4934 priscis
4015 4851 4315 4935 patribus
4355 4857 4412 4918 et
4452 4852 4602 4919 doc-

2651 4935 2917 5013 toribus,
2974 4940 3201 5000 veteres
3242 4941 3465 5016 patres
3504 4941 3575 5000 ut
3617 4938 3937 5018 imperitos
3978 4943 4035 5003 et
4085 4936 4275 5003 bonae
4316 4942 4603 5019 calpen-tes
4725 4962 4732 4981 ·

2653 5026 2800 5101 [pag.
2828 5027 2934 5099 25]
2974 5021 3410 5103 intelli9entiae
3448 5042 3591 5087 sum
3624 5025 4025 5088 criminatus.-
4064 5022 4127 5086 si
4146 5043 4270 5104 per
4303 5044 4604 5090 romanos

2639 5107 2980 5188 pontifices,
3026 5126 3127 5171 eos
3169 5106 3292 5171 sibi
3333 5109 3682 5174 astruxisse
3723 5100 4138 5193 tyrannidern,
4182 5114 4240 5173 et
4275 5108 4443 5192 falso
4487 5129 4602 5174 no-

2649 5193 2814 5257 mine
2850 5192 3121 5257 vicarios
3159 5212 3227 5257 se
3266 5191 3502 5260 Christi
3538 5195 3740 5261 dicere
3772 5194 4127 5276 affirmavi.-
4168 5194 4457 5261 omnibus
4490 5195 4604 5262 de·
