4984 5975
358 317 477 380 311

358 501 524 566 turis
568 500 898 566 tribuitur.
983 498 1156 564 Nam
1201 497 1505 565 Christus
1548 521 1667 583 per
1710 499 1977 583 spiritus
2024 501 2125 565 sui
2172 500 2303 565 vir-

358 594 566 652 tutem
587 584 902 669 quidquid
936 604 1211 667 usquam
1233 593 1336 649 est
1369 585 1518 650 boni
1547 597 1874 669 operatur.
1927 584 2058 650 Per
2084 588 2128 667 ¹)
2167 605 2306 650 eam

359 673 519 757 aqit,
576 674 866 751 sustinet,
908 676 1167 754 veqetat„
1224 670 1500 752 vivificat
1557 672 1797 736 omnia.-
1839 692 1963 752 per
2005 693 2150 736 eam
2192 691 2305 736 nos

356 757 675 839 iustificat,
710 756 1074 838 sanctificat,
1117 777 1318 837 expwr
1356 761 1438 835 at,
1484 756 1569 821 ad
1602 777 1733 822 sese
1766 761 1936 821 vocat
1976 777 2051 823 ac
2093 756 2302 835 trahit,

362 849 427 920 ut
448 844 708 909 salutem
733 863 1196 925 consequamur.
1280 778 1505 925 Iytaque
1546 844 1813 924 spiritus
1843 847 2113 921 sanctus,
2155 842 2306 907 dum

360 930 425 994 in
473 930 646 995 nobis
689 928 776 993 ad
815 928 974 994 hune
1017 929 1267 993 modum
1309 927 1564 1005 habitat,
1608 930 1670 993 is
1713 935 1802 995 est
1834 929 1947 1010 qui
1982 928 2157 993 nobis
2191 948 2304 993 suo

359 1015 595 1079 lumine
627 1014 845 1092 illucet,
877 1036 994 1096 quo
1027 1015 1348 1079 discamus
1369 1019 1425 1079 et
1427 1014 1627 1094 plane
1659 1034 2082 1098 aqnoscamus,
2116 1034 2306 1095 quam

359 1102 661 1184 inqentem
699 1100 955 1166 divinae
1007 1100 1295 1165 bonitatis
1330 1099 1707 1182 opulentiam
1761 1102 1831 1165 in
1887 1098 2130 1165 Christo
2162 1120 2309 1181 pos-
2354 1093 2360 1162 Ι

360 1187 694 1252 sideamus.
764 1185 967 1252 Corda
1002 1191 1215 1250 nostra
1256 1187 1527 1252 incendit
1559 1186 1783 1251 ardore
1824 1186 2132 1265 caritatis,
2176 1191 2309 1249 tum
2355 1177 2359 1242 Ι

360 1271 505 1351 Dei,
549 1277 679 1335 tum
702 1273 1008 1352 proximi,
1053 1272 1375 1355 maqisque
1419 1273 1489 1337 in
1531 1272 1665 1336 dies
1708 1272 1979 1354 excoquit
2015 1276 2067 1335 et
2102 1271 2308 1336 esurit
2355 1289 2360 1326 ι

361 1357 879 1441 concupiscentiae
922 1364 1168 1423 nostrae
1210 1358 1381 1435 vitia,
1426 1361 1508 1436 ut,
1557 1359 1617 1422 si
1661 1378 1788 1441 qua
1831 1362 1978 1422 sunt
2026 1357 2089 1420 in
2132 1357 2306 1421 nobis
2356 1361 2359 1422 Ι

361 1443 519 1508 bona
581 1464 766 1525 opera
782 1494 797 1524 ,
858 1443 1103 1526 fructus
1165 1444 1292 1507 sint
1351 1444 1596 1526 qratiae
1651 1444 1857 1526 ipsius
1916 1463 1989 1508 ac
2042 1442 2306 1507 virtutis.
2355 1453 2360 1510 ἱ

366 1529 634 1595 Nostrae
666 1551 808 1595 vero
841 1529 977 1595 sine
1009 1530 1147 1612 ipso
1181 1528 1363 1608 dotes,
1408 1531 1627 1594 mentis
1662 1534 1810 1595 sunt
1838 1529 2134 1606 tenebrae,
2181 1547 2309 1593 cor-
2356 1583 2360 1602 ,

357 1615 581 1697 disque
611 1617 1011 1696 perversitas.
2356 1645 2361 1694 ι

362 1791 638 1874 Credo
746 1811 1121 1874 sanctam
1228 1791 1666 1875 ecclesiam
1783 1789 2361 1894 catholicam,'·

711 1924 1191 1994 sanctorum
1252 1911 1940 1994 communionem.
2355 1967 2360 1994 ι

537 2059 822 2125 Fontem
860 2059 1035 2125 unde
1070 2059 1345 2126 ecclesia
1376 2060 1668 2139 scaturit,
1706 2060 1839 2124 iam
1872 2057 2307 2140 inspeximus:
2355 2055 2360 2108 i

356 2166 529 2228 quae
584 2144 774 2209 nobis
829 2144 951 2210 hoc
993 2144 1133 2213 loco
1192 2144 1516 2211 credenda
1557 2145 1946 2229 proponitur
2002 2143 2074 2207 in
2128 2142 2307 2207 hunc

353 2231 592 2308 finem,
652 2239 726 2294 ut
772 2231 1176 2297 confidamus
1235 2232 1617 2297 universum
1675 2229 2027 2296 electorum
2071 2249 2305 2293 nume·

355 2336 543 2393 rum,
602 2335 719 2397 per
763 2316 915 2381 fidei
959 2316 1296 2384 vinculum
1338 2317 1411 2380 in
1453 2337 1649 2382 unam
1692 2316 1865 2381 coire
1908 2315 2227 2380 ecclesiam
2246 2314 2304 2396 2)
2355 2371 2359 2390 ,

353 2422 439 2467 ac
475 2402 845 2482 εοσίείαέεηι,
886 2423 1210 2485 unumque
1247 2402 1379 2467 Dei
1408 2402 1742 2485 populum,
1782 2401 1963 2467 cuius
2008 2405 2154 2480 [pag.
2195 2403 2301 2477 30]
2354 2421 2359 2468 x

359 2485 661 2553 Christus
701 2487 995 2554 dominus
1042 2494 1247 2554 noster
1287 2488 1421 2552 duo:
1458 2490 1541 2553 sit
1586 2493 1641 2554 et
1669 2488 1998 2570 princeps,
2058 2505 2131 2550 ac
2171 2490 2307 2551 tan-
2354 2501 2358 2534 ⁵

355 2592 554 2655 quam
594 2573 787 2637 unius
827 2576 1101 2655 corporis
1143 2579 1353 2655 caput.-
1377 2579 1572 2656 prout
1607 2576 1675 2664 in
1710 2574 1865 2653 ipso,
1912 2577 2049 2637 mite
2080 2571 2306 2636 mundi
2352 2601 2359 2698 1

356 2657 877 2737 constitutionem,
932 2665 1076 2724 stud
1119 2660 1316 2738 electi,
1370 2665 1443 2724 ut
1496 2661 1564 2723 in
1607 2659 1735 2723 Dei
1790 2679 1828 2721 r
1938 2677 2047 2722 mn
2099 2677 2306 2722 omnes
2354 2701 2357 2714 .

357 2750 865 2827 ayqreqarentur.
952 2746 1129 2811 Haec
1179 2751 1385 2810 autem
1436 2746 1696 2811 societas
1926 2743 2050 2809 lica
2090 2747 2195 2822 est,
2236 2742 2307 2807 id
2353 2747 2359 2822 Ι

359 2833 454 2894 est
494 2830 892 2910 universalis,
938 2832 1093 2912 quia
1126 2852 1249 2896 non
1290 2830 1454 2897 siuas
1480 2835 1593 2895 aut
1630 2834 1755 2895 tres
1787 2829 2063 2895 invenire
2100 2828 2307 2894 liceat.-

374 2914 611 2979 Verum
666 2915 833 2980 electi
885 2915 1009 2982 Dei
1061 2919 1153 2982 sic
1210 2938 1416 2982 omnes
1472 2919 1544 2983 in
1594 2915 1838 2981 Christo
1894 2914 2200 2978 uniuntur
2252 2918 2307 2979 et

2019 307 2696 380 OATEOHISMUS.

4237 311 4374 372 342·

2614 503 2888 586 Credo
2950 501 3528 585 remissionem
3591 517 4150 614 peccatorum.

2583 651 2731 734 Quo
2768 650 3193 718 fundamento
3233 652 3533 718 consistit
3566 651 3962 735 suffultaquc
3998 663 4099 720 est
4134 663 4362 720 nostra

2410 739 2607 804 salus.
2684 738 2944 820 Quando
2967 739 3019 821 ¹)
3037 742 3435 819 peccatorum
3465 738 3752 802 remissio
3782 740 3891 803 via
3922 745 4027 819 est,
4075 744 4221 819 [pag.
4249 747 4357 820 31]

2409 845 2535 906 qua
2565 824 2654 890 ad
2687 823 2896 889 Deum
2935 823 3279 902 accedatur,
3323 825 3490 888 ratio
3522 843 3688 907 quae
3721 844 3842 890 nos
3877 826 3943 888 in
3977 826 4115 890 eius
4152 844 4357 910 regno

2409 911 2628 975 retinet
2670 930 2743 974 ac
2798 914 3019 974 tuetur.
3108 906 3184 973 Si
3230 906 3448 974 uidem
3502 915 3919 993 peccatorum
3975 911 4359 976 remissione

2410 995 2783 1061 continetur
2817 994 3030 1060 omnis
3066 994 3194 1059 fide
3219 994 3360 1059 ium
3395 995 3676 1060 iustitia:
3722 1015 3920 1078 quam
3954 1018 4359 1080 consequun-

2409 1088 2522 1146 tur
2564 1102 2697 1146 non
2743 1080 2882 1145 ullo
2939 1101 3057 1145 suo
3111 1080 3377 1157 meritc,
3435 1079 3550 1146 sed
3604 1102 3738 1145 una
3780 1080 4050 1147 Domini
4104 1082 4359 1147 miseri-

2410 1166 2662 1242 cordia,
2721 1167 2873 1232 dum
2901 1171 3299 1249 peccatorum
3340 1186 3598 1231 suorum
3642 1168 4013 1232 conscientia
4057 1169 4357 1250 oppressi,

2410 1252 2664 1335 afflicti,
2710 1257 2767 1317 et
2807 1252 3078 1335 confusi,
3126 1252 3331 1317 divini
3374 1251 3599 1316 iudicii
3642 1272 3832 1316 sensu
3875 1258 4357 1332 consternantur,

2409 1339 2650 1420 sibique
2703 1339 2867 1421 ipsis
2908 1338 3259 1418 displicent,
3305 1342 3360 1401 et
3401 1338 3565 1403 velut
3608 1337 3722 1403 sub
3753 1340 3938 1422 qravi
3960 1339 4232 1420 pondere
4260 1358 4359 1422 qe-

2409 1429 2587 1488 munt
2638 1444 2711 1489 ac
2773 1422 3079 1502 laborant,
3140 1423 3362 1505 hocque
3406 1425 3644 1506 peccati
3698 1425 3837 1488 odio
3891 1445 3963 1489 ac
4007 1425 4360 1505 confusione

2410 1529 2661 1575 carnem
2694 1529 2895 1588 suam,
2941 1529 3014 1573 ac
3048 1510 3361 1592 quidquid
3395 1530 3472 1575 eoe
3506 1530 3572 1574 se
3606 1515 3697 1574 est
3737 1510 4123 1591 mortificant.
4192 1509 4359 1575 Cae·

2410 1605 2629 1659 terum
2683 1603 2758 1659 ut
2812 1595 3166 1679 gratuitam
3216 1603 3633 1677 peccatorum
3677 1596 4130 1661 remissionem
4174 1596 4359 1661 nobis

2411 1679 2716 1746 Christus
2760 1690 3186 1763 compararet,
3239 1701 3384 1745 eam
3429 1680 3768 1764 sanguinis
3822 1684 3924 1747 sui
3969 1682 4175 1765 pretio
4219 1682 4360 1766 ipse

2409 1766 2706 1844 redemit,
2752 1765 2824 1830 in
2866 1787 2994 1848 quo
3040 1766 3412 1831 universam
3458 1786 3684 1831 eorum
3720 1765 4247 1833 emundationem
4286 1788 4361 1833 ac

2411 1852 2915 1918 satisfactionem
2939 1872 3250 1935 quaerere
3286 1851 3614 1917 debemus.
3677 1853 4010 1918 Docemur
4032 1873 4185 1937 ergo
4223 1874 4361 1918 cre-

2412 1937 2596 2016 dere,
2659 1937 2885 2002 ‹livina
2940 1936 3359 2014 liberalitate,
3417 1938 3862 2004 intercedente
3919 1937 4169 2004 Christi
4223 1959 4361 2002 me·

2356 2021 2359 2030 “
2411 2024 2556 2102 rit0,
2603 2031 3014 2106 peccatorum
3060 2023 3508 2088 remissionem
3544 2045 3620 2089 ac
3656 2025 3939 2108 gratiam
3975 2024 4163 2090 nobis
4197 2024 4359 2101 fieri,

2355 2123 2360 2176 ἱ
2407 2110 2519 2192 qui
2557 2110 2630 2172 in
2672 2108 2978 2175 ecclesiae
3014 2129 3247 2191 corpus
3283 2108 3469 2174 asciti
3522 2115 3588 2173 et
3621 2110 3853 2174 inserti
3890 2132 4132 2176 sumus.
4194 2108 4363 2174 Nul-

2407 2193 2541 2259 lam
2589 2214 2743 2259 vero
2789 2203 3200 2278 peccatorum
3243 2194 3696 2259 remissionem
3740 2203 3856 2261 aut
3898 2195 4191 2274 aliunde,
4250 2202 4364 2260 aut

2412 2279 2549 2344 ulla
2592 2279 2720 2344 alia
2763 2280 3035 2358 ratione,
3079 2287 3194 2345 aut
3238 2279 3382 2345 aliis
3419 2278 3579 2344 dari.
3650 2279 3932 2361 Quando
3968 2289 4158 2345 extra
4193 2281 4362 2346 hanc

2409 2366 2751 2432 ecclesiam
2772 2375 2838 2430 et
2859 2372 3232 2431 sanctorum
3265 2366 3793 2436 communionem
3827 2366 4010 2430 nulla
4033 2375 4133 2431 est
4168 2367 4360 2432 salus.

2523 2541 2796 2626 Credo
2861 2542 3131 2625 carnis
3193 2540 3937 2647 resurrectionem,
4002 2542 4264 2625 vitam

3157 2675 3608 2744 aeternam.

2509 2837 2518 2848 ·
2582 2785 2713 2877 Ubi
2756 2813 3042 2895 primum
3079 2810 3159 2875 de
3192 2810 3452 2874 futurae
3489 2811 3982 2875 resurrectionis
4026 2821 4358 2895 exspecta-

2410 2898 2587 2962 tione
2645 2896 2982 2962 docemur:
3048 2896 3344 2961 futurum
3403 2895 3677 2974 scilicet,
3749 2904 3824 2960 ut
3879 2896 3990 2978 qui
4049 2905 4200 2963 ante
4246 2918 4360 2963 ex·

357 3001 809 3082 coadunantur,
854 3009 922 3068 ut
953 3005 1465 3086 quemadmodum
1505 3003 1585 3068 ab
1624 3024 1748 3068 um
1789 3003 1989 3082 capite
2019 3001 2307 3083 pendent,
2355 2981 2360 3051 ἱ
2410 2991 2700 3048 tremum
2743 2981 2964 3048 iudicii
3006 2981 3179 3047 diem
3214 2988 3427 3046 morte
3465 2980 3793 3066 absumpti
3831 2982 4092 3062 fuerint,
4136 3006 4360 3050 eorum

360 3089 459 3152 ita
499 3087 569 3151 in
614 3108 808 3152 unum
851 3090 1011 3154 velut
1053 3110 1277 3172 corpus
1318 3091 1680 3168 coalescant,
1723 3110 1799 3153 ea
1839 3089 2003 3152 inter
2046 3106 2112 3151 se
2153 3105 2309 3153 oom-

360 3279 503 3324 vere
544 3279 740 3324 unum
780 3261 966 3341 faeti,
1011 3264 1124 3344 qui
1172 3282 1306 3325 una
1351 3262 1506 3341 fide,
1567 3281 1703 3342 spe,
1762 3259 2043 3336 caritate,
2105 3259 2310 3324 eodem
2358 3260 2362 3289 ¹

360 3344 495 3410 Dei
547 3346 786 3424 spiritu
840 3348 1034 3412 simul
1086 3349 1327 3424 vivunt,
1382 3349 1453 3410 in
1507 3347 1765 3412 maen
1820 3345 1983 3409 vitae
2027 3348 2309 3408 aeternae
2357 3300 2363 3401 1

2356 3082 2361 3099 ·
2412 3090 2676 3135 carnem
2719 3069 3042 3135 Dominus
3101 3067 3359 3146 eadem,
3416 3089 3545 3150 qua
3587 3067 3798 3132 filium
3843 3089 3883 3132 a
3927 3071 4203 3136 mortuis
4248 3093 4361 3135 ex-

348 3173 664 3255 positione
715 3174 1122 3255 cohaerentes,
1178 3196 1304 3256 qua
1354 3175 1631 3240 eiusdem
1686 3174 1964 3256 corporis
2016 3173 2306 3250 membra,
2370 3172 2375 3177 ’

2413 3155 2658 3234 citavit,
2704 3155 3018 3238 potentia,
3067 3175 3106 3218 a
3146 3153 3417 3237 pulvere
3458 3161 3525 3218 et
3568 3155 3982 3237 corruptione
4019 3156 4087 3219 in
4123 3176 4360 3221 novam

2412 3242 2619 3307 vitam
2664 3247 2943 3306 revocet.
3008 3239 3182 3304 Nam
3227 3239 3341 3322 qui
3384 3246 3523 3303 tum
3568 3239 3954 3322 superstites
4001 3240 4362 3324 deprehen-

2413 3327 2686 3406 dentur,
2748 3326 2967 3392 subita
3020 3325 3228 3409 magis
3273 3325 3755 3404 immutatione,
3815 3330 3963 3405 [pag.
4004 3332 4110 3406 32]
4167 3349 4364 3410 quam

360 3429 804 3497 haereditatem
846 3434 1059 3499 vocati,
1154 3432 1386 3497 Sancta
1427 3433 1613 3496 diam
1657 3436 1774 3496 est,-
1830 3431 1986 3512 quia
2029 3433 2310 3511 quotquot
2358 3442 2363 3481 ι
2412 3411 2700 3477 naturali
2756 3412 2984 3478 mortis
3041 3411 3252 3477 forma
3307 3410 3377 3474 in
3432 3430 3674 3477 novam
3732 3412 3930 3477 vitam
3986 3412 4367 3478 transibunt

362 3521 620 3582 aeterna
670 3515 800 3582 Dei
846 3520 1243 3601 providentia
1299 3518 1466 3583 electi
1531 3523 1707 3595 sunt,
1783 3521 1852 3581 ut
1908 3515 1977 3580 in
2031 3513 2312 3581 ecclesiae
2358 3496 2364 3585 1

362 3623 715 3666 numerum
772 3610 1216 3686 cooptarentur,
1267 3602 1590 3686 spirituali
1650 3600 2146 3686 regeneratione
2189 3621 2313 3666 om-
2360 3626 2365 3661 :

363 3709 471 3753 nes
507 3710 551 3753 a
570 3688 845 3755 Domino
878 3690 1365 3771 sanctificantur.
1424 3689 1762 3754 Posterior
1794 3686 2113 3770 particula
2151 3706 2311 3769 qua-
2360 3668 2366 3743 ἶ

359 3771 441 3839 lis
476 3775 627 3858 ipsa
660 3775 763 3852 sit,
802 3776 1041 3841 clarius
1075 3774 1292 3841 adhuc
1324 3776 1812 3858 interpretatur.
1879 3772 2133 3856 Nempe
2167 3782 2313 3837 tan-
2361 3792 2368 3875 Ι

363 3868 510 3924 tum
565 3859 786 3925 valere
830 3858 1123 3926 fidelium
1176 3862 1732 3939 communionem,
1800 3868 1875 3925 ut
1928 3858 2236 3940 quidquid
2254 3856 2313 3940 ⁸)

362 3945 670 4011 donorum
711 3945 841 4012 Dei
890 3949 1007 4012 uni
1051 3947 1288 4030 obtiqit,
1344 3947 1481 4011 eius
1535 3966 1742 4011 omnes
1791 3945 1949 4026 fiant
2001 3943 2314 4027 quodam-

364 4031 562 4097 modo
599 4033 974 4114 participes.-
1017 4034 1263 4099 tametsi
1304 4031 1433 4097 Dei
1474 4033 1935 4113 dispensatione
1978 4031 2047 4095 id
2082 4030 2196 4094 uni
2231 4029 2317 4094 sit

560 4119 572 4131 '
669 4119 680 4131 ’
814 4119 1057 4197 datum,
1114 4139 1234 4183 non
1289 4119 1459 4183 aliis.
1555 4117 2078 4199 Quemadmodum
2122 4116 2316 4180 unius

364 4205 648 4284 corporis
700 4205 971 4269 membra
1015 4205 1294 4286 quadam
1335 4204 1768 4269 communitate
1808 4205 1971 4267 inter
2012 4221 2077 4266 se
2109 4202 2316 4283 parti—

366 4289 612 4372 cipant.-
665 4295 811 4354 sunt
862 4291 1271 4356 nihilominus
1311 4310 1464 4355 suae
1505 4289 1781 4371 sinqulis
1813 4287 2170 4371 peculiares
2212 4287 2316 4351 do-

365 4379 482 4455 tes,
527 4375 943 4457 distinctaque
982 4378 1351 4441 ministeria.
1443 4376 1641 4452 Nam,
1698 4379 1765 4438 ut
1806 4375 2037 4439 dictum
2078 4378 2190 4451 est,
2246 4373 2318 4436 in

369 4481 572 4526 unum
604 4461 829 4527 collecti
864 4483 939 4528 ac
973 4463 1271 4545 compacti
1303 4467 1447 4525 sunt
1480 4480 1718 4541 corpus
1781 4460 1884 4525 Ea
1918 4469 2135 4524 autem
2171 4457 2317 4542 lege

369 4558 667 4614 sanctam
710 4569 854 4614 esse
897 4548 1255 4625 ecclesiam,
1302 4548 1570 4630 eiusque
1613 4545 2138 4612 communionem
2178 4565 2316 4610 cre-

370 4632 619 4711 dimus,
676 4642 751 4698 ut
802 4633 1008 4699 solida
1060 4634 1133 4698 in
1188 4632 1529 4699 Christum
1587 4630 1716 4697 fide
1770 4631 1945 4710 freti,
2002 4631 2142 4695 eius
2200 4651 2318 4695 nos

368 4722 627 4803 ‹juoque
671 4719 1075 4785 confidamus
1118 4739 1261 4785 esse
1303 4720 1615 4785 membra.

461 5062 489 5115 ¹
494 4995 570 5117 413
611 4993 795 5049 Instit.
822 5010 879 5061 p.
920 4990 1033 5046 136.
1259 4992 1319 5057 2)
1355 4993 1500 5047 Ibid.
1534 5010 1590 5062 p.
1626 4990 1727 5046 137
1763 5008 1868 5063 seq.
2075 4990 2135 5054 3)
2174 4989 2319 5044 Ibid.

364 5078 422 5131 p.
567 5102 582 5118 .

2414 3500 2476 3581 (l
2534 3496 2682 3563 Cor.
2743 3501 2836 3576 15,
2889 3495 3020 3582 51).
3108 3496 3316 3562 Porro
3372 3497 3680 3578 quoniam
3736 3497 3993 3579 piorum
4049 3497 4245 3563 simul
4299 3505 4367 3562 et

2414 3583 2766 3666 impiorum
2801 3582 3167 3647 communis
3201 3582 3328 3648 erit
3362 3581 3769 3659 resurrectio,
3809 3582 3921 3646 sed
3947 3582 4192 3666 dispari
4213 3606 4365 3649 con-

2416 3668 2694 3734 ditione:
2743 3666 3009 3733 additur
3050 3667 3402 3750 particula,
3458 3688 3625 3750 quae
3667 3668 3842 3733 inter
3885 3678 4179 3734 nostram
4222 3669 4367 3735 illo-

2417 3774 2693 3836 rumque
2728 3762 2969 3819 sortem
2992 3752 3347 3819 discernat:
3395 3773 3630 3837 nempe
3674 3754 3767 3819 sic
3807 3753 4180 3819 habituram
4216 3777 4365 3821 nos-

2419 3848 2592 3904 tram
2632 3839 3176 3906 resurrectionem
3193 3889 3207 3917 ,
3254 3846 3331 3903 ut
3373 3846 3517 3904 tum
3562 3858 3699 3904 nos‘
3725 3839 4050 3905 Dominus
4096 3862 4180 3906 ex
4225 3862 4366 3907 cor-

2419 3926 2720 4009 ruptione
2762 3925 2834 3989 in
2877 3925 3464 4007 incorruptionem,
3526 3946 3608 3989 ex
3667 3924 4061 3990 mortalitate
4117 3927 4188 3991 in
4246 3929 4370 3992 im-

2419 4009 2887 4077 mortalitatem
2940 4009 3304 4087 suscitabit,
3362 4031 3756 4094 corporeque
3800 4019 3866 4075 et
3908 4012 4128 4076 anima
4171 4012 4369 4098 glori-

2419 4099 2646 4164 ficatos
2703 4098 2772 4162 in
2815 4095 3290 4187 beatitudinem
3337 4097 3638 4180 recipiat,
3686 4098 3827 4162 sinc
3872 4098 4002 4162 fine
4045 4106 4370 4181 perstatu-

2420 4204 2594 4260 ram,
2640 4191 2829 4248 extra
2871 4203 3133 4248 omnem
3172 4183 3556 4247 mutationis
3600 4189 3715 4246 aut
3756 4184 4191 4266 corruptionis
4232 4205 4369 4250 sor-

2420 4278 2574 4334 tem.
2667 4267 2856 4351 Quae
2907 4289 3068 4335 vera
3131 4268 3260 4333 erit
3322 4266 3654 4350 solidaque
3710 4269 3778 4332 in
3836 4269 4066 4348 vitam,
4135 4269 4366 4350 lucem,

2419 4355 2740 4421 iustitiam
2762 4354 3089 4438 perfectio,
3137 4373 3342 4437 quum
3381 4352 3906 4435 inseparabiliter
3931 4353 4221 4420 Domino
4257 4355 4372 4421 ad·

2421 4441 2853 4520 haerebimus,
2897 4440 3008 4524 qui
3053 4461 3295 4518 eorum,
3338 4437 3524 4504 velut
3557 4438 3703 4503 fons
3738 4439 4190 4520 inexhaustus,
4236 4442 4373 4525 ple-

2418 4525 2789 4592 nitudinem
2833 4527 2904 4591 in
2947 4547 3017 4592 se
3062 4526 3363 4591 continet.
3441 4522 3580 4589 Illa
3599 4523 3653 4605 ²)
3696 4545 3835 4589 vero
3880 4526 4202 4605 beatitudo,
4245 4549 4374 4611 rey-

2422 4634 2574 4685 -num
2616 4613 2734 4677 erit
2775 4611 2919 4691 Dei,
2966 4612 3135 4677 muni
3168 4611 3468 4687 claritate,
3511 4609 3762 4693 qaudio,
3799 4611 4039 4691 virtute,
4082 4613 4374 4693 felicitate

2422 4698 2746 4781 refertum:
2789 4697 2969 4764 rebus
3013 4697 3090 4761 ab
3132 4696 3450 4760 hominum
3491 4714 3678 4759 sensu
3721 4716 3883 4761 nunc
3925 4699 4370 4776 remotissimis,

2424 4789 2478 4849 et
2519 4805 2677 4865 quas
2720 4803 2854 4849 non
2889 4784 3015 4849 nisi
3060 4802 3180 4866 per
3215 4780 3553 4864 speculum
3589 4789 3656 4845 et
3689 4781 3757 4845 in
3795 4783 4163 4868 aenigmate
4199 4804 4372 4849 nunc

2390 4868 2783 4935 ‘intuemurz
2844 4867 3047 4934 donec
3105 4867 3361 4932 venerit
3403 4865 3541 4932 dies
3583 4865 3725 4944 ille,
3787 4888 3910 4951 quo
3954 4868 4140 4933 nobis
4183 4889 4373 4934 suam

2424 4955 2698 5040 gloriam
2737 4955 3066 5021 Dominus
3111 4953 3271 5018 facie
3306 4951 3390 5018 ad
3432 4952 3662 5018 faciem
3699 4953 4222 5035 conspiciendam
4257 4975 4376 5018 ex-

2563 5229 2623 5295 1)
2661 5228 2844 5283 lustit.
2872 5244 2931 5297 p.
2971 5225 3074 5281 149
3095 5242 3200 5298 seq.
3341 5223 3401 5291 2)
3443 5224 3587 5281 Ibid.
3613 5240 3672 5293 p.
3712 5222 3807 5277 151
3844 5237 3949 5291 seq.

3863 5305 3964 5360 22·
