4984 5975
659 260 824 327 LIV
979 350 984 355 ⁴
1831 254 2376 324 'PRAGOEATUS
2420 249 3008 322 THEOLOGIOI
3052 255 3497 323 MINORES.

657 449 869 531 cipum
922 447 1375 513 accessionibus
1428 447 1501 510 in
1543 445 1784 527 primis
1844 418 2054 509 auteni
2101 444 2362 511 Daniae
2403 445 2573 528 reqis
2616 450 2674 510 et
2734 444 3220 528 Wrtemberqici
3233 495 3248 524 ,
3319 444 3654 527 multisque
3703 446 3774 510 in
3822 445 3974 512 locis
4021 446 4293 528 formam
4345 446 4663 532 reliquata

658 561 1023 625 immutasse
1039 608 1055 639 ,
1101 561 1360 638 praeter
1397 556 1590 638 fidem
1634 561 1691 620 et
1747 556 2212 621 iusiurandum.
2304 555 2523 621 Facile
2568 556 2767 640 iqitur
2810 575 3116 638 apparere
3164 576 3323 638 quae
3365 558 3452 621 sit
3509 557 3754 638 reliqua
3798 577 3941 638 spes
3986 558 4063 623 de
4108 557 4260 637 illis,
4311 557 4421 639 qui
4464 560 4661 625 variis

659 670 1010 736 rationibus
1029 719 1043 747 ,
1101 673 1157 732 et
1189 668 1433 749 partim
1476 668 1717 749 qratia,
1756 667 2003 747 partim
2050 668 2143 745 vi,
2190 688 2309 732 sua
2354 668 2426 731 in
2472 671 2692 767 castra·
2726 666 3003 732 homines
3051 667 3397 734 traducant.
3485 667 3889 749 Deferbuisse
3933 668 4128 749 enim,
4177 671 4233 732 et
4265 669 4464 750 plane
4506 674 4660 752 tepe-

655 781 892 863 factam
933 801 1064 844 esse
1102 780 1478 862 reliqionem,
1536 783 1592 843 et
1643 778 1921 843 homines
1978 778 2263 861 alioquin
2315 780 2386 843 in
2430 778 2538 844 hoc
2581 799 2711 865 esse
2743 778 3082 859 proclives,
3127 784 3198 844 ut
3239 778 3534 844 severiori
3574 780 3816 845 deserta
3856 778 4196 860 disciplina
4237 799 4369 845 sese
4412 781 4660 847 tradant

658 892 932 958 molliori
980 892 1302 974 maqisque
1355 889 1598 955 liberae.
1691 888 1814 955 Sed
1855 910 1932 955 ne
1972 889 2074 954 his
2130 891 2381 971 quidem
2429 891 2665 971 finibus
2707 889 2847 953 illos
2885 890 3198 968 contineri,
3242 910 3434 972 neque
3467 890 3628 954 satis
3669 890 3806 955 illis
3848 910 3978 954 esse
3996 940 4011 968 ,
4069 890 4236 973 quod
4276 890 4551 957 homines
4590 893 4660 958 in

662 1025 936 1071 errorem
995 1004 1304 1083 abducant
1321 1052 1336 1081 ‚
1392 1002 1524 1065 nisi
1578 1001 1767 1067 etiam
1832 1021 2019 1066 sacra
2062 1001 2403 1084 diripiant,
2446 1003 2761 1083 episcopos
2802 1001 3083 1081 eiiciant,
3127 1005 3183 1066 et
3220 1003 3581 1085 reliqionem
3622 1021 3861 1066 omnem
3887 1003 4259 1085 profanent,
4303 1007 4361 1068 et
4401 1002 4659 1085 impune

660 1116 939 1197 quidem:
980 1116 1106 1180 imo
1157 1132 1324 1177 nunc
1374 1134 1443 1179 eo
1494 1113 1775 1177 licentiae
1829 1132 1958 1177 esse
2001 1132 2398 1195 proqressos‚
2447 1118 2519 1177 ut
2559 1113 2747 1177 etiam
2791 1112 3257 1195 inteqerrimum
3297 1132 3582 1178 camerae
3636 1113 3944 1178 iudicium
3986 1112 4354 1194 subvertant,
4398 1135 4517 1196 quo
4560 1115 4658 1179 ni-

658 1229 896 1292 mirum
936 1247 1001 1291 eo
1054 1224 1295 1290 sublato
1358 1223 1656 1289 Caesaris
1711 1224 1782 1288 in
1832 1222 2181 1289 Germania
2223 1229 2370 1287 ruat
2413 1225 2747 1303 autoritas,
2798 1228 2851 1287 et
2908 1224 3037 1304 ipsi
3079 1223 3253 1289 nullo
3282 1223 3642 1305 prohibente
3683 1225 3753 1289 in
3794 1225 4070 1290 omnium
4107 1225 4438 1307 facultates
4478 1230 4659 1307 atquc

656 1339 853 1403 vitam
885 1358 1006 1420 pro
1048 1355 1169 1400 sua
1212 1335 1475 1399 libidine
1511 1334 1807 1417 qrassari
1849 1336 2115 1415 possint.
2205 1333 2313 1397 Ea:
2353 1335 2634 1415 privatis
2678 1334 2875 1417 i9itur
2919 1334 3052 1398 illis
3104 1334 3451 1398 actionibus
3492 1336 3737 1400 nullam
3792 1356 3924 1400 esse
3977 1338 4359 1417 sperandam
4402 1341 4516 1402 aut
4551 1336 4658 1418 fir-

656 1469 829 1514 mam
883 1455 997 1513 aut
1052 1447 1421 1513 diuturnam
1458 1466 1707 1527 pacem,
1767 1451 1825 1511 et
1874 1447 1935 1510 si
1986 1466 2114 1528 qua
2165 1447 2326 1527 forte
2355 1444 2487 1525 fiat,
2532 1465 2656 1510 non
2701 1445 2961 1509 dubium
3013 1465 3143 1511 esse
3185 1446 3341 1527 quin
3392 1468 3466 1510 ea
3518 1447 3880 1529 dignitatem
3926 1467 4170 1512 omnem
4209 1448 4380 1513 sedis
4422 1454 4658 1529 aposto-

658 1559 817 1626 licae
872 1565 928 1624 et
975 1560 1268 1643 politiam
1307 1558 1781 1624 ecclesiasticam
1824 1561 2077 1622 enervet.
2169 1556 2359 1621 Posse
2400 1557 2651 1638 quidem
2694 1557 2828 1620 alia
2869 1556 3070 1620 multa
3111 1536 3338 1637 referri
3378 1555 3487 1622 hoc
3520 1557 3672 1637 loco,
3726 1557 3835 1622 sed
3887 1578 3962 1623 ea
4003 1578 4070 1622 se
4110 1558 4425 1625 brevitatis
4467 1579 4660 1633 causa

649 1671 1172 1752 praetermittere.-
1224 1689 1387 1734 nunc
1441 1673 1646 1733 autem
1686 1689 1816 1735 esse
1844 1669 2247 1750 proximum,
2308 1672 2377 1732 ut
2421 1667 2718 1748 quomodo
2761 1667 2941 1733 salva
2981 1667 3274 1750 reliqione
3315 1669 3401 1732 sit
3442 1667 3592 1733 bello
3644 1668 3873 1734 turcico
3909 1670 4367 1750 providendum
4409 1671 4658 1736 investi-

655 1782 849 1866 9etur.
951 1776 1529 1847 Commodissimum
1586 1800 1716 1846 esse
1769 1780 2022 1862 quidem
2079 1779 2386 1844 rationem
2401 1828 2416 1857 ,
2466 1780 2529 1842 si
2569 1783 2982 1859 protestantes
3022 1778 3213 1844 simul
3270 1784 3325 1844 et
3379 1780 3612 1861 reliqui
3652 1779 3904 1845 ordines
3947 1780 4199 1845 auxilia
4238 1782 4659 1863 contribuant,-

657 1895 766 1960 sed
808 1893 1104 1975 quoniam
1157 1891 1228 1955 id
1281 1892 1540 1956 obtineri
1590 1892 1749 1973 forte
1804 1911 1928 1955 non
1957 1891 2166 1971 possit
2218 1890 2351 1954 nisi
2379 1895 2619 1971 pacata
2660 1890 2984 1973 reliqione,
3049 1893 3105 1954 et
3147 1911 3287 1956 vero
3329 1890 3612 1956 tractatio
3654 1890 3976 1974 reliywnis
4017 1911 4140 1956 non
4173 1892 4261 1958 ad
4301 1892 4657 1975 sinqulares

659 2009 1017 2082 conventus,
1075 2024 1289 2068 verum
1343 2004 1429 2068 ad
1480 2003 1814 2067 concilium
1857 2002 2181 2084 publicum
2223 2002 2564 2084 pertineat,
2620 2005 2774 2065 recte
2812 2000 3130 2082 futurum,
3175 2002 3236 2066 si
3277 2002 3606 2067 concilium
3647 2001 3946 2066 habeatur
3976 2004 4192 2083 primo
4233 2023 4470 2085 quoque
4511 2008 4659 2069 tem-

646 2137 833 2197 pore,
887 2121 943 2180 et
985 2114 1070 2179 ad
1110 2114 1273 2180 illud
1316 2134 1512 2179 causa
1555 2118 1682 2180 tota
1722 2114 2048 2199 reliqionis
2087 2114 2444 2178 reiiciatur:
2501 2113 2594 2178 sic
2641 2112 2809 2176 enim
2856 2113 2994 2194 fore
3034 2117 3105 2176 ut
3146 2117 3201 2177 et
3257 2112 3520 2194 reliquis
3561 2112 3849 2177 omnibus
3883 2113 4160 2195 ,satisfiat
4213 2118 4270 2178 et
4311 2119 4658 2196 protestan-

653 2226 820 2292 tibus
863 2226 1179 2308 inferatur
1230 2231 1432 2291 metus
1483 2231 1667 2308 atque
1709 2231 1908 2292 terror
1925 2274 1940 2303 ,
1984 2226 2095 2307 qui
2137 2244 2327 2305 quum
2369 2226 2535 2289 serio
2576 2243 2709 2288 rem
2749 2224 2858 2307 aqi
2900 2223 3217 2302 videbunt,
3261 2223 3454 2289 multo
3491 2224 3702 2306 futuri
3744 2224 3871 2290 sint
3910 2224 4389 2307 obsequentiores
4428 2226 4658 2309 maqis-

658 2358 776 2421 que
823 2337 1199 2417 tractabiles,
1251 2338 1413 2420 quod
1465 2339 1552 2404 ad
1606 2339 1939 2403 sanitatem
1993 2335 2119 2401 sibi
2170 2337 2596 2402 revertendum
2639 2355 2799 2415 esse,
2853 2340 2909 2401 et
2959 2335 3030 2400 id
3086 2354 3250 2400 nunc
3292 2336 3401 2419 aqi
3444 2336 3722 2414 videant,
3780 2355 3858 2400 ne
3898 2337 4145 2401 diutius
4186 2337 4258 2400 in
4308 2335 4655 2402 Germania

654 2449 981 2516 tolerentur
1035 2448 1329 2514 haereses.
1427 2449 1681 2515 Etenim
1733 2470 1928 2531 quum
1955 2449 2066 2513 ad
2116 2467 2326 2514 omnes
2365 2447 2641 2513 homines
2681 2448 2753 2511 in
2793 2446 3160 2512 universum
3201 2445 3418 2529 reliqio
3473 2447 3823 2511 christiana
3863 2448 4181 2528 pertineat
4194 2497 4210 2526 ,
4265 2447 4427 2513 nibil
4469 2449 4539 2511 in
4580 2469 4654 2514 ea

655 2560 1031 2626 mutandum
1073 2565 1185 2625 aut
1224 2561 1675 2627 emendandum
1717 2580 1866 2639 esse,
1913 2560 2046 2624 nisi
2086 2559 2163 2625 de
2203 2559 2512 2624 communi
2554 2559 2833 2627 omnium
2868 2558 3157 2622 consilio:
3202 2577 3314 2622 nec
3354 2557 3441 2622 ad
3482 2578 3677 2621 unam
3718 2556 3897 2623 modo
3944 2558 4374 2639 Germaniam,
4418 2561 4528 2626 sed
4570 2558 4654 2626 ad

662 2672 949 2737 Galliam
990 2676 1047 2736 et
1090 2671 1482 2752 Hispaniam
1506 2692 1517 2702 ·
1540 2676 1597 2736 et
1640 2671 1907 2737 Italiam
1955 2674 2012 2735 et
2055 2670 2326 2751 reliquos
2369 2670 2560 2734 etiam
2592 2668 2862 2750 populos
2907 2668 3361 2749 respiciendum
3403 2688 3548 2734 esse.
3641 2667 3815 2734 Nam
3856 2669 3917 2733 si
3958 2670 4114 2750 quid
4151 2670 4254 2734 bis·
4287 2669 4653 2736 inconsultis

655 2785 727 2849 in
788 2783 1136 2847 Germania
1191 2787 1460 2846 mutetur
1474 2832 1488 2859 ,
1551 2783 1844 2865 futurum
1896 2786 1966 2847 ut
2020 2781 2089 2845 id
2144 2781 2215 2843 in
2257 2779 2689 2859 plurimorum
2738 2779 2924 2845 cadat
2964 2778 3516 2859 reprehensionem
3562 2784 3619 2843 et
3661 2782 4086 2860 perniciosum
4117 2783 4420 2863 praebeat
4461 2801 4656 2847 eccem-

646 2894 866 2975 plum:
909 2893 1171 2958 monstri
1212 2913 1446 2973 quoquc
1484 2893 1694 2959 simile
1729 2896 2040 2976 futurum,
2084 2893 2144 2956 si
2187 2891 2436 2973 quidem
2477 2889 2758 2956 ecclesiae
2799 2889 3073 2955 membra
3121 2910 3245 2955 non
3287 2890 3534 2955 omnino
3577 2891 3984 2973 respondeant
4025 2913 4139 2958 suo
4181 2894 4440 2975 corpori.
4543 2892 4653 2958 Ve-

653 3010 885 3072 tustum
918 3006 1107 3070 etiam
1160 3024 1292 3069 esse
1346 3024 1576 3070 morem
1629 3009 1686 3070 et
1739 3004 1884 3068 inde
1925 3002 2006 3068 ab
2048 3003 2345 3085 apostolis
2389 3003 2721 3067 memoriae
2762 3003 3116 3083 proditum,
3173 3007 3243 3066 ut
3284 3003 3615 3069 autoritate
3666 3004 3912 3069 concilii
3958 3005 4405 3071 controversiae
4447 3024 4654 3072 omnes

651 3118 975 3200 finiantur.
1063 3114 1152 3179 Et
1193 3117 1491 3196 quoniam
1529 3136 1741 3181 omnes
1780 3117 1889 3197 pii
1930 3115 2237 3180 continuis
2267 3113 2564 3195 precibus
2604 3118 2786 3194 atque
2827 3114 2984 3177 votis
3023 3114 3353 3181 concilium
3392 3118 3693 3195 expetant,
3734 3135 3935 3197 nuper
3969 3117 4157 3181 etiam
4202 3111 4507 3182 Poloniae'
4542 3135 4653 3182 rex

659 3227 1108 3310 Siqismundus
1159 3247 1233 3291 ea
1289 3228 1363 3292 de
1413 3249 1482 3293 re
1522 3229 1716 3294 misso
1760 3228 1955 3310 leqato
1983 3226 2332 3309 pontificem
2365 3225 2805 3314 interpellarit,
2847 3225 2981 3307 fore
3022 3246 3145 3290 non
3185 3226 3446 3308 difficile
3485 3226 3653 3291 illud
3692 3226 4006 3307 inchoare,
4039 3229 4422 3309 praesertim
4462 3246 4654 3310 quum

652 3340 785 3423 ipsi
826 3360 1066 3421 quoque
1107 3358 1307 3421 nuper
1347 3339 1506 3403 inito
1542 3340 1786 3422 foedere
1820 3359 1939 3420 per
1981 3337 2430 3403 iusiurandum
2469 3337 2878 3417 promiserint
2892 3386 2910 3415 ,
2976 3357 3231 3418 operam
3272 3357 3339 3402 se
3381 3336 3641 3403 daturos
3682 3357 3921 3403 omnem
3954 3343 4024 3402 ut
4063 3339 4394 3404 concilium
4433 3338 4653 3406 habea-

652 3456 773 3516 tur.
863 3449 1091 3532 Ipsum
1130 3450 1415 3516 videlicet
1465 3456 1704 3533 tempus
1746 3450 1856 3516 lioc
1898 3469 2030 3515 esse
2070 3448 2437 3531 cumprimis
2478 3453 2920 3529 oppmunM,
2976 3449 3225 3529 quando
3266 3468 3407 3514 cum
3457 3448 3710 3514 Galliae
3749 3470 3889 3533 reqe
3929 3451 4017 3516 sit
4056 3451 4214 3516 actio
4255 3451 4332 3518 de
4361 3470 4556 3533 pace,
4598 3455 4652 3517 et

653 3567 906 3627 mutuae
947 3561 1389 3626 benevolentiae
1441 3583 1564 3627 non
1604 3582 1803 3626 unum
1843 3562 2094 3643 siqnum
2134 3564 2443 3642 appareat
2456 3609 2471 3637 ,
2509 3564 2568 3624 et
2608 3559 2893 3640 ipsorum
2934 3549 3190 3623 ditionis
3232 3561 3536 3642 episcopis
3576 3560 3693 3625 bac
3733 3561 3971 3627 ratione
4011 3566 4141 3626 tuto
4183 3560 4367 3628 liceat
4407 3582 4474 3628 eo
4507 3583 4652 3646 pro-

651 3674 866 3756 ficisci.
953 3673 1198 3738 Deinde
1227 3676 1541 3754 pertinere
1582 3674 1690 3739 hoc
1742 3673 1930 3738 etiam
1966 3672 2052 3737 ad
2104 3673 2388 3754 ipsorum
2422 3670 2938 3752 tranquillitatem
2986 3671 3214 3751 animi,
3273 3671 3336 3735 si
3376 3676 3593 3737 cuncta
3636 3672 3989 3754 referantur
4029 3674 4116 3739 ad
4160 3673 4509 3754 concilium,
4554 3694 4652 3740 ne-

652 3806 771 3867 que
799 3786 1083 3867 privatis
1126 3786 1471 3852 actionibus
1511 3784 1752 3848 decreta
1788 3784 1963 3865 fiant,
2007 3782 2234 3865 quibus
2275 3781 2626 3863 offendatur
2666 3780 2875 3847 Deus.-
2914 3782 3008 3846 sic
3040 3783 3206 3846 enim
3246 3782 3487 3848 nullam
3529 3783 3691 3865 ipsis
3720 3785 4176 3866 praestandam
4216 3804 4348 3850 esse
4388 3785 4652 3869 culpam.

652 3896 765 3961 Ad
797 3896 948 3961 haec
988 3896 1139 3960 utile
1170 3914 1403 3976 quoque
1431 3895 1720 3976 futurum
1753 3895 1933 3977 ipsis,
1979 3893 2477 3976 quandoquidem
2520 3893 2591 3956 in
2614 3892 2943 3958 concilium
2984 3894 3154 3958 omni
3193 3894 3416 3959 reiecta
3441 3914 3614 3972 cura,
3650 3896 3911 3961 caeteris
3952 3896 4133 3960 rebus
4165 3915 4326 3978 quae
4365 3896 4653 3962 videbun-

652 4011 761 4071 tur
796 4005 982 4071 libere
1023 4026 1245 4070 vacare
1287 4010 1608 4086 poterunt,
1654 4012 1712 4071 et
1751 4007 1972 4088 foedus
2014 4006 2269 4070 interim
2313 4003 2713 4084 amplificare.
2781 4004 2956 4086 Quod
2998 4025 3065 4069 eo
3106 4004 3391 4070 conducet
3423 4010 3493 4069 ut
3521 4010 3934 4088 protestantes
3974 4012 4088 4074 aut
4132 4006 4364 4072 decreto
4407 4006 4654 4074 concilii

650 4138 719 4184 se
759 4115 1136 4195 submittant,
1182 4123 1295 4182 aut
1326 4140 1369 4183 a
1409 4118 1850 4199 confoederatis
1891 4117 2206 4183 catholicis
2249 4116 2335 4180 ad
2375 4114 2651 4195 officium
2685 4115 3094 4180 adducantur.
3124 4117 3131 4124 ’
3181 4113 3269 4179 Et
3308 4114 3456 4180 haec
3497 4116 3745 4197 quidem
3784 4116 4092 4183 hactenus.
4180 4116 4329 4183 Iam
4363 4118 4450 4184 ad
4497 4119 4654 4183 Tur-

652 4247 792 4293 cam
836 4228 998 4310 quod
1043 4229 1278 4308 attinet,
1326 4230 1568 4293 hortari
1618 4248 1683 4293 se
1725 4230 2095 4310 cumprimis
2152 4233 2232 4293 et·
2262 4247 2458 4305 orare,
2513 4226 2679 4307 quod
2733 4230 2918 4291 antea
2960 4245 3200 4308 quoque
3252 4244 3437 4309 saepe
3475 4227 3714 4309 fecerit,
3762 4232 3832 4291 ut
3875 4249 4017 4310 pax
4054 4230 4173 4311 fiat
4212 4249 4351 4294 cum
4402 4229 4653 4295 Galliae

651 4359 818 4423 reye:
851 4351 1023 4403 ‘nam
1080 4360 1218 4404 eam
1259 4360 1485 4423 pacem
1528 4360 1657 4405 esse
1690 4340 2070 4421 reipublicae
2110 4339 2495 4404 christianae
2539 4336 2909 4416 salutarem,
2962 4342 3019 4402 et
3059 4338 3189 4402 nisi
3224 4343 3419 4418 coeat,
3468 4339 3732 4404 dubium
3764 4359 3895 4405 esse
3950 4361 4036 4404 an
4069 4342 4378 4423 potentiae
4418 4341 4652 4407 Turca-

651 4470 795 4516 rum
845 4450 1060 4516 resisti
1093 4453 1316 4531 possit.
1423 4453 1672 4533 Quanta
1726 4471 1866 4517 vero
1908 4453 2036 4516 sint
2082 4452 2222 4516 eius
2265 4450 2455 4532 pacis
2499 4449 2844 4527 commoda,
2896 4468 3020 4513 non
3075 4450 3265 4514 semel
3305 4454 3489 4514 antea
3541 4469 3607 4514 se
3656 4450 4134 4533 demonstrasse,
4190 4473 4297 4518 nec
4329 4473 4485 4533 opus
4527 4470 4654 4516 esse

650 4581 817 4627 nunc
870 4561 993 4626 illa.
1029 4566 1312 4643 repetere.
1423 4561 1707 4630 Caeteros
1747 4564 1937 4628 etiam
1988 4563 2239 4628 ordines
2279 4560 2534 4641 imperii
2586 4561 2663 4626 de
2713 4560 2982 4626 auxiliis
3031 4560 3268 4625 interea
3308 4580 3498 4641 posse
3549 4560 3904 4641 sollicitari,
3961 4568 4016 4627 et
4070 4565 4131 4629 si
4186 4565 4438 4647 quidem
4479 4567 4652 4629 aucto

646 4673 890 4756 foedere
933 4677 990 4736 et
1032 4673 1311 4739 inchoato
1344 4675 1592 4739 concilio
1621 4674 2107 4756 protestamibus
2131 4671 2512 4754 persuaderi
2549 4676 2782 4754 posset,
2827 4671 3050 4736 idonea
3080 4672 3394 4752 praestita
3435 4672 3744 4752 cautione,
3789 4676 3859 4735 ut
3898 4674 3986 4738 ad
4026 4675 4352 4741 concilium
4390 4676 4651 4751 veniant,

646 4784 786 4867 fore
837 4804 961 4848 non
1009 4783 1287 4864 difficile,
1343 4783 1421 4847 ab
1466 4786 1629 4866 ipsis
1692 4787 1880 4850 etiam
1935 4786 2265 4867 impetrare
2299 4787 2531 4848 ,contra
2593 4782 2863 4848 Turcam
2917 4782 3183 4847 auxilia.
3286 4782 3461 4864 Quod
3511 4783 3573 4846 si
3625 4787 3835 4849 autem
3875 4786 4130 4851 nonnisi
4170 4787 4363 4852 malis
4418 4791 4475 4851 et
4513 4784 4654 4850 reli·

647 4896 822 4980 qioni
852 4894 1233 4976 perniciosis
1272 4895 1719 4960 conditionibus
1760 4897 1831 4962 id
1872 4897 2133 4962 obtineri
2163 4895 2397 4976 possit,
2442 4892 2777 4959 videndum
2815 4912 2946 4959 esse
2965 4943 2981 4972 ,
3041 4913 3118 4958 ex
3158 4893 3396 4960 duobus
3436 4893 3627 4958 malis
3666 4899 3882 4959 utrum
3922 4898 4007 4962 sit
4048 4898 4429 4982 eliqendum,
4473 4902 4530 4964 et
4570 4915 4651 4961 an

640 5011 920 5089 praestet
961 5005 1254 5088 reliyione
1281 5006 1542 5087 prodita
1585 5006 1794 5073 Deum
1835 5008 2154 5089 offendere,
2198 5027 2286 5071 an
2326 5023 2469 5069 vero
2511 5004 2707 5071 unius
2736 5004 3103 5086 provinciae
3141 5024 3354 5070 carere
3394 5005 3697 5071 subsidiis
3737 5007 4042 5074 adversus
4092 5009 4396 5074 Turcam:
4435 5008 4652 5074 etenim

651 5139 775 5184 non
804 5117 992 5199 facile
1020 5135 1205 5198 posse
1248 5117 1535 5195 discerni,
1581 5117 1711 5181 utri
1751 5119 1954 5202 maqis
2000 5116 2315 5183 Christum
2351 5119 2712 5198 oppuynent,
2746 5119 3154 5197 protestantes
3195 5135 3283 5180 an
3331 5117 3611 5183 Turcae:
3653 5137 3804 5182 nam
3844 5118 3955 5183 lios
3993 5120 4240 5201 quidem
4283 5119 4354 5184 in
4393 5137 4651 5203 corpora
