4984 5975
375 351 495 415 381

378 539 570 620 nique
610 536 817 603 modis
859 536 1170 615 contendi,
1214 540 1283 599 ut
1323 534 1433 600 hoc
1473 535 1870 617 tyrannicum
1912 534 2199 599 ecclesiae
2238 533 2338 597 iu-

379 643 530 709 qum
545 674 560 703 ,
607 643 768 705 quac
809 622 976 688 cibos
1019 622 1335 687 interdum
1367 619 1678 703 prohibet,
1733 640 1895 701 quae
1937 620 2075 685 dies
2115 623 2338 698 servat,

383 730 545 792 quae
567 708 845 789 confiteri
865 727 978 772 nos
1012 707 1145 772 vult
1164 714 1424 789 peccata
1456 712 1671 771 nostra
1702 704 2141 783 sacerdotibus,
2180 724 2340 784 quae

382 801 523 861 vota
562 793 819 875 impleri
860 793 1041 872 iubet,
1085 814 1244 875 quae
1276 792 1553 858 homines
1585 793 1656 856 in
1696 796 1769 872 te,
1814 789 2074 870 Christe,
2117 790 2339 855 liberos

382 887 466 947 tot
509 880 826 945 servitutis
864 879 1132 944 vinculis
1173 878 1410 962 alliqat,
1455 899 1498 942 a
1537 877 1717 943 nobis
1756 877 1959 943 cuncti
1999 876 2110 957 qui
2151 880 2208 939 te
2244 895 2337 940 co-

386 967 578 1033 limus
619 969 1066 1030 excuteremus:
1117 964 1431 1046 solamque
1467 963 1656 1044 fidem
1709 963 1781 1027 in
1834 968 1918 1042 te,
1971 982 2094 1026 non
2147 963 2340 1026 e‘iam

388 1053 545 1118 bona
587 1071 774 1134 opera
790 1101 805 1130 ,
847 1071 1008 1132 quae
1045 1051 1325 1114 maxime
1368 1048 1741 1115 extolluntur
1782 1053 1838 1113 et
1880 1048 2340 1130 praedicantur

387 1140 462 1203 in
504 1137 758 1203 ecclesia
771 1186 788 1215 ,
844 1136 1158 1201 iustitiam
1200 1134 1377 1201 nobis
1420 1139 1477 1200 et
1517 1135 1783 1200 salutem
1816 1154 2046 1215 parere
2085 1131 2341 1213 confide-

384 1243 630 1288 remus.-
686 1242 879 1304 quum
922 1227 993 1286 tu
1021 1222 1399 1304 praesertim
1429 1240 1704 1302 poenam
1735 1239 1859 1301 pro
1901 1219 2076 1284 nobis
2105 1237 2341 1300 pepen-

386 1310 610 1387 disses,
649 1313 868 1389 tuoque
900 1311 1111 1373 sancto
1144 1307 1450 1390 sanquine
1483 1311 1837 1371 cunctorum
1871 1304 2093 1370 delicta
2127 1310 2183 1369 et
2215 1322 2340 1369 sce-

387 1395 522 1460 lera
567 1390 935 1459 delevisses:
983 1398 1054 1456 ut
1105 1413 1220 1457 nos
1256 1392 1374 1457 hac
1415 1413 1545 1457 una
1583 1392 1710 1473 fide
1750 1392 1822 1456 in
1865 1396 1921 1454 te
1958 1390 2139 1473 freti,
2198 1388 2341 1454 libe-

385 1481 530 1545 rius
572 1479 795 1545 deinde
838 1498 1021 1562 aqere
1054 1497 1449 1560 quaecunque
1482 1479 1659 1542 nobis
1692 1476 1972 1542 libuisset
1992 1494 2338 1557 possemus,

393 1565 765 1646 Scripturas
815 1567 1004 1629 etiam
1058 1565 1447 1647 inqeniosius
1497 1583 1642 1627 sum
1670 1565 2107 1644 perscrutatus
2149 1581 2341 1642 quam

388 1657 622 1718 veteres
676 1650 817 1717 illi.-
870 1669 945 1714 ac
995 1656 1128 1714 tum
1179 1651 1426 1731 quidem
1480 1650 1787 1727 maxime,
1847 1667 2040 1729 quum
2094 1646 2342 1727 aliquid

389 1738 758 1819 quaerebam
801 1738 873 1799 in
927 1736 1045 1812 eis,
1103 1736 1266 1817 quod
1319 1740 1531 1800 contra
1584 1736 1744 1800 istos
1799 1735 2151 1815 detorquere
2194 1751 2341 1815 pos·

391 1842 548 1889 sem.-
589 1842 715 1902 qua
750 1822 939 1886 etiam
972 1823 1288 1886 doctrinae
1328 1826 1383 1886 et
1423 1822 1665 1903 inqenii
1708 1820 1997 1900 opinione
2028 1819 2202 1901 apud
2223 1837 2341 1898 po-

383 1909 573 1990 pulos
612 1911 859 1988 famam
913 1911 971 1973 et
1019 1908 1538 1973 existimationem
1590 1911 1810 1971 nactus
1863 1910 2051 1970 totam
2093 1904 2342 1985 quidem

389 1993 677 2060 ecclesiae
720 1993 1110 2057 autoritatem
1153 1998 1408 2058 evertere
1448 2012 1570 2056 non
1598 1992 1796 2073 potui,
1841 2009 2215 2073 maqnarum
2248 1993 2341 2052 ta-

391 2100 531 2145 men
563 2079 939 2143 seditionum
982 2080 1053 2143 in
1095 2098 1187 2157 ea,
1233 2083 1290 2142 et
1331 2079 1706 2143 scissionum
1744 2078 1848 2158 fui
1894 2082 2094 2143 autor.
2166 2075 2343 2139 Haec

388 2166 498 2229 ubi
539 2164 656 2229 iste
694 2163 943 2243 dixerit,
986 2169 1045 2228 et
1083 2183 1223 2228 vere
1261 2164 1493 2228 dixerit
1534 2167 1755 2245 (neque
1796 2164 1963 2227 enim
2005 2161 2342 2226 mentiendi

391 2251 564 2332 apud
607 2249 793 2314 inum
833 2249 1137 2314 coelestem
1180 2249 1450 2315 iudicem
1485 2254 1574 2314 est
1618 2250 1801 2328 locus,
1856 2249 2104 2312 tametsi
2144 2247 2342 2313 multa

388 2337 556 2403 idem
596 2336 675 2400 de
712 2333 1046 2399 ambitione
1086 2355 1234 2414 sua,
1286 2336 1362 2401 de
1416 2335 1719 2410 avaritia,
1779 2336 1855 2399 de
1895 2334 2104 2398 studio
2134 2354 2339 2415 popu-

390 2422 553 2486 laris
588 2421 846 2504 qloriae,
892 2421 969 2485 de
1007 2420 1351 2501 fraudibus
1393 2425 1449 2485 ct
1488 2420 1755 2484 malitiis
1798 2420 2136 2498 intestinis,
2181 2440 2339 2500 quae

388 2509 564 2571 intus
595 2508 735 2587 ipse
770 2511 1076 2587 aqnoscat,
1112 2508 1191 2569 in-
1218 2526 1351 2571 sese
1384 2506 1716 2584 reticuerit,
1753 2526 1913 2586 quae
1946 2511 2150 2570 tamen
2187 2509 2335 2583 [pag.

394 2597 501 2671 26]
559 2592 659 2657 illi
701 2593 930 2671 prima
981 2592 1127 2674 ipsa
1172 2591 1239 2667 in
1279 2593 1483 2675 fronte
1537 2591 1929 2674 apparebunt
1979 2591 2334 2670 inscripta),

274 2751 283 2758 ,
392 2678 553 2759 quod
593 2678 870 2754 tandem,
912 2697 948 2741 ο
996 2678 1418 2744 Gebennenses
1456 2677 1694 2758 fratres
1736 2679 1884 2757 mei,
1928 2696 2082 2757 quos
2121 2697 2225 2760 eqo
2266 2678 2337 2740 in

395 2762 640 2828 Christo
656 2813 670 2842 ,
729 2768 785 2825 et
839 2763 910 2826 in
972 2761 1217 2828 Christi
1263 2764 1519 2830 ecclesia
1569 2763 1900 2827 unanimes
1952 2782 2186 2828 mecum
2228 2762 2338 2826 ha-

390 2848 525 2914 bere
568 2852 723 2931 opto,
766 2867 891 2912 non
931 2847 1131 2912 solum
1173 2850 1250 2914 de
1291 2850 1410 2928 his,
1453 2849 1563 2914 sed
1602 2849 1925 2914 comitibus
1956 2849 2338 2914 assectatori-

388 2933 621 3015 busque
672 2953 883 2999 eorum
935 2934 1242 2999 iudicium
1280 2935 1417 3018 fore
1458 2934 1884 3000 existimatis?
1975 2933 2196 2999 Nonne
2236 2934 2338 3000 hic

389 3026 547 3085 certe
590 3021 704 3101 qui
745 3019 1105 3085 catholicam
1148 3022 1467 3088 ecclesiam
1505 3021 1702 3103 fuerit
1734 3026 2046 3102 sequutus,
2090 3021 2336 3087 nullum

387 3126 574 3171 suum
607 3109 889 3172 erratum
928 3106 998 3170 in
1040 3106 1156 3172 hac
1197 3129 1266 3172 re
1303 3108 1518 3189 afferet
1533 3107 1568 3171 ‚2
1661 3105 1973 3186 Primum,
2015 3110 2170 3188 quia
2212 3127 2335 3172 non

389 3196 575 3270 errat,
617 3211 810 3273 neque
851 3191 1004 3257 adeo
1045 3213 1259 3258 errare
1291 3198 1493 3275 potest
1527 3192 1799 3271 ecclesia,
1842 3194 2023 3257 cuius
2065 3194 2180 3258 illa
2208 3214 2334 3273 pu-

388 3277 547 3343 blica
569 3282 627 3341 et
649 3277 1043 3343 universalia
1074 3280 1318 3344 decreta
1347 3284 1530 3361 atque
1561 3279 1826 3345 concilia
1856 3279 2123 3359 spiritus
2157 3298 2333 3343 sanc-

386 3368 487 3428 tus
531 3363 792 3429 assidue
830 3362 1147 3447 qubernat.
1214 3364 1465 3430 Deinde
1505 3365 1753 3429 etiamsi
1794 3370 2064 3429 errasset
2105 3384 2182 3429 ea
2224 3368 2335 3428 aut

388 3452 629 3514 erraret
681 3448 874 3532 (quod
927 3454 1134 3515 tamen
1186 3451 1425 3517 creditu
1474 3456 1531 3516 et
1582 3455 1927 3515 memoratu
1980 3455 2069 3515 est
2118 3449 2331 3533 nefas)

386 3533 602 3600 nullus
641 3534 788 3600 huic
828 3535 1080 3616 quidem
1120 3556 1279 3601 suus
1320 3536 1792 3617 exprobraretur
1824 3552 2017 3615 error,
2058 3537 2169 3617 qui
2202 3535 2330 3599 sin-

384 3641 519 3687 cero
561 3620 791 3700 animo,
836 3626 892 3685 et
920 3626 1185 3702 propter
1226 3621 1437 3687 Deum
1474 3621 1729 3700 humili,
1786 3622 2100 3687 maiorum
2140 3620 2331 3701 fidem

383 3726 645 3774 suorum
686 3711 743 3771 et
783 3707 1178 3771 autoritatem
1218 3712 1371 3773 esset
1392 3713 1828 3789 prosequutus.
1853 3708 1902 3790 ¹)
1964 3706 2060 3771 At
2090 3707 2205 3771 iste
2237 3706 2330 3771 al-

384 3797 473 3858 ter
513 3811 631 3856 suo
672 3792 945 3857 innitens
986 3794 1203 3874 capite,
1248 3796 1555 3859 neminem
1588 3793 1821 3858 habens
1851 3798 2123 3858 veterum
2155 3812 2332 3879 sanc-

382 3884 584 3944 torum
616 3882 911 3959 patrum,
969 3897 1044 3942 ac
1080 3899 1156 3944 ne
1191 3880 1576 3964 qeneralium
1628 3879 1880 3961 quidem
1923 3899 2000 3943 ex
2045 3878 2330 3943 omnibus

384 3965 690 4046 episcopis
732 3969 1127 4028 conventuum
1141 4015 1156 4044 ,
1209 3986 1388 4047 quem
1429 3964 1651 4030 honore
1693 3965 1950 4048 di9num
1976 3969 2181 4045 putet,
2224 3964 2330 4028 cui

383 4050 640 4114 inducat
681 4050 969 4114 animum
1011 4051 1218 4116 cedere
1253 4056 1308 4114 et
1349 4050 1774 4132 obtemperare,
1815 4052 2026 4116 omnia
2068 4050 2192 4115 sibi
2226 4071 2329 4115 ar-

382 4155 642 4219 roqans,
688 4135 774 4200 ad
816 4134 1269 4201 obtrectandum
1322 4138 1529 4220 maqis
1582 4156 1771 4218 quam
1827 4137 1911 4201 ad
1965 4136 2327 4202 discendum

380 4220 792 4289 docendumve
834 4226 1136 4302 paratus,
1202 4243 1394 4304 quum
1448 4244 1489 4288 a
1544 4223 1852 4289 communi
1913 4222 2167 4287 ecclesia
2220 4222 2326 4286 de-

381 4307 607 4386 sciscit,
652 4327 828 4389 quem
851 4307 1108 4389 respicit
1136 4314 1393 4388 portum
1428 4308 1829 4389 fortunarum
1851 4328 2117 4373 suarum
2130 4307 2164 4370 .2
2204 4327 2325 4388 quo

368 4391 849 4476 propuqnaculo
901 4393 1195 4473 confidit?
1250 4394 1479 4476 quibus
1531 4396 1703 4476 apud
1744 4393 1955 4458 Deum
2005 4394 2324 4458 advocatis

372 4479 579 4561 fretus
622 4478 757 4543 est?
802 4482 872 4541 ut
913 4498 1034 4543 non
1071 4482 1348 4561 qraviter
1389 4480 1601 4545 debeat
1635 4484 1922 4558 metuere,-
1964 4481 2216 4544 eiectum
2257 4498 2324 4543 se

376 4565 469 4629 iri
507 4565 581 4628 in
614 4563 899 4629 teneffla’s
934 4567 1278 4646 exteriores,
1322 4565 1431 4631 ubi
1463 4567 1584 4631 erit
1609 4568 1792 4645 fletus
1825 4570 1882 4629 et
1910 4565 2145 4629 stridor
2178 4565 2323 4628 den-

378 4651 563 4728 tium,
619 4650 728 4714 hoc
782 4654 897 4728 est,
951 4649 1058 4714 ubi
1100 4653 1399 4718 miserias
1440 4671 1595 4717 suas
1626 4656 1926 4733 perpetuo
1968 4651 2319 4729 defleturus,

380 4741 439 4801 et
478 4740 693 4801 contra
734 4740 917 4801 semet
946 4738 1154 4816 ipsum
1203 4738 1489 4803 dentibus
1530 4738 1950 4819 increpiturus
1990 4737 2106 4801 sit.-
2159 4736 2322 4816 quod

376 4842 574 4903 quum
596 4826 822 4904 posset,
866 4823 926 4886 si
960 4823 1031 4887 id
1063 4824 1417 4903 studuisset,
1457 4824 1638 4889 illam
1671 4822 2135 4888 acerbissimam
2172 4828 2319 4903 [pag.

378 4911 490 4984 27]
536 4908 734 4972 vitare
768 4907 1200 4988 calamitatem,
1245 4911 1315 4973 id
1353 4910 1560 4991 facere
1593 4909 1977 4993 neqlexisset.
2069 4910 2244 4990 Quod
2263 4910 2320 4983 2)

520 5197 579 5259 1)
618 5205 996 5267 persequutus,
1034 5195 1170 5250 1540
1203 5189 1341 5266 se'qq.
1511 5198 1572 5265 2)
1616 5199 1947 5255 Genevensis
1983 5198 2120 5254 1540
2153 5214 2321 5253 emen·

370 5266 507 5323 δαί.-
542 5266 733 5335 Quam,
769 5266 917 5335 quod
950 5272 1227 5336 sequentes
1259 5276 1572 5334 receperunt
1607 5285 1801 5323 omnes.
2134 5282 2141 5295 ’

1750 342 2219 411 EPISTOLA
2260 342 2393 409 AD
2438 291 3048 412 GENEVATESs

4268 356 4401 420 382

2439 553 2624 616 porro
2662 534 2936 615 infausti
2979 540 3036 599 et
3078 536 3451 601 incommodi
3492 537 3736 602 comites
3776 538 4192 607 traducendae
4232 543 4401 610 vitae

2441 620 2573 684 sint
2594 639 2834 683 moeror
2846 624 2903 683 et
2926 620 3126 701 furor,
3150 641 3316 685 unus
3332 640 3457 702 per
3471 642 3601 687 sese
3621 623 3881 706 quisque
3901 626 4063 691 satis
4074 632 4279 707 potest
4297 629 4396 694 in-

2443 704 2714 786 telliqere
2731 707 3143 784 :praesertim
3164 727 3356 787 quum
3388 706 3739 774 illiusmodi
3771 709 3930 774 mali
3963 716 4144 793 atque
4174 714 4400 780 damni

2442 790 2658 854 nullus
2709 790 2971 872 futurus
3020 812 3299 874 unquam
3351 792 3508 872 sinis
3559 795 3669 873 sit,
3722 795 3901 860 nulla
3942 796 4396 882 determinatio,

2442 895 2773 955 nunquam
2815 875 2906 940 ibi
2937 876 3219 959 plorare,
3265 898 3585 959 nunquam
3627 880 3958 945 desinatur
3996 882 4210 949 irasci.
4281 884 4397 950 At-

2443 962 2570 1042 qui,
2615 963 2676 1025 si
2718 961 2968 1041 reliqua
3010 964 3275 1028 istorum
3309 964 3521 1028 omnia
3558 965 3770 1046 aliquo
3815 972 4019 1032 tamen
4041 974 4229 1049 pacto
4248 990 4396 1052 per-

2439 1047 2605 1129 ferri
2647 1052 2702 1110 et
2742 1047 2995 1112 tolerari
3041 1055 3327 1129 possent,
3384 1048 3494 1113 hoc
3547 1052 4064 1132 quemadmodum
4117 1055 4396 1137 ferretur

2445 1132 2547 1217 (in
2588 1153 2709 1213 quo
2763 1132 2923 1198 mihi
2969 1134 3207 1198 videtur
3248 1156 3325 1199 ne
3367 1136 3452 1199 ad
3493 1136 3926 1219 iqnoscendum
3963 1141 4219 1220 'quidem
4260 1142 4397 1207 illis

2445 1219 2642 1284 locum
2675 1218 2879 1284 ullum
2920 1221 3136 1285 veniae
3177 1226 3234 1284 et
3275 1221 3740 1288 misericordiae
3781 1224 3956 1305 apud
3987 1224 4202 1291 Deum
4242 1228 4395 1293 dari

2438 1303 2655 1387 posse)
2690 1306 2855 1384 quod
2887 1325 3182 1388 sponsam
3215 1305 3283 1371 hi
3310 1305 3550 1371 Christi
3582 1309 3835 1372 unicam
3870 1309 4215 1392 discerpere
4246 1316 4396 1378 sunt

2443 1388 2692 1454 conati?
2748 1390 2927 1471 quod·
2966 1393 3240 1456 tunicam
3295 1392 3481 1456 illam
3532 1392 3828 1473 Domi-ni,
3888 1416 4078 1477 quam
4126 1397 4396 1479 profani

2442 1475 2674 1539 milites
2716 1475 2999 1541 dividere
3039 1477 3398 1557 noluerunt,
3459 1479 3568 1542 isti
3621 1480 3769 1544 ausi
3824 1486 3997 1560 sunt,
4051 1503 4178 1547 non
4233 1484 4395 1548 divi-
4461 1489 4474 1499 “

2443 1560 2588 1626 dere
2629 1560 2857 1639 solum,
2900 1562 3011 1626 sed
3051 1562 3373 1627 lacerare?
3469 1564 3625 1645 Quot
3665 1566 3829 1631 enim
3871 1567 4032 1646 iam,
4089 1569 4230 1634 istis
4269 1570 4393 1635 ini-

2441 1647 2602 1710 tium
2648 1646 3052 1727 facientibus,
3108 1653 3303 1714 sectae
3356 1650 3672 1715 ecclesiam
3726 1650 4135 1734 disciderunt,
4200 1675 4394 1736 neque

2445 1753 2583 1797 cum
2620 1733 2766 1797 istis
2799 1740 3218 1816 conqruentes,
3247 1740 3304 1798 et
3337 1736 3515 1817 ipsae
3550 1737 3713 1800 inter
3733 1756 3799 1801 se
3824 1738 4188 1803 discordes?
4228 1740 4395 1822 quod

2444 1819 2844 1899 manifestum
2877 1839 3009 1884 esse
3036 1818 3347 1901 falsitatis
3378 1821 3686 1886 indicium
3718 1823 3921 1887 omnis
3948 1824 4233 1890 doctrina
4252 1846 4390 1891 con-

2440 1903 2671 1984 firmat.
2754 1904 3002 1969 Veritas
3044 1906 3212 1970 enim
3252 1907 3441 1972 unica
3483 1927 3728 1991 semper
3770 1913 3885 1987 est,
3939 1912 4150 1975 varia.
4182 1917 4392 1976 autem

2443 1994 2500 2054 et
2532 1988 2944 2071 multiformis
2981 1996 3072 2055 est
3101 1990 3392 2071 falsitas:
3433 1999 3492 2056 et
3522 1994 3809 2076 simplex,
3853 1996 4015 2076 quod
4048 2001 4310 2062 rectum:
4336 1996 4388 2081 ¹)

2443 2074 2852 2155 multifidum,
2906 2077 3075 2157 quod
3127 2075 3461 2158 obliquum.
3553 2077 3678 2143 Sed
3730 2078 4092 2147 huiusmodi
4142 2084 4390 2148 scissio-

2444 2180 2603 2240 nem,
2625 2161 2983 2227 huiusmodi
3004 2166 3254 2227 sanctae
3286 2164 3574 2228 ecclesiae
3606 2164 4094 2247 dilaniationem,
4117 2173 4391 2251 potestne

2443 2247 2775 2327 quisquam
2817 2247 3135 2312 Christum
3168 2266 3501 2332 aqnoscens
3535 2254 3590 2315 et
3621 2250 3927 2331 confitens,
3964 2258 4020 2315 et
4052 2255 4237 2319 cuius
4271 2254 4389 2319 ali-

2442 2333 2690 2414 quando
2745 2334 2937 2397 menti
2995 2338 3177 2415 atque
3230 2335 3405 2400 cordi
3459 2335 3730 2416 spiritus
3781 2343 4033 2402 sanctus
4086 2338 4390 2420 illuxerit,

2441 2438 2564 2482 non
2607 2418 2973 2501 intelliqere,
3022 2417 3326 2499 Satanae,
3373 2425 3430 2484 et
3469 2441 3593 2485 non
3638 2420 3765 2485 Dei
3795 2424 4132 2505 propriam
4173 2444 4390 2504 opera-

2439 2504 2668 2568 tionem
2708 2504 2883 2569 esse?
2978 2504 3146 2585 Quid
3187 2506 3454 2587 imperat
3505 2505 3682 2571 nobis
3724 2505 3952 2573 Deus?
4009 2510 4164 2591 quid
4193 2507 4388 2592 prae-

2439 2589 2595 2670 cipit
2639 2587 2979 2655 Christus?
3073 2590 3309 2672 Nempe
3363 2596 3435 2656 ut
3485 2612 3683 2656 unum
3737 2612 3943 2658 omnes
3995 2596 4066 2660 in
4119 2596 4256 2677 ipso
4301 2595 4388 2659 si-

2439 2694 2600 2739 mus.
2693 2675 2826 2756 Quo
2878 2676 3096 2740 datum
3158 2681 3248 2741 est
3296 2676 3473 2742 nobis
3527 2699 3561 2743 e
3609 2678 3767 2743 coelo
3821 2683 4001 2760 atque
4044 2679 4181 2745 Deo
4223 2680 4388 2745 illud
4486 2723 4494 2732 -

2437 2760 2776 2912 {min
2795 2763 3587 2930 saisiatae&
3606 2766 4188 2933 mmm&
4223 2766 4389 2916 3²⁶5?

2435 2934 2608 2998 nitus
2645 2932 2930 3015 infusum
2972 2934 3115 3001 cst?
3188 2934 3415 2999 Nonne
3454 2940 3524 2999 ut
3567 2954 3776 3000 omnes
3816 2955 3940 3001 uno
3982 2938 4161 3005 corde
4192 2942 4250 3004 et
4281 2957 4387 3004 ore

2437 3018 2787 3084 Dominum
2829 3019 3228 3100 confiteamur
3243 3023 3279 3084 ,2
3362 3020 3474 3085 An
3518 3021 3908 3087 arbitrantur
3948 3023 4058 3088 isti
4100 3024 4386 3089 christia-

2435 3125 2587 3169 nam
2629 3104 2988 3188 reliqionem
3028 3106 3214 3171 aliud
3256 3108 3502 3173 omnino
3545 3127 3704 3186 esse,
3757 3128 3948 3190 quam
3981 3129 4204 3191 pacem
4245 3130 4386 3175 cum

2436 3190 2603 3269 Deo,
2671 3195 2726 3255 et
2778 3211 2916 3256 cwm
2959 3193 3253 3272 proximo
3308 3193 3698 3259 concordiam
3711 3193 3747 3257 ‚9
3836 3193 4177 3261 Videamus
4231 3195 4386 3276 quid

2435 3278 2693 3357 ipsemet
2746 3276 3037 3358 lqutur
3088 3278 3155 3341 in
3212 3277 3451 3343 Ioanne
3502 3278 3848 3359 Dominus,
3892 3285 4145 3361 patrem
4194 3300 4384 3347 suum

2429 3382 2550 3443 pro
2594 3362 2928 3442 discipulis
2968 3364 3340 3445 deprecans.-
3387 3362 3584 3429 Pater
3624 3370 3860 3444 sancte,
3918 3385 4103 3431 serva
4155 3387 4258 3431 eos
4311 3367 4383 3430 in

2434 3448 2680 3512 nomine
2719 3452 2822 3510 tuo
2863 3468 3016 3528 quos
3056 3449 3285 3514 dedisti
3325 3448 3513 3529 mihi,
3532 3455 3640 3522 „ut
3691 3451 3820 3515 sint
3874 3470 4074 3515 unum
4121 3452 4287 3516 sicut
4327 3455 4386 3516 et

2433 3552 2547 3598 nos
2555 3540 2578 3596 ':
2615 3552 2743 3596 non
2773 3553 2897 3615 pro
2934 3532 3038 3597 his
3078 3540 3288 3598 autem
3318 3555 3466 3618 roqo
3498 3535 3716 3614 solum,
3756 3537 3866 3600 sed
3899 3540 3957 3599 et
3987 3556 4107 3618 pro
4144 3536 4237 3601 eis
4270 3537 4384 3617 qui

2434 3618 2734 3684 credituri
2767 3623 2914 3683 sunt
2921 3638 3046 3701 per
3064 3619 3319 3684 verbum
3349 3640 3564 3685 eorum
3595 3621 3667 3686 in
3697 3639 3811 3699 me,
3842 3626 3913 3685 ut
3944 3641 4154 3685 omnes
4183 3640 4382 3685 unum

2432 3705 2593 3782 sint,
2651 3704 2813 3768 sicut
2854 3708 2924 3768 tu
2952 3709 3140 3785 pater
3181 3707 3252 3770 in
3293 3725 3390 3769 me
3432 3711 3487 3770 et
3528 3726 3635 3789 eqo
3677 3707 3748 3770 in
3788 3711 3874 3784 te,
3927 3710 3998 3769 ut
4039 3710 4092 3770 et
4136 3707 4265 3789 ipsi
4305 3707 4382 3771 in

2431 3788 2611 3855 nobis
2649 3809 2846 3855 unum
2887 3791 3042 3869 sint,
3095 3795 3166 3855 ut
3216 3792 3427 3857 credat
3477 3791 3753 3855 mundus
3799 3791 3965 3872 quod
4008 3795 4077 3855 tu
4127 3812 4223 3855 me
4263 3788 4398 3856 mi-'

2430 3876 2606 3940 sisti:
2649 3879 2706 3940 et
2745 3895 2851 3958 eqo
2891 3875 3176 3959 qloriam,
3220 3896 3412 3958 quam
3454 3876 3682 3941 dedisti
3721 3875 3912 3954 mihi,
3957 3876 4104 3942 dedi
4144 3877 4268 3955 eis,
4310 3882 4381 3942 ut

2431 3961 2560 4025 sint
2595 3980 2807 4040 unum,
2845 3962 3006 4026 sicut
3048 3967 3104 4026 et
3143 3982 3255 4026 nos
3295 3983 3492 4026 unum
3525 3982 3778 4026 sumus:
3821 3981 3927 4044 eqo
3960 3963 4033 4027 in
4067 3962 4176 4042 eis,
4222 3968 4278 4027 et
4309 3968 4382 4028 tu

2429 4047 2503 4111 in
2543 4066 2656 4125 me,
2699 4051 2767 4109 ut
2808 4047 2939 4112 sint
2967 4048 3229 4129 perfecti
3270 4048 3340 4112 in
3381 4067 3598 4113 unum.

2623 4133 2880 4209 Videtis,
2921 4132 3161 4214 fratres
3204 4134 3553 4212 carissimi,
3607 4137 3665 4196 et
3717 4132 3787 4196 in
3840 4133 4016 4197 clara
4070 4133 4379 4216 evanyebii

2431 4218 2565 4284 luce
2606 4218 2984 4297 discernitis,
3024 4219 3179 4306 quid
3220 4220 3306 4284 sit
3346 4240 3485 4283 vere
3526 4239 3657 4283 esse
3699 4217 4143 4283 christianum.-
4185 4238 4379 4299 quum

2425 4306 2586 4384 fides
2631 4306 2697 4369 in
2739 4302 2952 4368 Deum
2994 4310 3237 4383 nostra,
3296 4324 3489 4386 quum
3530 4304 3660 4371 Dei
3713 4304 4140 4384 omnipotentis
4153 4304 4211 4387 2)
4251 4303 4379 4387 qlo-

2429 4392 2553 4470 ria,
2598 4410 2754 4472 quae
2796 4394 2852 4453 et
2895 4390 3105 4470 ipsius
3139 4392 3314 4471 apud
3351 4409 3479 4467 nos,
3523 4395 3580 4454 et
3613 4395 3829 4454 nostra
3862 4390 4038 4470 apud
4070 4409 4212 4454 eum
4247 4409 4377 4455 esse

2422 4478 2652 4558 possit,
2711 4477 2778 4538 in
2835 4474 2952 4540 hac
2993 4476 3128 4541 sola
3181 4478 3345 4540 inter
3386 4496 3498 4555 nos
3551 4475 3791 4545 unitate
3830 4476 4141 4553 consistat,
4184 4495 4376 4556 quum

2429 4562 2537 4626 hoc
2586 4581 2782 4627 unum
2838 4563 3119 4643 requirat
3160 4569 3216 4625 et
3246 4561 3514 4643 postulet
3557 4583 3598 4625 a
3629 4566 3819 4643 patre
3861 4561 3936 4626 de
3978 4561 4153 4624 nobis
4199 4560 4377 4626 Chri-

2428 4652 2582 4727 stus,
2617 4646 2805 4728 idque
2822 4647 2881 4730 ⁸)
2902 4668 3050 4714 suos
3083 4649 3154 4712 in
3187 4646 3296 4711 hoc
3332 4646 3588 4727 labores,
3624 4665 3781 4711 suas
3801 4665 4154 4725 aermnnas,
4187 4665 4376 4710 suam

2427 4738 2773 4815 susceptam
2781 4752 2908 4813 pro
2929 4733 3104 4798 nobis
3125 4732 3390 4797 humani
3425 4733 3701 4815 corporis
3731 4731 4155 4815 fraqilitatem,
4189 4751 4376 4796 suam

2426 4838 2685 4898 crucem,
2728 4839 2912 4883 suam
2954 4823 3222 4897 mortem,
3265 4819 3358 4883 sic
3395 4819 3672 4900 fructum
3710 4817 4054 4883 allaturam
4094 4817 4217 4882 sibi
4246 4837 4372 4900 pu-

2570 5059 2628 5125 1)
2667 5056 2806 5111 1540
2838 5072 3008 5128 seqq„-
3043 5066 3248 5112 rectum
3286 5065 3384 5112 est.
3556 5056 3616 5123 2)
3654 5057 3757 5113 Dei
3793 5058 3963 5112 omnis
3997 5056 4183 5125 gloria,
4232 5052 4375 5109 1540

2430 5143 2571 5201 seqq.
2647 5127 2864 5181 Gallica
2907 5126 3086 5182 versio
3130 5142 3251 5181 cum
3297 5127 3701 5197 antiquioribus
3738 5126 3894 5192 facit.
4096 5122 4156 5189 3)
4201 5123 4373 5177 Gene-

2428 5198 2611 5252 vensis
2664 5195 2840 5250 editor
2886 5194 3220 5249 emendavit.-
3271 5196 3439 5263 isque.
3515 5195 3711 5250 Gallus
3755 5209 3881 5247 vero
3913 5193 4098 5247 vertit.-
4142 5199 4199 5245 et
4242 5190 4370 5261 qu’il

2430 5282 2599 5337 pense
2634 5266 2758 5335 qu's,
2793 5281 2855 5319 ce
2891 5279 3083 5334 moyen
3118 5271 3213 5318 etc.
