4984 5975
2063 313 2721 383 PROLEGOMEN
2721 317 2806 383 A.
3549 322 3553 328 ’
4172 323 4463 403 XXXV.

438 499 833 567 insinuantes
874 518 994 564 non
1023 500 1357 582 pauciores
1396 520 1511 599 sue
1561 520 1773 567 errore
1813 499 2149 584 illaqueent
2182 490 2375 586 qaam
2415 504 2477 571 si
2518 504 2763 571 excusis
2795 505 2980 571 libris
3009 505 3263 587 publice
3295 507 3685 588 cursitarent,
3729 528 3989 601 causam¹
4028 510 4190 578 mihi
4229 510 4459 581 habere

435 634 564 679 non
608 611 817 678 videor
870 611 1024 694 quin
1066 611 1350 677 veritatis
1379 612 1667 695 proditor
1718 613 1925 694 dicar,
1979 615 2041 681 si
2086 615 2158 680 in
2199 620 2374 680 tanta
2427 610 2783 682 necessitate
2820 622 3059 684 taceam
3101 637 3176 683 ac
3217 619 3626 685 dissimulem.
3712 620 3824 685 Ex
3869 620 3976 688 1118
4020 621 4326 691 omnibus
4372 623 4455 690 li-

434 722 632 809 quide
688 729 962 806 apparet
997 721 1379 802 Calvinum,
1431 744 1639 806 quum
1683 746 1825 791 sese
1868 725 1951 790 ad
2003 726 2182 792 hunc
2223 726 2521 792 libellum
2576 727 3117 795 conscribendum
3168 731 3530 795 accinxerit
3547 782 3562 810 ,
3620 728 4144 801 adversariorum
4201 736 4453 818 scripta

437 855 610 920 quae
651 834 1015 900 accuratius
1056 834 1374 900 refutaret
1407 836 1673 901 omnino
1717 836 1903 903 nulla
1944 837 2018 902 in
2051 837 2354 904 manibus
2387 838 2712 909 habuisse.
2783 840 2964 906 Vero
3008 841 3424 907 simillimum
3466 863 3622 926 ergo
3668 847 3769 908 est
3812 863 3965 908 eum
4003 845 4293 928 plurima
4333 845 4455 912 1118

437 953 860 1032 argumenta,
905 944 1148 1028 partim
1192 946 1363 1011 seria
1406 951 1473 1012 et
1515 949 1845 1031 graviora,
1890 950 2131 1032 partim
2175 950 2514 1034 argutiora
2557 958 2625 1016 et
2664 950 2871 1031 levia,
2915 952 2988 1018 18
3026 954 3264 1035 quibus
3310 952 3682 1019 refellendis
3721 959 3903 1020 totus
3947 964 4278 1037 versatur,
4324 958 4454 1023 mi-

437 1080 568 1125 nus
612 1078 803 1140 saepe
847 1077 932 1122 ex
974 1055 1449 1123 haereticorum
1493 1079 1603 1124 ore
1647 1061 1979 1143 excepisse
2021 1081 2219 1145 quam
2261 1083 2343 1127 ex
2389 1083 2506 1128 suo
2550 1062 2755 1145 ipsius
2798 1063 3061 1148 ingenio
3106 1063 3429 1144 hausisse,
3475 1065 3571 1131 ita
3612 1072 3714 1145 ut,
3772 1085 3939 1149 quae
3980 1066 4179 1135 dubia
4220 1073 4454 1136 contra

437 1191 630 1237 suam
674 1167 1071 1236 sententiam
1113 1170 1364 1234 moveri
1407 1176 1739 1252 poterant,
1795 1193 1875 1237 ea
1915 1174 2085 1259 ipse,
2132 1193 2299 1256 quae
2343 1179 2485 1239 erat
2530 1174 2671 1240 eius
2715 1175 3067 1258 sagacitas,
3112 1176 3365 1258 primus
3407 1176 3727 1259 repererit
3769 1185 3836 1242 et
3878 1178 4066 1261 quasi
4106 1185 4337 1245 contra
4381 1200 4453 1249 se

437 1283 659 1367 ipsum
702 1280 986 1347 solverit.

401 1474 408 1485 .
751 1391 1104 1458 Caeterum
1147 1412 1279 1457 non
1324 1391 1619 1459 subsistit
1657 1395 1732 1459 in
1773 1395 1856 1461 iis
1899 1416 2064 1478 quae
2108 1395 2193 1462 ad
2234 1418 2538 1464 somnum
2582 1398 2952 1464 animarum
2998 1399 3222 1465 stricte
3267 1399 3362 1465 sic
3406 1398 3654 1466 dictum
3699 1406 4028 1482 spectant,
4072 1401 4212 1469 sive
4255 1423 4451 1485 quem

437 1514 683 1573 vocant
706 1512 955 1569 statum
977 1503 1457 1583 intermedium,
1502 1505 1618 1572 sed
1640 1504 1974 1573 occasione
2019 1506 2172 1573 data
2194 1509 2414 1574 omnia
2455 1508 2593 1574 fere
2637 1515 2998 1592 pertractat
3039 1530 3205 1593 quae
3250 1509 3332 1575 de
3374 1511 3746 1577 animarum
3790 1518 4032 1577 natura
4074 1519 4141 1577 et
4180 1513 4451 1581 immor-

439 1618 695 1685 talitate
736 1636 1208 1699 corporumque
1235 1617 1712 1684 resurrectione
1735 1638 1776 1682 a
1817 1618 2140 1704 theologis
2181 1619 2353 1685 tradi
2399 1619 2628 1686 solent.
2690 1622 2827 1688 Vix
2873 1631 2975 1688 est
3014 1621 3188 1705 88811
3232 1631 3299 1686 18
3340 1643 3722 1688 moneamus
3764 1644 3849 1688 ne
3892 1622 3999 1691 1118
4041 1623 4448 1707 philosopln'-

438 1749 590 1798 cam
633 1728 1090 1795 tractationem
1134 1748 1445 1810 quaerere
1479 1728 1661 1817 velis,
1706 1729 1963 1814 qualem
2007 1732 2398 1797 recentiores
2440 1731 2560 1797 tibi
2602 1733 2888 1798 offerunt
2931 1732 3012 1799 de
3061 1732 3165 1799 1118
3207 1731 3403 1798 rebus
3449 1732 3864 1800 disserentes.
3946 1735 4071 1799 Est
4112 1734 4230 1803 illa
4271 1756 4452 1801 mere

440 1841 812 1926 theologica
855 1846 922 1905 et
978 1848 1051 1903 ut
1091 1839 1382 1906 maxime
1438 1840 1825 1908 scholastica
1842 1892 1858 1921 ,
1918 1841 2002 1907 ad
2045 1862 2344 1909 normam
2388 1849 2457 1908 et
2499 1844 2879 1926 exemplum
2925 1844 3509 1913 ecclesiasticorum
3557 1844 3897 1911 doctorum
3948 1846 4061 1928 qui
4108 1844 4453 1912 orthodoxi

435 1951 877 2037 perhibentur
932 1960 1181 2017 exacta.
1275 1951 1358 2016 In
1401 1972 1530 2035 8811
1582 1953 1638 2018 81
1682 1954 1829 2037 8818
1873 1942 2264 2020 reformatae
2317 1955 2625 2020 scientiae
2668 1955 2955 2040 vestigia
2996 1956 3382 2039 quaesierit,
3435 1956 3508 2020 in
3548 1976 3625 2022 88
3667 1957 3955 2040 18881118
3996 1957 4237 2040 8818111
4278 1956 4455 2040 88811

435 2072 633 2133 autor
674 2064 888 2128 rarius
911 2061 995 2127 ad
1028 2061 1271 2145 placita
1311 2071 1576 2146 patrum
1614 2074 1942 2148 provocat,
1990 2065 2566 2148 locupletissimam
2605 2088 2762 2132 vero
2801 2068 3100 2152 congerit
3139 2067 3435 2135 locorum
3477 2069 3840 2151 scripturae
3883 2089 4107 2135 sacrae
4148 2088 4452 2147 messem,

434 2176 514 2241 in
558 2197 688 2258 qua
719 2173 1100 2240 ventilanda
1140 2174 1276 2240 fere
1320 2181 1456 2239 tota
1488 2175 1839 2260 disputatio
1883 2177 2262 2243 absolvitur.
2325 2175 2517 2258 Quae
2550 2184 2847 2243 autorem
2890 2178 3112 2262 prodit
3164 2178 3333 2243 mira
3385 2199 3722 2244 sacrorum
3763 2177 4178 2245 oraculorum
4219 2180 4457 2245 notitia

437 2286 793 2377 insignem,
839 2292 907 2352 et
938 2285 1013 2349 in
1045 2286 1126 2351 iis
1162 2285 1247 2350 ad
1282 2286 1764 2353 institutionem
1798 2287 2229 2354 christianam
2271 2288 2667 2371 usurpandis
2700 2287 3198 2372 scrutandisque
3244 2290 3493 2354 nemini
3530 2290 3870 2372 imparem,
3912 2288 4031 2355 sed
4066 2290 4453 2358 historicum

439 2418 744 2478 sensum,
790 2417 985 2480 quem
1029 2418 1150 2464 nos
1192 2397 1479 2463 maxime
1518 2398 1960 2477 vindicamus,
2005 2400 2223 2467 minus
2266 2405 2661 2478 sectantem,
2718 2399 3109 2482 praesertim
3152 2401 3223 2465 18
3266 2401 3510 2465 veteris
3555 2400 3938 2467 testamenti
3983 2401 4197 2493 effatis
4241 2401 4453 2485 expli-

437 2508 690 2578 candis.
779 2509 993 2577 Stilus
1034 2509 1230 2593 paulo
1274 2510 1484 2575 881181
1525 2516 1593 2574 81
1637 2511 2022 2576 concitatior
2064 2510 2291 2590 oratio,
2338 2511 2524 2577 88188
2567 2511 3055 2577 vehementiam
3096 2513 3237 2594 1888
3278 2512 3351 2577 18
3392 2511 3792 2594 praefatione
3833 2512 4153 2595 agnoscit:
4201 2513 4315 2594 qui
4350 2519 4453 2577 ta—

438 2643 600 2689 men
638 2642 773 2686 1188
814 2620 945 2686 8181
985 2619 1237 2687 18811188
1277 2621 1477 2687 bilem
1521 2620 1829 2687 effudisse
1855 2636 1943 2687 ’88
1965 2621 2125 2689 dicit
2167 2622 2444 2705 stiloque
2486 2621 2583 2687 ita
2625 2630 3022 2705 temperasse
3076 2629 3152 2688 ut
3193 2621 3481 2689 docendo
3523 2642 3721 2706 quam
3762 2622 4053 2705 cogendo
4095 2623 4296 2689 fuerit
4337 2643 4454 2706 88-

437 2734 591 2802 tior.
680 2730 878 2815 Quod
919 2731 979 2799 si
1021 2753 1105 2799 81
1142 2732 1336 2798 istius
1379 2731 1623 2798 saeculi
1664 2733 1954 2800 moribus
1995 2734 2464 2810 aestimaveris,
2509 2755 2645 2799 11811
2687 2734 3014 2800 1181881118
3059 2733 3309 2800 dictum
3347 2733 3777 2800 concesseris:
3820 2754 3943 2799 1188
3986 2733 4219 2817 quibus
4263 2733 4455 2800 seda-

443 2846 576 2911 tior
616 2846 877 2910 animus
930 2851 1032 2910 est
1074 2851 1143 2910 et
1181 2845 1394 2928 magis
1448 2843 1719 2909 comiter
1760 2845 2063 2911 instituta
2103 2845 2317 2929 placet
2368 2844 2725 2912 arduarum
2767 2847 3224 2929 quaestionum
3268 2842 3650 2924 (1888118118,
3711 2844 4153 2911 contentionis
4194 2845 4451 2912 fervore

441 2955 624 3024 haud
665 2957 760 3022 ita
799 2955 987 3023 facile
1031 2955 1289 3041 abrepti
1331 2956 1677 3022 veritatem
1720 2957 1965 3023 certius
2001 2956 2408 3041 argumentis
2451 2978 2653 3040 quam
2696 2957 3009 3026 conviciis
3052 2956 3260 3024 asseri
3300 2956 3685 3024 iudicamus.

752 3068 818 3134 N
820 3090 906 3134 on
962 3067 1272 3135 audiendi
1325 3075 1483 3135 sunt
1534 3069 1647 3152 qui
1702 3069 1878 3136 hunc
1930 3067 2228 3135 libellum
2285 3070 2572 3152 primum
2624 3069 2857 3154 gallice
2900 3069 3152 3135 editum
3209 3070 3410 3135 fuisse
3464 3069 3837 3135 coniiciunt.
3924 3068 3990 3134 N
3991 3089 4100 3133 am
4146 3088 4231 3134 ex
4273 3088 4459 3134 mera

443 3182 820 3250 coniectura
862 3180 1061 3247 talem
1106 3180 1476 3264 opinionem
1518 3180 1700 3246 nasci
1741 3180 2032 3265 potuisse
2073 3179 2228 3246 inde
2271 3181 2590 3250 efficimus
2632 3181 2804 3265 quod
2846 3202 3040 3247 nemo
3080 3201 3377 3264 unquam
3429 3179 3742 3264 gallicum
3784 3179 4122 3262 exemplar
4162 3186 4316 3245 ante
4358 3179 4457 3245 la-

447 3294 590 3360 tina
629 3299 858 3359 nostra
893 3292 1290 3377 impressum
1331 3290 1515 3373 vidit,
1558 3312 1771 3375 888118
1815 3293 2003 3358 188118
2048 3292 2164 3375 qui
2206 3290 2363 3356 olim
2407 3290 2652 3359 viderit
2694 3291 2929 3358 adduci
2972 3298 3202 3375 potest.
3259 3290 3451 3357 Adde
3494 3290 3666 3375 quod
3708 3291 3786 3357 P.
3832 3291 4100 3376 Henry,
4151 3291 4266 3374 qui
4302 3311 4456 3357 nos-

447 3415 554 3473 tra
597 3405 794 3471 etiam
854 3411 1067 3471 aetate
1122 3423 1265 3468 eam
1317 3404 1714 3469 sententiam
1756 3402 2099 3486 amplexus
2152 3424 2295 3468 esse
2347 3402 2610 3470 videtur
2653 3403 2755 3488 (in
2790 3402 2951 3468 Vita
2993 3402 3260 3469 Calvini
3302 3401 3355 3470 Ι.
3407 3401 3551 3487 63),
3605 3402 3749 3486 ipse
3791 3408 4019 3486 postea
4066 3403 4262 3468 tacite
4304 3423 4451 3469 eam

444 3516 811 3601 dereliquit,
865 3523 941 3581 ut
981 3515 1200 3582 videre
1255 3524 1358 3581 est
1399 3537 1482 3580 ex
1521 3513 1819 3584 ,eiusdem
1860 3515 2077 3599 operis
2121 3516 2194 3580 Τ.
2238 3514 2366 3579 ΠΙ.
2414 3513 2714 3601 Α888811.
2761 3536 2820 3598 8.
2868 3516 3005 3580 175.
3095 3513 3395 3580 'situlum
3449 3519 3671 3579 autem
3721 3512 3875 3579 libri
3915 3514 4177 3579 varium
4232 3511 4454 3592 fuisse,

443 3649 653 3713 quum
684 3647 769 3693 81
802 3626 1163 3693 editionum
1186 3626 1583 3703 recensione,
1627 3633 1771 3691 tum
1792 3626 1898 3692 vel
1919 3649 2003 3691 ex
2044 3627 2253 3710 ipsius
2299 3625 2561 3693 Oalvini
2600 3627 2976 3692 testimonio
3018 3626 3196 3691 infra
3236 3623 3624 3709 proferendo
3668 3623 3898 3704 disces,
3945 3643 4157 3706 neque
4181 3622 4451 3688 omnino

441 3747 700 3808 certum
734 3737 921 3805 nobis
957 3746 1058 3804 est
1099 3737 1941 3838 Psychopannthiae
1984 3759 2224 3804 nomen
2267 3736 2422 3814 inde
2458 3736 2542 3803 ab
2582 3736 2770 3804 initio
2813 3736 2875 3802 ei
2914 3736 3203 3806 inditum
3244 3735 3464 3802 fuisse.
3555 3734 3691 3801 Sed
3733 3754 3819 3800 ne
3860 3742 3927 3799 te
3971 3731 4052 3798 de
4093 3732 4290 3799 rebus
4333 3732 4457 3798 du-

449 3851 579 3917 biis
623 3850 906 3935 amplius
947 3870 1296 3927 moremur,
1340 3871 1424 3915 en
1469 3847 1586 3914 tibi
1629 3849 1988 3915 editionum
2031 3870 2198 3932 quae
2241 3850 2432 3916 nobis
2473 3849 2908 3916 innotuerunt
2948 3849 3186 3914 seriem
3220 3864 3673 3914 recensemus:

755 3962 807 4026 Ι.
905 3964 1085 4026 1534.
1152 3959 1374 4026 Ε111118
1431 3959 1733 4044 81188888
1773 3960 2054 4028 Ρ8118118
2112 3962 2460 4043 1111818888,
2527 3959 2749 4026 latina.
2837 3960 3033 4027 Hanc
3091 3980 3227 4026 888
3282 3958 3573 4026 vidimus
3630 3975 3840 4040 neque
3895 3975 4179 4039 usquam
4233 3954 4449 4024 adhuc

447 4079 712 4142 exstare
754 4072 1151 4138 audivimus.
1235 4072 1547 4139 Fortasse
1591 4071 1840 4137 autoris
1891 4070 2262 4172 sumptibus
2301 4091 2575 4152 excusa,
2630 4070 2805 4155 quod
2838 4071 2911 4137 in
2954 4070 3459 4138 Commentariis
3497 4071 3571 4135 in
3612 4067 3936 4134 Senecam
3976 4067 4228 4134 factum
4268 4068 4455 4135 novi·

445 4206 618 4266 mus,
660 4184 955 4250 nondum
996 4184 1068 4249 in
1113 4182 1611 4267 bibliopolarum
1652 4167 1893 4250 manus
1937 4183 2296 4249 transierat
2334 4205 2411 4249 eo
2454 4183 2770 4268 temporis
2808 4190 3141 4249 momento
3177 4204 3305 4268 quo
3348 4183 3490 4266 ipse
3534 4187 3751 4247 tutum
3786 4178 3965 4263 apud
4000 4185 4258 4244 exteros
4302 4200 4454 4264 asy-

443 4298 588 4363 lum
629 4316 943 4380 quaerere
986 4303 1248 4362 coactus
1290 4295 1505 4361 solum
1547 4295 1839 4379 patrium
1880 4295 2080 4361 vertit
2121 4295 2280 4360 satis
2324 4300 2614 4379 repente,
2660 4301 2729 4361 et
2770 4295 3125 4361 maioribus
3168 4292 3652 4380 impedimentis
3692 4301 3842 4376 post
3884 4298 4148 4374 tergum
4189 4289 4449 4356 relictis.

437 4409 756 4478 Fortasse
798 4409 998 4473 etiam
1040 4407 1269 4487 editor,
1315 4408 1371 4473 si
1413 4408 1562 4490 quis
1605 4405 1823 4487 fuerit,
1868 4407 1981 4490 qui
2022 4412 2325 4490 sumptus
2369 4407 2631 4488 fecerat,
2674 4415 2824 4491 post
2864 4408 3005 4473 eius
3048 4406 3423 4483 discessum,
3469 4409 3538 4468 et
3575 4404 4072 4486 ingravescente
4111 4401 4455 4484 inquisito—

437 4541 599 4588 rum
640 4519 932 4598 saevitia,
978 4518 1294 4603 evulgare
1336 4539 1469 4584 non
1512 4537 1716 4583 ausus
1751 4524 1869 4598 est,
1913 4518 2007 4584 ita
2050 4525 2124 4583 ut
2166 4518 2298 4584 situ
2344 4525 2411 4584 et
2452 4518 2712 4600 silentio
2756 4517 3156 4602 exemplaria
3199 4514 3530 4601 perierint.
3622 4511 3961 4596 Quidquid
3992 4512 4099 4592 sit,
4144 4510 4225 4577 de
4267 4533 4455 4596 repe-

438 4629 673 4698 riendo
715 4630 932 4714 aliquo
975 4630 1090 4698 vix
1134 4630 1269 4696 ulla
1308 4651 1457 4714 spes
1499 4630 1728 4697 relicta
1770 4635 1886 4707 est,
1942 4629 2071 4696 nisi
2113 4630 2278 4696 forte
2318 4630 2393 4695 in
2435 4628 2713 4695 obscura
2754 4629 3038 4713 quadam
3079 4625 3412 4693 interioris
3456 4623 3717 4691 Galliae
3753 4622 4147 4692 bibliotheca
4190 4622 4455 4689 delites-

439 4749 570 4811 cat.
659 4741 764 4809 Ad
812 4741 1213 4809 Germaniae
1255 4741 1728 4825 Helvetiaeque
1767 4742 1934 4806 fines
1975 4762 2109 4806 non
2149 4740 2343 4825 plura
2381 4739 2779 4824 pervenisse,
2823 4738 2992 4805 nihil
3035 4740 3296 4805 mirum.

752 4853 844 4920 11.
933 4857 1113 4918 1536.
1176 4851 1476 4919 Alteram
1512 4852 1862 4919 editionem
1898 4850 2217 4919 Calvinus
2259 4852 2403 4936 ipse
2444 4851 2823 4935 procuravit
2863 4849 3162 4916 Basileae
3206 4869 3282 4913 eo
3327 4848 3469 4932 ipso
3516 4868 3690 4912 anno
3730 4868 3857 4930 quo
3898 4844 4074 4928 apud
4106 4836 4449 4912 Platerum

437 4965 788 5034 Institutio
831 4964 1195 5032 christiana
1248 4965 1490 5032 lucem'
1507 4964 1703 5044 vidit,
1759 4965 1855 5030 ita
1896 4970 1973 5029 ut
2012 4962 2194 5029 illam
2240 4961 2454 5031 eidem
2498 4961 2796 5029 officinae
2841 4959 3063 5026 deberi
3117 4958 3304 5025 facile
3346 4959 3543 5026 nobis¹
3575 4955 4107 5043 persuadeamus.
4196 4955 4449 5021 Verum

435 5076 621 5144 hanc
662 5097 914 5161 quoque
968 5097 1293 5161 nusquam
1345 5077 1634 5162 reperire
1677 5077 1982 5162 contigit,
2037 5095 2412 5160 quanquam
2454 5074 2610 5140 illae
2652 5092 2917 5150 causae,
2972 5089 3135 5153 quas
3177 5072 3466 5155 priorem
3520 5090 3606 5135 ex
3650 5068 3997 5134 hominum
4052 5066 4254 5134 oculis
4296 5065 4451 5131 sub-

437 5186 716 5255 duxisse
757 5210 912 5256 vero
970 5188 1183 5255 simile
1227 5195 1358 5269 est,
1416 5189 1570 5256 11818
1608 5188 1879 5255 minime
1933 5188 2209 5254 infestae
2254 5207 2396 5254 esse
2448 5189 2823 5269 potuerunt.
2914 5181 3130 5265 Atque
3170 5181 3296 5250 hac
3351 5182 3709 5267 posteriore
3765 5176 4101 5331 8118811818
4153 5171 4457 5260 8811811111
