4984 5975
614 321 739 384 255

655 527 933 589 nemque
988 506 1499 583 sanctificantes,
1555 505 1667 587 qui
1720 525 1853 569 non
1905 503 2038 569 illis
2080 503 2325 587 aliquid
2366 504 2440 567 in
2482 522 2557 569 os

659 591 884 658 ederit.
959 591 1184 669 Hanc,
1239 590 1537 672 inquam,
1594 588 2040 673 accipiendam
2094 610 2236 655 esoe
2289 608 2559 654 excusa-

615 679 862 743 tionem
903 696 1090 761 nego.
1155 675 1335 757 Quid
1369 676 1545 740 enim
1581 675 1938 758 diplomata
1980 675 2121 753 illa,
2167 696 2447 758 quorum
2491 684 2559 739 te

612 763 895 847 gratiam
937 769 1244 845 appetere
1286 760 1600 826 simulas?
1670 764 1781 827 An
1828 782 1959 826 non
2002 760 2180 826 edita
2221 782 2383 827 voce
2424 760 2558 826 cla-

611 856 825 927 mant,
878 856 958 912 ut
999 846 1288 912 nummis
1330 847 1575 918 relictis
1627 847 1856 930 plenas
1901 846 2319 912 anathemate
2362 855 2561 934 atque

611 933 793 1000 omni
831 935 1278 1000 exsecratione
1321 931 1555 1017 dignas
1604 932 2048 1016 indulgentias
2092 932 2212 998 tibi
2257 930 2558 998 auferas?

611 1019 760 1085 Hoc
798 1019 911 1102 qui
953 1018 1341 1102 intelligunt
1393 1022 1617 1104 (nemo
1656 1034 1876 1083 autem
1918 1040 2053 1083 non
2096 1018 2439 1104 intelligit)
2486 1039 2562 1084 ac

612 1126 959 1173 nummum
1014 1112 1079 1169 te
1134 1106 1370 1171 offerre
1426 1104 1654 1170 vident
1707 1103 1946 1189 (videri
2001 1111 2224 1170 autem
2279 1104 2409 1170 nisi
2451 1125 2562 1170 cu-

660 1212 821 1270 eres,
866 1212 1002 1257 non
1034 1190 1311 1274 faceres)
1356 1211 1518 1255 num
1561 1211 1799 1273 parum
1841 1190 2240 1257 luculentam
2278 1190 2562 1269 [pag12o]

611 1213 863 1343 flabant
901 1277 1017 1341 abs
1060 1286 1125 1341 te
1168 1277 1712 1356 testificationem,
1758 1275 2322 1360 indulgentiarum
2355 1275 2564 1359 parti-

614 1363 939 1447 cipatione
993 1361 1161 1428 velle
1217 1370 1282 1427 te
1333 1363 1431 1427 uti
1487 1360 1660 1426 frui?
1738 1362 1947 1444 Atqui
1995 1383 2225 1428 earum
2277 1361 2564 1428 latebras

614 1448 675 1517 si
737 1449 1132 1528 excusseris,
1184 1469 1510 1531 nusquam
1565 1447 1883 1531 prolixius
1936 1468 2135 1530 quam
2187 1448 2323 1513 illie
2367 1447 2566 1514 Chri·

615 1546 797 1602 stum
839 1555 991 1600 cum
1042 1555 1163 1600 sua
1212 1553 1403 1599 cruce
1444 1533 1704 1598 irrideri
1759 1533 2134 1617 comperies.
2212 1535 2409 1617 Aqua
2452 1532 2564 1598 de-

613 1621 813 1703 nique
856 1619 987 1698 illa,
1033 1619 1368 1685 diabolicis
1410 1619 1788 1686 exorcismis
1830 1628 2236 1696 consecrata,
2281 1619 2567 1685 frontem

617 1706 733 1790 qui
776 1697 1168 1789 aspergunt,
1235 1726 1432 1790 quam
1497 1699 1761 1770 o‘mnino
1815 1705 2097 1770 frontem
2153 1705 2435 1784 habent,
2492 1716 2569 1770 ut

615 1791 707 1856 im
754 1812 885 1856 une
950 1790 1018 1855 id
1072 1790 1268 1856 licere
1328 1790 1723 1856 contendere
1784 1790 2046 1855 ausint?
2148 1789 2330 1871 Quid
2388 1791 2568 1855 enim

616 1877 736 1943 tali
789 1876 915 1943 sibi
972 1877 1348 1959 aspersione
1405 1874 1682 1941 volunt?
1743 1897 1830 1941 an
1897 1884 1975 1940 ut
2036 1875 2304 1960 putidae
2362 1897 2570 1959 aquae

617 1963 880 2048 guttula
930 1961 1163 2028 faciem
1247 1963 1320 2026 in
1392 1961 1651 2045 publico
1714 1961 2124 2027 emaculent?
2206 1982 2293 2026 an
2348 1962 2442 2028 ita
2499 1962 2569 2026 in

616 2047 859 2115 celebri
917 2047 1258 2113 hominum
1303 2058 1490 2113 coetu
1546 2048 1689 2112 sine
1743 2068 1944 2113 causa
1996 2047 2239 2114 lascive
2285 2046 2566 2112 ludunt?

615 2133 948 2199 Neutrum
1001 2133 1280 2198 istorum
1339 2143 1470 2211 est,
1526 2153 1649 2198 neo
1708 2131 2064 2216 quidquam
2119 2133 2351 2198 simile.
2432 2133 2569 2198 Ve-

480 2234 491 2245 ’
617 2241 768 2285 rum
810 2226 1215 2302 spectantem
1278 2218 1599 2301 populum
1648 2240 1726 2284 eo
1784 2219 2084 2303 symbolo
2142 2226 2569 2298 attestantur,

618 2305 965 2371 exorcismi
1026 2305 1445 2370 sanctitatem
1499 2326 1569 2370 se
1633 2305 2039 2387 contemptui
2106 2326 2240 2370 non
2304 2304 2567 2371 habere.

617 2389 767 2473 Quo
824 2389 1023 2457 simul
1078 2386 1258 2455 haud
1310 2389 1504 2455 dubie
1548 2410 1777 2456 omnes
1793 2441 1809 2469 ,
1856 2411 2023 2473 quae
2067 2391 2148 2456 ab
2189 2391 2570 2457 exorcismis

615 2484 1042 2554 evomuntur,
1121 2474 1560 2559 blasphemias
1624 2474 1999 2561 obsignant:
2077 2478 2399 2543 virtutem
2471 2476 2573 2541 illi

616 2562 892 2646 aquulae
934 2561 1222 2628 infusam
1265 2582 1437 2640 esse,
1482 2582 1612 2644 qua
1638 2561 1688 2647 ¹)
1734 2561 2080 2628 daemones
2121 2561 2341 2645 pellat,
2387 2568 2574 2628 curet

612 2649 906 2727 morbos,
960 2648 1185 2732 abigat
1236 2647 1729 2730 phantasmata,
1786 2667 1993 2713 noxas
2056 2668 2286 2712 omnes
2341 2647 2572 2712 dissol-

618 2743 750 2801 vat.
808 2734 910 2798 Ac
946 2754 1030 2798 ne
1069 2731 1470 2798 calumniose
1506 2753 1613 2798 me
1646 2732 1985 2798 criminari
2024 2754 2147 2798 sua
2179 2734 2352 2799 facta
2384 2733 2572 2816 queri

616 2819 890 2903 possint,
928 2839 1096 2901 quae
1131 2819 1361 2902 procul
1404 2818 1623 2884 absint
1655 2818 1737 2883 ab
1773 2838 1869 2897 ea,
1907 2839 2107 2901 quam
2141 2817 2274 2885 illis
2309 2818 2572 2901 affingo,

616 2904 972 2988 impietate,
1019 2923 1250 2968 eorum
1271 2903 1735 2968 conscientiam
1776 2924 2035 2987 semper
2077 2902 2352 2987 appello,
2397 2905 2574 2968 eius-

618 2991 798 3056 modi
850 2989 1086 3055 ritibus
1130 2987 1288 3053 dum
1339 2989 1855 3073 pei-funguntur,
1910 3009 2002 3053 an
2042 2988 2288 3072 aliquid
2331 2990 2572 3067 minus,

621 3097 820 3159 quam
873 3073 1051 3158 quod
1103 3073 1544 3157 reprehendo,
1599 3073 1842 3158 populo
1881 3074 2274 3157 persuadere
2314 3074 2570 3140 velint?

619 3160 824 3226 Illum
857 3160 1061 3244 igitur
1110 3160 1327 3243 ipsum
1365 3159 1712 3242 populum,
1756 3161 1944 3225 cuius
1987 3160 2360 3226 satisfacere
2401 3160 2574 3225 iudi-

619 3247 723 3314 cio
764 3246 872 3312 hic
916 3244 1200 3323 student,
1238 3244 1371 3311 illis
1413 3245 1699 3312 iudicem
1737 3245 1901 3311 fero:
1948 3268 1985 3311 e
2027 3266 2156 3329 quo
2200 3266 2392 3311 nemo
2428 3247 2572 3324 erit,

620 3333 733 3417 qui
787 3353 921 3397 non
956 3331 1376 3415 pronunciet,
1431 3329 1611 3396 idem
1667 3331 1794 3397 sibi
1849 3330 2080 3397 videri.
2147 3330 2460 3415 Iniquum
2514 3331 2574 3396 si

620 3439 765 3485 esse
819 3417 1074 3498 dicant,
1132 3416 1217 3482 ad
1270 3416 1445 3483 hanc
1495 3413 1586 3482 se'
1625 3417 1803 3501 exigi
1847 3416 2174 3502 regulam:
2222 3438 2374 3483 cum
2417 3438 2573 3501 apo-

620 3503 808 3655 sttpsslo,
863 3504 1052 3571 cuius
1093 3504 1298 3569 istaec
1341 3512 1442 3568 est
1484 3504 1827 3581 severitas,
1872 3524 2009 3568 non
2050 3523 2328 3582 meeum,
2373 3523 2574 3586 expo-

621 3612 655 3656 s
757 3600 888 3655 ent.

790 3674 1004 3741 Video
1053 3674 1312 3740 nullum
1365 3676 1531 3754 fore,
1589 3696 1712 3741 nee
1765 3674 1935 3739 mihi
1987 3673 2246 3741 dicendi
2302 3676 2573 3755 exitum,

621 3783 741 3829 nee
795 3762 879 3827 iis
931 3763 1135 3827 finem
1191 3759 1667 3845 tergiversandi
1681 3812 1698 3841 ,
1756 3762 1867 3843 qui
1922 3782 2296 3845 repugnare
2337 3760 2572 3827 velint:

619 3848 751 3914 nisi
794 3857 974 3913 certa
1029 3869 1167 3912 una
1221 3847 1293 3911 in
1335 3866 1409 3912 re
1453 3847 1969 3924 constiterimus,
2027 3846 2099 3911 in
2141 3867 2272 3931 qua
2312 3845 2575 3930 planius

621 3952 697 3999 ae
740 3933 1007 4015 penitus
1051 3931 1409 4012 evidenter,
1454 3931 1523 3997 id
1566 3931 1737 4015 quod
1782 3931 2013 3998 docere
2057 3931 2380 4010 volumus,
2423 3953 2577 4016 per-

622 4018 784 4101 spici
826 4019 1047 4100 possit.
1117 4015 1227 4084 Sit
1268 4019 1474 4103 igitur
1515 4018 1718 4084 missa
1749 4016 1937 4083 nobis
1981 4019 2266 4102 exempli
2299 4017 2460 4098 loco,
2505 4019 2577 4082 in

622 4124 821 4187 quam
863 4103 992 4168 nisi
1037 4103 1384 4187 plusquam
1416 4103 1593 4169 iusto
1627 4104 1771 4169 iure
1806 4102 2085 4169 conferri
2118 4104 2341 4187 possit,
2386 4102 2577 4186 quid-

622 4188 782 4273 quid
826 4187 906 4253 de
959 4187 1329 4254 idololatria
1371 4189 1476 4254 vel
1521 4189 1863 4273 scripturis
1912 4187 2199 4254 traditur
2213 4241 2228 4263 ,
2282 4187 2391 4255 vel
2449 4186 2578 4254 dici

709 4283 857 4355 test,
903 4294 1030 4356 quo
1072 4274 1291 4339 minus
1335 4276 1757 4341 eaeremoniis
1794 4275 1943 4340 istis
1986 4275 2307 4354 omnibus,
2352 4294 2393 4338 a
2435 4274 2578 4357 qui-

621 4296 747 4425 bous
789 4366 1132 4443 tantopere
1172 4359 1559 4445 fugiendum
1595 4381 1847 4439 censeo,
1894 4361 2077 4426 velut
2108 4360 2303 4428 rebus
2344 4359 2578 4426 mediis

623 4445 1078 4511 indifferenter
1120 4443 1428 4524 abutaris,
1473 4466 1733 4512 causam
1778 4468 1911 4512 non
1955 4444 2116 4512 dico.
2192 4445 2421 4529 Ipsam
2461 4466 2579 4511 au-

625 4539 762 4597 tem
804 4530 1047 4615 eligere
1082 4552 1168 4596 ex
1209 4531 1509 4599 omnibus
1550 4534 1961 4616 potissimum
1995 4530 2182 4597 libet:
2229 4530 2402 4615 quod
2444 4553 2583 4597 una

624 4637 785 4700 prae
828 4615 1130 4683 omnibus
1184 4639 1390 4701 usque
1430 4618 1593 4684 adeo
1637 4626 1866 4684 sancta
1920 4618 2376 4684 observatione
2422 4617 2579 4684 eoli-

626 4711 756 4782 tur,
793 4711 872 4768 ut
910 4724 1113 4787 quum
1142 4703 1214 4768 in
1263 4703 1408 4770 aliis
1447 4703 1939 4786 praetereundis
1977 4703 2318 4768 hominum
2355 4703 2581 4768 fallere

624 4787 1262 4855 animadversionem
1317 4810 1573 4872 quoquo
1629 4787 1822 4855 modo
1874 4789 2097 4868 liceat,
2153 4788 2276 4853 hac
2331 4797 2398 4854 te
2441 4789 2581 4854 exi-

622 4895 825 4955 mere,
868 4875 1028 4958 quin
1073 4875 1430 4940 multorum
1475 4875 1681 4941 oculis
1727 4873 2124 4953 observeris,
2171 4874 2347 4939 haud
2391 4874 2582 4940 facile

626 4981 846 5044 queas.
923 4959 1074 5042 Quo
1129 4963 1234 5040 fit,
1291 4967 1364 5024 ut
1414 4960 1491 5024 in
1543 4961 1818 5025 caeteris
1862 4969 2182 5044 quantum
2224 4960 2386 5026 insit
2425 4960 2585 5025 mali

778 5232 839 5301 1)
879 5231 1028 5287 Ead.
1062 5246 1199 5287 rece.
1235 5227 1371 5284 1576
1404 5246 1547 5301 seqq.
1580 5247 1719 5301 quae
1757 5235 1886 5301 (par
1920 5233 2156 5303 laqoelle
2191 5232 2301 5299 G.).

2334 310 2805 380 EPISTULA
2844 314 2900 379 L

4490 308 4618 372 256

2660 502 2775 585 qui
2819 501 3113 580 videant,
3173 523 3249 568 ac
3292 501 3428 568 illis
3462 524 3533 568 se
3576 500 3720 566 ideo
3763 501 4164 578 abstineant,
4220 499 4382 563 satis
4423 497 4619 563 multi

2661 588 3099 670 reperiantur:
3146 588 3260 687 qui
3293 608 3450 654 vero
3493 589 3841 665 fateantur,
3886 591 4134 669 quanta
4176 591 4426 650 scateat
4466 583 4621 649 abo—

2663 675 3019 739 minatione
3073 694 3313 739 missae
3366 674 3609 751 cultus,
3665 672 3773 738 vel
3828 671 3910 737 ab
3963 692 4039 736 eo
4087 690 4231 736 sese
4269 670 4464 754 plane
4504 691 4621 735 ex-

2664 761 2903 825 tricare
2950 760 3200 837 ausint,
3257 780 3615 843 perpaucos
3653 755 3977 823 offendas:
4037 756 4179 822 sive
4216 764 4469 821 terrore
4511 777 4620 823 oo·

2667 845 2909 911 caecati
2976 865 3209 911 verum
3276 865 3412 910 non
3466 852 3777 923 cernunt,
3829 844 3969 908 sive
4012 842 4218 906 animi
4259 840 4621 908 deiectione

2666 932 2879 1015 magis
2923 938 2990 995 et
3044 931 3391 1015 languore,
3448 952 3645 1014 quam
3699 931 3945 994 mentis
4000 949 4241 1005 errore,
4285 927 4618 994 labuntur.

2667 1015 3111 1098 Quamobrem
3146 1017 3240 1082 sic
3274 1016 3596 1095 existimo,
3632 1021 3780 1095 [pag.
3820 1020 3929 1094 21]
3966 1020 4169 1080 totam
4206 1021 4624 1096 praesentem

2666 1122 2928 1169 eausam
2972 1102 3111 1167 solo
3155 1102 3278 1169 hoc
3322 1104 3548 1186 capite,
3595 1099 4071 1185 quodammodo
4114 1100 4456 1177 contineri,
4497 1098 4623 1165 hac

2669 1197 2744 1253 ut
2799 1187 3311 1254 hallucinatione
3368 1187 3689 1265 discussa,
3747 1207 3878 1270 qua
3941 1186 4229 1251 maxime
4293 1187 4622 1268 perstrin-

2669 1281 2933 1357 guntur,
2978 1273 3060 1339 de
3103 1273 3371 1357 reliquis
3414 1274 3724 1357 partibus,
3769 1274 3841 1337 in
3883 1272 4118 1355 quibus
4161 1291 4293 1336 non
4336 1270 4434 1336 ita
4473 1292 4624 1356 gra-

2667 1361 2839 1427 viter
2877 1361 3278 1437 caecutiunt,
3335 1361 3510 1425 ultro
3564 1359 3730 1426 mihi
3786 1359 3919 1423 sint
3961 1377 4189 1422 omnes
4232 1359 4621 1423 concessuri.

2668 1444 2951 1525 Omnes,
3009 1445 3306 1529 intelligo
3349 1447 3446 1512 tui
3489 1446 3766 1522 similes,
3823 1446 3933 1526 qui
3978 1451 4204 1508 sancto
4248 1443 4377 1509 Dei
4421 1444 4624 1510 verbo

2715 1552 2900 1598 arere
2931 1531 3427 1614 auscultareque
3459 1526 3832 1597 didicerint:
3866 1529 4112 1613 quales,
4145 1535 4224 1593 ut
4254 1550 4403 1594 sum
4434 1548 4624 1612 prae-

2734 1626 2870 1696 tus,
2929 1626 3148 1683 tecum
3191 1616 3297 1682 hic
3340 1616 3666 1683 docendos
3719 1616 4014 1698 suscipio.
4083 1612 4296 1695 Quale
4339 1636 4378 1679 e
4539 1614 4625 1681 sit

2669 1702 2877 1780 istud,
2936 1724 3020 1769 ne
3084 1710 3498 1768 sacrosancta
3521 1705 3571 1785 ¹)
3649 1703 3885 1768 missae
3959 1702 4268 1766 maiestas
4334 1700 4404 1765 lu
4459 1700 4623 1766 ‘brio

2672 1788 2789 1854 tibi
2831 1788 3287 1872 despectuique
3330 1809 3473 1854 esse
3511 1788 3833 1865 videatur,
3878 1782 4021 1852 eius
4054 1785 4444 1870 peragendis
4479 1808 4625 1872 my-

2672 1875 2891 1939 steriis
2944 1875 3288 1952 interesse,
3347 1882 3545 1956 atque
3602 1872 3935 1939 adorantis
3986 1873 4121 1937 ritu
4180 1874 4357 1938 inter
4397 1892 4627 1938 corum

2673 1959 2957 2026 cultores
3025 1969 3229 2038 stare,
3294 1959 3641 2043 paululum
3713 1957 4213 2042 perpendamus.
4320 1958 4629 2024 Primum

2672 2044 2968 2112 omnium
3012 2046 3276 2111 tametsi
3328 2045 3485 2129 quid
3528 2047 3728 2112 missa
3783 2044 3928 2128 ipsa
3969 2045 4087 2121 sit,
4141 2065 4276 2109 non
4317 2044 4632 2128 ignorant

2674 2134 3046 2215 quicunque
3088 2131 3197 2198 vel
3239 2130 3551 2197 mediocri
3585 2133 3713 2197 Dei
3756 2129 4129 2215 cognitione
4161 2138 4318 2195 sunt
4359 2130 4628 2195 imbuti:

2671 2216 2741 2282 id
2795 2228 3019 2283 tamen
3077 2217 3295 2300 ipsum
3349 2216 3522 2301 quod
3587 2225 3861 2294 norunt,
3941 2225 4018 2281 ut
4076 2217 4277 2299 probe
4341 2224 4629 2294 teneant,

2672 2304 2839 2369 mihi
2891 2311 3048 2369 sunt
3096 2303 3422 2368 monendi.
3497 2300 3844 2386 Siquidem
3895 2300 4136 2367 bonam
4189 2322 4420 2367 eorum
4478 2322 4631 2385 par·

2672 2400 2812 2454 tem
2854 2408 2940 2453 cx
2980 2409 3059 2453 eo
3102 2387 3237 2454 labi
3293 2388 3511 2467 video,
3566 2388 3741 2472 quod
3799 2397 4003 2453 totam
4060 2387 4203 2453 eius
4247 2388 4383 2453 vim
4428 2408 4634 2471 quum

2675 2474 2853 2540 domi
2897 2474 3266 2541 luculenter
3307 2473 3691 2539 meditatam
3733 2474 4038 2553 habeant,
4084 2472 4168 2539 ad
4210 2474 4427 2556 ipsam
4471 2471 4635 2539 dum

2675 2559 3013 2639 accedunt,
3058 2580 3256 2643 quam
3299 2559 3666 2626 horrendae
3709 2567 3775 2623 tr
3862 2558 4085 2625 oediae
4128 2559 4334 2625 futuri
4376 2567 4634 2643 specta·-

2676 2655 2853 2712 tores
2898 2646 3185 2723 veniant,
3231 2645 3725 2711 obliviscuntur.
3776 2582 4052 2711 agerum
4105 2665 4190 2710 ne
4246 2645 4518 2728 longam
4558 2666 4636 2712 ao

2677 2732 2805 2797 alte
2847 2731 3194 2814 repetitam
3238 2730 3746 2814 disputationem
3791 2729 3991 2796 ordiri
4022 2731 4190 2795 mihi
4222 2751 4491 2797 necesse
4524 2731 4635 2811 sit,

2677 2816 2759 2882 de
2802 2816 3039 2881 missae
3083 2816 3445 2901 sacrilegiis
3487 2816 3572 2881 ad
3613 2816 4108 2882 Institutionem
4160 2826 4457 2882 nostram
4499 2816 4635 2884 leo-

2676 2910 2851 2968 tores
2903 2901 3190 2967 mittam:
3249 2903 3362 2968 ubi
3418 2904 3578 2968 satis
3640 2902 3966 2987 explicate
4017 2923 4137 2987 pro
4190 2902 4406 2985 operis
4465 2901 4636 2968 dun-

2676 2997 2866 3054 taxat
2913 2989 3236 3055 brevitate
3253 3040 3269 3068 ,
3325 2988 3691 3074 expediisse
3729 3010 3834 3055 me
3877 2989 4178 3067 arbitror,
4230 3009 4438 3073 quum
4481 2989 4639 3054 uni·

2674 3095 2943 3140 versum
2996 3095 3142 3140 eum
3200 3074 3444 3154 locum,
3503 3083 3651 3140 tum
3692 3074 4008 3159 quidquid
4049 3095 4134 3141 ex
4177 3096 4253 3141 eo
4309 3074 4443 3140 huc
4484 3096 4638 3158 per-

2677 3160 2928 3225 tinebit.
2996 3161 3285 3225 'I'antum
3321 3159 3481 3240 dico,
3523 3160 3697 3244 quod
3730 3161 4023 3227 fidelium
4057 3161 4392 3226 neminem
4425 3160 4642 3227 latere

2676 3244 2870 3311 debet
2910 3266 3116 3311 unum
3159 3246 3464 3313 sacrificii
3503 3268 3744 3313 nomen
3820 3256 3893 3312 ut
3923 3248 4140 3330 ipsum
4174 3244 4440 3329 quidem
4473 3246 4640 3313 mis-

2676 3332 2836 3398 sarii
2886 3330 3165 3398 sacrifici
3211 3333 3573 3418 accipiunt)
3629 3343 3696 3399 ct
3737 3332 3792 3399 O
3844 3332 3989 3397 risti
4045 3353 4307 3398 crucem
4358 3353 4641 3415 prorsus

2676 3417 2951 3493 abolere,
2989 3425 3058 3483 et
3091 3425 3388 3485 sanctam
3422 3419 3564 3484 eius
3598 3439 3885 3498 coenam,
3931 3418 4002 3482 in
4035 3438 4168 3501 qua
4202 3418 4431 3485 mortis
4473 3438 4640 3485 suae

2676 3503 3061 3568 memoriam
3095 3504 3521 3582 consecravit,
3558 3512 3869 3570 evertere.
3936 3503 3998 3569 N
4001 3524 4112 3568 am
4145 3511 4214 3568 et
4244 3525 4368 3570 sua
4400 3503 4640 3589 gloria,

2676 3597 2756 3655 ut
2797 3589 3061 3666 seimus,
3106 3588 3365 3666 Ohristi
3407 3609 3587 3656 mors
3627 3583 3894 3672 penitus
3937 3587 4256 3672 spoliatur
4319 3589 4448 3656 nisi
4484 3591 4641 3656 uni-

2676 3696 2828 3741 cum
2881 3673 3163 3739 habetur
3215 3685 3687 3759 aeternumque
3730 3676 4148 3742 sacrificium:
4207 3641 4274 3742 et
4325 3676 4384 3740 si
4421 3674 4647 3746 ullum

2677 3759 2896 3826 adhuc
2951 3761 3345 3826 sacrificium
3397 3769 3631 3841 restat,
3687 3768 3828 3827 tota
3880 3761 4130 3829 corruit
4182 3771 4378 3845 atque
4431 3782 4474 3826 a
4526 3783 4646 3828 rar-

2636 3882 2640 3886 .
2680 3843 2821 3912 dice
2863 3844 3296 3912 labefactatur
3338 3846 3592 3912 Christi
3636 3866 3869 3913 coena:
3915 3867 4081 3930 quae
4122 3868 4256 3912 non
4299 3844 4479 3912 aliud
4514 3855 4644 3928 est,

2678 3951 2876 4014 quam
2915 3931 3147 3996 unicae
3189 3931 3369 3997 illius
3408 3932 3753 3998 oblationis
3801 3933 4281 4014 testimonium,
4315 3940 4393 4020 pt
4436 3953 4646 4017 quae—

2681 4016 2833 4082 dam
2891 4015 3099 4081 veluti
3151 4017 3534 4101 obsignatio.
3598 4018 3784 4084 Haec
3837 4028 4060 4084 autem
4114 4017 4271 4098 duo,
4330 4039 4502 4102 quae
4543 4020 4650 4085 ita

2681 4102 3091 4168 continenter
3133 4104 3373 4169 missae
3408 4115 3568 4168 sunt
3607 4105 3824 4182 affixa,
3868 4113 3948 4169 ut
3988 4104 4185 4170 avelli
4219 4105 4300 4171 ab
4335 4125 4418 4171 ea
4450 4104 4650 4172 nullo

2680 4183 2874 4252 modo
2917 4197 3176 4271 queant,
3223 4189 3281 4254 si
3323 4190 3464 4255 sola
3505 4198 3755 4268 essent,
3812 4189 4052 4274 quibus
4093 4211 4358 4256 omnem
4395 4191 4652 4258 missae

2681 4274 3342 4340 communicationem
3386 4276 3599 4342 facere
3642 4274 3761 4341 tibi
3814 4273 4296 4352 exsecrabilem,
4328 4297 4649 4343 conarer:

2723 4358 2840 4424 uid
2882 4379 3133 4443 posses,
3189 4361 3317 4427 nisi
3361 4382 3494 4426 uno
3547 4380 3806 4426 mecum
3849 4382 3961 4427 ore
4015 4362 4233 4445 ipsam
4274 4360 4650 4428 detestari?

2751 4444 2862 4510 uid
2904 4444 3123 4511 enim?
3205 4448 3315 4512 An
3358 4456 3464 4525 tu,
3525 4448 3631 4513 oui
3674 4447 3857 4512 nulla
3898 4447 4027 4512 alia
4080 4448 4152 4512 in
4206 4469 4279 4514 re
4322 4470 4526 4531 quam
4569 4449 4660 4515 in

2682 4530 2933 4596 Christi
2975 4553 3169 4598 cruce
3210 4532 3477 4617 gloriari
3518 4531 3688 4613 licet,
3725 4554 3929 4617 quum
3960 4530 4046 4598 ad
4087 4532 4660 4618 exstinguendam

2683 4615 2825 4681 eius
2865 4615 3172 4700 gloriam,
3232 4616 3316 4683 ad
3370 4617 3846 4685 concidendum
3891 4617 4451 4704 evertendumque
4496 4619 4662 4687 eius

2683 4703 3133 4786 testimonium
3195 4704 3566 4770 coniuratos
3622 4705 4004 4771 convenisse
4057 4704 4313 4785 videas,
4382 4704 4521 4771 illis
4585 4715 4666 4774 te

2684 4789 2934 4856 socium
2978 4786 3131 4853 adiu
3307 4789 3339 4852 ?
3408 4789 3614 4874 Atqui
3660 4789 3716 4856 si
3761 4800 3939 4857 recto
3981 4791 4166 4857 oculo
4207 4812 4350 4856 rem
4391 4791 4670 4860 intueri

2687 4873 3008 4953 volumus,
3053 4875 3164 4958 qui
3250 4871 3444 4955 aliud,
3492 4897 3691 4960 quam
3724 4875 3808 4942 ad
3842 4875 3994 4943 talis
4028 4876 4502 4944 coniurationis
4535 4899 4666 4945 so-

2829 5162 2889 5228 1)
2929 5161 3075 5218 Edd.
3110 5180 3243 5220 rece.
3279 5164 3416 5221 1576
3449 5181 3590 5237 seqq.
3636 5167 3848 5237 leym-t.-
3895 5153 4272 5222 sacrosanctae
4345 5167 4434 5234 (la
4468 5170 4674 5227 sainte

2691 5233 2916 5287 maieste
2951 5229 3159 5289 d’icelle
3194 5233 3300 5303 G.).
