4984 5975
351 348 472 414 305

351 534 713 620 purgatorii
769 535 1033 599 flamma
1049 584 1064 610 ‚
1118 531 1330 599 calere
1382 532 1506 597 hac
1564 537 1749 616 parte
1806 531 2025 597 culina
2078 539 2298 598 vestra

348 642 482 688 non
540 625 785 704 potest:
854 639 981 703 quo
1047 619 1398 698 exstincte,
1466 617 1859 683 tantundem
1923 618 2299 684 remittatur

352 714 623 790 oportet.
712 703 886 771 Nam
930 704 1271 769 hominum
1314 702 1577 788 quidem
1634 702 1838 769 oculis
1890 704 2295 789 praestigiae,

350 791 590 876 quibus
622 790 1056 869 ludificentur,
1094 789 1434 855 offundere
1467 797 1848 873 promptum
1884 797 2009 855 est:
2049 789 2133 855 ad
2167 788 2299 854 Dei

350 884 573 948 autem
610 875 894 942 tribunal
932 877 1044 942 ubi
1079 896 1276 941 causa
1308 883 1533 942 vestra
1553 881 1782 941 vocata
1815 875 2030 954 fuerit,
2069 896 2295 958 quem-

350 963 702 1028 admodum
756 968 931 1028 certe
976 962 1135 1027 olim
1172 960 1515 1026 vocabitur
1528 1012 1544 1040 ‚
1601 961 1738 1026 solo
1780 962 1940 1026 furti
1982 960 2296 1045 praedae-

349 1069 476 1132 que
521 1048 712 1114 titulo
754 1053 1097 1132 praetexta
1142 1055 1418 1114 corruet.
1510 1046 1697 1128 Quae
1741 1054 1960 1112 autem
1996 1046 2296 1112 donario-

304 1199 307 1204 .
350 1155 499 1199 rum
544 1141 612 1198 et
655 1133 1154 1200 anathematum
1190 1133 1452 1198 nomine
1489 1133 1752 1215 templis
1791 1132 2010 1198 oblata
2043 1134 2113 1197 in
2149 1155 2295 1199 cru·

349 1241 577 1286 menas
620 1226 876 1285 vestras
920 1217 1222 1285 recidunt
1265 1218 1468 1304 (quod
1511 1219 1780 1283 tertium
1823 1218 2100 1285 fecimus
2147 1240 2294 1284 ves-

351 1312 604 1371 trarum
658 1325 859 1389 opum
914 1304 1152 1389 genus)
1209 1304 1304 1370 sic
1354 1305 1773 1369 anathemate
1843 1306 2087 1370 referta
2142 1312 2297 1370 sunt

350 1392 591 1470 omnia,
627 1397 702 1456 ut
736 1390 821 1456 ad
856 1393 1070 1474 ipsum
1106 1397 1477 1456 contactum
1512 1410 1627 1456 vos
1665 1411 1797 1455 non
1834 1390 2296 1457 exhorrescere

353 1475 547 1543 valde
590 1477 808 1543 mirer.
900 1474 1158 1559 Quibus
1199 1474 1416 1553 idolis,
1476 1484 1724 1559 quanta
1779 1495 1927 1541 eum
1970 1477 2099 1542 Dei
2143 1498 2295 1542 con-

352 1562 639 1641 tumelia,
676 1584 805 1646 qua
839 1562 1297 1645 superstitione
1332 1562 1716 1641 offerantur,
1740 1560 1923 1627 vobis
1957 1562 2125 1628 clam
2160 1582 2295 1626 non

351 1654 474 1714 est.
565 1647 716 1729 Quo
759 1661 981 1713 tamen
1032 1649 1192 1713 haec
1235 1649 1418 1732 quasi
1465 1649 1648 1714 vobis
1693 1647 1907 1714 dicata
1951 1648 2293 1726 devoretis,

348 1755 473 1801 vos
515 1734 746 1799 talium
801 1754 1134 1800 sacrorum
1190 1741 1445 1818 mystas
1499 1742 1566 1798 et
1619 1734 1947 1799 antistites
2004 1735 2296 1817 profiteri

348 1819 515 1886 nihil
562 1818 778 1902 pudet.
848 1817 909 1885 O
954 1820 1171 1888 Roma
1214 1821 1321 1903 (ut
1361 1841 1494 1885 uno
1537 1820 1738 1885 verbo
1780 1820 2097 1886 Radicem
2134 1818 2296 1885 Om-

346 1907 538 1971 nium
583 1905 915 1970 Malorum
960 1906 1332 1972 Avaritiam
1359 1907 1407 1988 ¹)
1453 1906 1878 1989 complectar)
1936 1914 2093 1988 quot
2138 1906 2295 1969 alio-

348 1991 467 2074 qui
511 2012 640 2056 non
684 1990 857 2056 male
896 1999 1053 2056 nata
1093 1991 1361 2075 ingenia
1414 1993 1806 2075 corrumpis,
1852 1991 2140 2074 pessima
2181 1999 2298 2055 tua

346 2077 737 2142 educatione
779 2085 1086 2159 corrupta
1128 2078 1337 2160 magis
1381 2099 1456 2143 ac
1490 2078 1702 2161 magis
1741 2077 2031 2159 nequitia
2066 2075 2297 2159 depra-

342 2183 468 2229 vas
486 2214 499 2239 ,
554 2163 661 2232 ita,
693 2162 1050 2244 depravata
1091 2161 1354 2245 perdis?
1447 2164 1746 2227 Tantane
1790 2162 2104 2228 caecitate
2148 2182 2296 2245 per-

339 2269 575 2315 cussos
618 2267 760 2312 esse
803 2247 1132 2326 homineS,
1190 2256 1266 2311 ut
1310 2269 1510 2331 quum
1567 2269 1604 2312 e
1660 2248 1964 2314 manibus
2018 2248 2295 2312 offeren-

336 2336 520 2399 tium
563 2332 927 2415 suscipiant
968 2341 1344 2399 consecrata
1387 2332 1579 2397 idolis
1635 2333 1935 2411 donaria,
1989 2354 2155 2416 quae
2199 2341 2295 2397 ta-

334 2420 515 2485 lium
559 2419 1093 2501 superstitionum
1137 2417 1541 2484 antistitibus
1585 2419 1719 2483 sint
1762 2418 2112 2498 destinata,
2161 2425 2297 2483 tota

333 2503 756 2571 idololatriae
808 2504 1305 2588 participatione
1356 2502 1599 2589 illigari
1654 2526 1725 2570 se
1776 2527 1903 2570 non
1961 2503 2293 2590 cogitent?

338 2588 419 2656 Si
465 2597 691 2656 tantus
713 2588 983 2653 Domini
1018 2589 1199 2654 furor
1232 2592 1305 2654 in
1328 2590 1662 2655 Israelitas
1698 2592 1962 2668 exarsit,
2000 2591 2081 2656 ob
2116 2590 2294 2656 clan-

337 2675 664 2741 culariam
721 2673 1158 2740 anathematis
1215 2675 1677 2759 expilationem
1734 2676 1889 2752 (Ios.
1945 2679 2003 2753 7,
2064 2681 2089 2738 1
2143 2677 2294 2761 ss.):

337 2781 546 2845 quam
588 2760 1051 2842 impunitatem
1095 2768 1504 2845 exspectant,
1559 2761 1670 2844 qui
1714 2760 1799 2826 ad
1843 2760 2296 2846 deglutiendas

339 2846 817 2913 exsecrationis
859 2845 1088 2929 plenas
1140 2846 1525 2926 oblationes,
1579 2846 1908 2912 idolorum
1962 2846 2297 2913 sacrificiis

337 2952 652 3017 praeesse
698 2953 827 2998 non
872 2932 1229 2998 verentur?
1302 2930 1704 3018 Sequuntur.
1728 2933 1863 2998 iam
1903 2932 2294 3012 exactiones,

340 3040 519 3103 quae
552 3020 701 3083 iura
733 3018 1097 3102 spiritualia
1118 3019 1304 3084 vobis
1340 3018 1676 3085 autoribus
1713 3027 2092 3085 censentur:
2131 3039 2297 3102 quae

340 3104 427 3170 ab
488 3103 924 3171 oblationibus
976 3104 1360 3170 voluntariis
1411 3125 1486 3170 6ο
1542 3105 1883 3185 differunt,
1942 3105 2114 3189 quod
2163 3105 2296 3173 illis

339 3190 620 3274 quidem
659 3189 1074 3256 fraudulente
1110 3190 1387 3274 populus
1420 3191 1991 3270 circumscribitur,
2040 3191 2144 3255 his
2179 3212 2296 3256 au-

337 3286 488 3341 tem
536 3275 863 3341 hostiliter
897 3284 1194 3341 vexatur.
1262 3278 1362 3343 Ac
1404 3278 1505 3341 tui
1550 3281 1698 3355 [pag.
1739 3282 1846 3357 73]
1892 3275 2154 3360 quidem
2191 3297 2295 3341 or-

339 3362 524 3427 dinis
567 3361 885 3439 homines,
931 3383 1212 3445 quorum
1254 3362 1608 3427 latrociniis
1651 3369 1834 3446 patet
1888 3363 2079 3427 latior
2120 3383 2297 3428 cam·

474 3499 491 3525 ,
540 3447 885 3531 opimiores
928 3447 1204 3530 praedas
1248 3458 1471 3532 agunt.
1562 3445 1674 3514 Sic
1718 3448 1892 3513 enim
1938 3448 2113 3512 inter
2147 3469 2298 3513 suos

482 3532 658 3598 inxit
699 3552 1012 3598 romanus
1056 3532 1468 3616 archipirata,
1515 3541 1589 3599 ut
1622 3555 1748 3617 quo
1783 3535 2055 3618 quisque
2089 3530 2298 3618 gradu

332 3621 624 3705 propius
668 3616 752 3682 ad
786 3639 939 3683 eum
975 3616 1242 3696 accedit,
1280 3640 1357 3684 eo
1392 3620 1695 3685 licentius
1730 3618 2096 3704 praedetur.
2164 3620 2296 3685 Ae-

335 3726 473 3789 que
511 3713 736 3770 tamen
772 3704 1144 3769 immaniter
1179 3703 1661 3788 depopulantur
1695 3705 1808 3770 alii
1843 3725 2086 3785 omnes,
2125 3703 2297 3788 quod

339 3812 513 3857 suae
557 3790 898 3874 rapacitati
944 3797 1180 3874 putant
1222 3791 1629 3856 attributum.
1718 3791 1951 3875 Itaque
1995 3791 2294 3876 obsigna-

335 3888 451 3945 tor
488 3876 605 3941 ille
640 3877 1019 3959 rapinarum
1054 3883 1320 3940 tuarum
1354 3876 1659 3953 annulus,
1704 3878 2058 3961 copiosiore
2095 3877 2299 3941 multo

331 3960 598 4047 praeda
635 3962 984 4045 quotannis
1020 3968 1085 4027 te
1118 3971 1367 4041 onerat,
1412 3983 1609 4045 quam
1642 3964 1971 4028 minutum
2015 3963 2301 4047 aliquem

332 4069 705 4133 paroecum
759 4068 881 4112 sua
933 4048 1005 4111 in
1062 4046 1463 4113 corradendo
1520 4048 2091 4132 converrendoque
2134 4056 2298 4114 stre-

332 4136 601 4200 nuitas:
660 4132 864 4198 nihilo
922 4141 1145 4199 tamen
1201 4134 1421 4199 minus
1478 4132 1658 4198 dirae
1716 4156 1791 4200 ac
1845 4135 2301 4219 sanguinariae

328 4228 513 4288 sunt
556 4219 736 4284 illius
780 4218 1181 4296 vexationes,
1227 4219 1461 4303 quibus
1505 4217 1759 4303 plebem
1801 4220 1911 4286 ille
1955 4241 2140 4285 suam
2182 4240 2302 4303 pro

329 4326 469 4373 suo
518 4304 717 4370 modo
760 4312 1021 4370 exercet
1064 4312 1143 4371 ac'
1181 4305 1432 4391 fatigat.
1522 4304 1732 4370 Porro
1767 4313 2087 4389 quantum
2125 4305 2301 4388 quis-

328 4412 473 4477 que
526 4390 778 4474 accipit,
826 4398 1009 4456 tanto
1053 4413 1123 4456 se
1166 4391 1472 4475 peculatu
1516 4389 1777 4475 obligat.
1868 4389 1929 4457 Ο
1965 4411 2302 4475 nunquam

328 4480 518 4545 satis
563 4476 919 4543 detestatas
961 4498 1143 4560 opes,
1196 4476 1556 4561 quamlibet
1608 4476 1845 4547 insana
1897 4476 2090 4542 hodie
2133 4476 2301 4541 mul·

330 4572 576 4630 torum
633 4561 988 4645 cupiditate
1044 4563 1237 4647 (quae
1292 4570 1392 4629 est
1435 4562 1677 4629 saeculi
1723 4563 1927 4628 nostri
1972 4563 2305 4646 perversi-

326 4651 482 4735 tas)
534 4649 776 4714 furiose
819 4655 1241 4732 expetantur,
1302 4651 1373 4715 in
1426 4648 1660 4733 quibus
1716 4668 2025 4713 nummus
2081 4648 2304 4715 nullus

494 4922 561 4989 1)
602 4920 733 4977 Sola
769 4921 936 4977 editio
968 4922 1223 4991 princeps
1258 4923 1344 4978 hic
1390 4924 1563 4978 literis
1610 4922 1921 4978 nuciclam-⁹
1964 4922 2155 4990 κείων,
2200 4923 2303 4975 sei-

322 4994 473 5049 lieet
509 4991 899 5046 emuniendis
930 4989 1061 5044 ludo
1108 4992 1300 5057 (aona)
1346 4992 1696 5046 adversarios
1739 4992 1925 5047 aerim
1968 4991 2301 5046 laconicum.

322 5063 433 5145 ,ρο
476 5076 597 5132 quo
646 5064 823 5141 ipsam
857 5066 1102 5114 autorem
1124 5061 1389 5181 cogita-sei
1419 5062 1693 5184 mie
1708 5060 2122 5199 &Ji-mx,
2141 5059 2305 5183 ἐκ

319 5208 525 5257 antea
561 5204 613 5253 et
646 5129 1233 5280 &adligat-‘reptantia
1244 5144 1426 5263 εἴπω
1458 5170 1730 5267 umpdta
1761 5198 1961 5263 fuerat.
2022 5198 2160 5253 Vide
2189 5196 2302 5254 010·-

316 5269 552 5327 mani
582 5267 881 5322 versionem
911 5265 1165 5336 qallteam
1204 5264 1260 5319 S.
1299 5262 1354 5319 S.
1390 5265 1464 5318 ad
1502 5265 1667 5335 Apoc.
1706 5264 1787 5335 14,
1824 5265 1875 5324 8.

580 5352 804 5408 caecas·
826 5366 1023 5421 opera.
1098 5350 1216 5407 Vol.
1262 5350 1319 5403 V.

1458 342 1585 408 DE
1631 341 2227 410 SAOERDOTIO
2269 343 2620 410 PAPALI
2661 342 3234 410 ABIIOOENDO.

4229 345 4352 413 306

2402 537 2503 596 est
2544 552 2684 596 non
2723 530 2899 595 furto
2915 579 2931 610 ,
2988 539 3104 596 aut
3143 531 3513 617 sacrilegio,
3573 540 3690 596 aut
3741 531 4085 598 latrocinio
4139 533 4349 617 pollu-

2401 624 2511 682 tus
2521 616 2543 679 ⁴!
2631 615 2865 681 Illisne
2907 615 3158 699 placide
3199 618 3530 697 fruentur,
3591 639 3666 683 ac
3711 638 3784 683 se
3822 617 4111 685 beabunt
4153 618 4349 686 Ohr-i-

2400 701 2646 768 stiani?
2737 699 3021 780 Scilicet,
3067 704 3123 768 si
3165 704 3337 769 tanti
3381 711 3555 783 sunt,
3601 711 3676 768 ut
3719 724 3946 769 earum
3989 725 4187 771 causa
4231 726 4347 790 spe

2402 796 2708 853 aeternae
2763 786 3190 854 haereditatis
3248 796 3510 855 nosmet
3551 790 3728 873 ipsos
3772 788 4072 856 abdicare
4115 789 4348 856 debea-

2399 892 2576 938 mus:
2614 894 2811 956 quam
2833 895 2990 938 sane
3025 895 3238 958 neque
3271 876 3467 954 fures,
3504 896 3718 958 neque
3754 895 4021 959 rapaces
4056 885 4348 960 unquam

2402 967 2882 1042 consequentur
2925 959 2989 1043 (l
3033 958 3182 1025 Cor.
3223 965 3279 1040 6,
3318 960 3406 1045 9).
3479 959 3614 1027 Sed
3657 982 3892 1045 operae
3926 963 4210 1044 pretium
4247 970 4349 1028 est

2402 1044 2628 1110 audire
2696 1046 3053 1128 speciosam
3119 1045 3530 1129 quorundam
3595 1047 4066 1131 exceptionem.
4172 1047 4350 1114 Sunt

2400 1131 2577 1195 enim
2613 1131 2726 1213 qui
2761 1151 2831 1196 se
2863 1131 3305 1216 pulcherrime
3339 1140 3683 1199 excusatos
3718 1140 3972 1215 putent,
4019 1134 4191 1217 quod
4225 1133 4347 1200 has

2401 1224 2732 1300 uteunque
2774 1224 2998 1299 partas
3042 1217 3404 1298 facultates,
3449 1238 3586 1282 non
3630 1221 3931 1302 turpiter,
3976 1240 4099 1285 nec
4133 1218 4347 1287 libidi‹

2400 1322 2559 1368 nose
2603 1302 2987 1386 dilapident:
3036 1301 3151 1369 sed
3184 1306 3426 1387 partim
3460 1305 3533 1368 in
3569 1303 3940 1372 moderatos
3976 1305 4150 1372 vitae
4184 1313 4345 1372 usus

2401 1387 2756 1467 conferant,
2794 1390 3035 1472 partim
3071 1409 3228 1454 vero
3272 1388 3578 1455 decidant
3620 1388 4060 1456 sublevandae
4101 1411 4347 1475 paupe-

2401 1494 2549 1538 rum
2595 1475 2889 1558 egestati.
2960 1474 3168 1557 Quasi
3203 1498 3358 1541 vero
3399 1476 3527 1540 ista
3571 1477 3731 1542 satis
3775 1475 3859 1541 ad
3900 1477 4113 1541 furem
4154 1499 4346 1561 prae-

2402 1557 2721 1624 donemve
2763 1560 3181 1645 purgandum
3227 1560 3512 1628 defensio
3558 1562 3790 1639 valeat,
3838 1563 3892 1627 si
3938 1582 4127 1628 suam
4171 1563 4346 1629 domi

2400 1646 2866 1728 parsimoniam
2911 1654 2978 1711 et
3009 1647 3453 1732 frugalitatem
3486 1647 3890 1731 approbarit:
3935 1657 4049 1713 aut
4084 1657 4348 1733 accepta

2402 1731 2488 1796 sit
2532 1730 2818 1797 Domino
2864 1732 3253 1816 benignitas,
3299 1752 3431 1816 qua
3472 1732 3800 1800 furtorum
3847 1734 4150 1818 reliquias
4196 1756 4347 1820 ege-

2402 1817 2507 1881 nis
2541 1816 2976 1900 impartimur.
3044 1817 3182 1900 Qui
3215 1820 3520 1904 frangere
3563 1819 3825 1902 quidem
3872 1820 4185 1886 esurienti
4227 1843 4345 1906 pa-

2400 1923 2555 1967 nem
2598 1901 2796 1982 iubet,
2838 1904 2951 1970 sed
2997 1913 3325 1985 nostrum3
3369 1905 3480 1988 qui
3519 1905 3704 1970 iubet
3746 1905 4010 1990 elargiri
4044 1908 4349 1990 pauperi-

2399 1985 2544 2062 bus,
2592 1986 2708 2053 sed
2744 1987 2823 2054 de
2853 1996 3078 2056 nostra
3111 1991 3477 2057 substantia
3510 1991 3663 2075 (Ies.
3693 1997 3792 2070 58,
3834 1997 3901 2072 73
3937 1992 4132 2057 Prov.
4159 1996 4216 2073 3,
4254 1992 4342 2078 9).

2402 2072 2649 2137 Contra
2693 2094 2848 2140 vero
2864 2127 2878 2152 ,
2933 2076 3307 2142 vehementi
3355 2075 3704 2142 interdicto
3757 2079 3936 2143 canis
3981 2077 4348 2144 mercedem

2401 2158 2525 2223 sibi
2570 2168 2748 2223 vetat
2800 2161 3019 2225 offerri
3081 2161 3310 2243 (Deut.
3351 2166 3451 2240 23,
3493 2162 3627 2246 195:
3686 2184 3811 2245 quo
3870 2162 4164 2248 symbolo
4220 2164 4346 2229 im-

2400 2243 2716 2308 mundam
2773 2255 2837 2309 et
2891 2247 3136 2314 scelere
3179 2249 3540 2330 quaesitam
3583 2250 3885 2331 quamvis
3929 2249 4346 2330 oblationem,

2401 2330 2868 2396 abominationi
2924 2331 3046 2397 sibi
3104 2355 3248 2398 esse
3305 2332 3625 2418 designat.
3717 2333 3903 2399 Adeo
3959 2355 4193 2400 verum
4249 2343 4349 2402 est

2401 2415 2574 2497 quod
2628 2417 2889 2500 scripsit
2945 2417 3058 2482 ille
3114 2418 3391 2504 (Eccles.
3431 2423 3531 2498 34,
3573 2417 3705 2503 24),
3761 2440 3914 2484 eum
3954 2421 4065 2502 qui
4107 2441 4144 2484 e
4186 2441 4346 2503 pau—

2399 2501 2577 2585 peris
2621 2502 2987 2568 substantia
3030 2505 3420 2570 sacrificium
3463 2504 3683 2583 offert,
3741 2527 3874 2571 non
3919 2526 4109 2572 secus
4152 2507 4346 2572 aesti-

2400 2587 2566 2651 mari
2612 2607 2830 2652 coram
2870 2586 3174 2669 Domino,
3221 2611 3415 2674 quam
3453 2590 3568 2674 qui
3599 2589 3810 2655 filium
3844 2591 3915 2655 in
3952 2591 4156 2674 patris
4190 2611 4345 2657 con-

2400 2682 2626 2755 speetu
2679 2681 2936 2739 mactat.
3029 2675 3128 2741 'Pu
3186 2698 3341 2742 vero
3356 2729 3371 2755 ,
3437 2677 3668 2760 tuique
3728 2677 4001 2756 similes,
4067 2698 4346 2761 quorum

2401 2757 2795 2842 turpitudini
2851 2781 2936 2824 ne
2967 2760 3015 2842 ¹)
3071 2761 3195 2827 sub
3248 2761 3373 2828 hoc
3427 2761 3688 2845 quidem
3744 2763 3928 2827 inani
3982 2769 4049 2827 et
4090 2763 4344 2846 perfluo

2400 2844 2853 2929 integumento
2908 2845 3088 2912 loeus
3146 2855 3274 2928 est,
3330 2847 3486 2931 quid
3539 2845 3951 2915 obtendatis?
4040 2848 4188 2922 Iam
4230 2869 4344 2913 vo-

2399 2930 2650 2997 biscum
2695 2951 2952 2996 summo
2995 2931 3157 3011 iure,
3203 2933 3328 3000 hoc
3371 2941 3489 3013 est,
3526 2933 3653 2999 Dei
3692 2934 3889 3000 verbo
3925 2954 4061 2999 non
4095 2932 4344 3018 discep-

2401 3016 2578 3081 tabo:
2627 3017 2741 3083 sed
2786 3017 2940 3101 quid
2955 3070 2971 3097 ‚
3019 3020 3077 3085 si
3119 3022 3223 3085 ius
3265 3021 3485 3102 ipsum
3530 3021 3928 3086 canonicum
3974 3021 4189 3105 (cuius
4232 3021 4345 3087 be-

2400 3103 2635 3169 neficio
2671 3103 2924 3187 vivitis)
2967 3105 3481 3187 repetundarum
3515 3126 3631 3171 vos
3674 3106 3873 3171 etiam
3916 3106 4227 3171 damnet?
4270 3126 4346 3173 ac

2399 3188 2584 3254 litem
2629 3210 2764 3254 non
2806 3190 3016 3255 multo
3069 3192 3340 3257 minoris
3384 3213 3580 3275 quam
3622 3212 3742 3274 pro
3787 3202 4015 3257 nostra
4057 3191 4356 3275 postula-'

2401 3275 2576 3339 tione
2613 3274 2952 3340 aestimet?
3021 3276 3277 3356 Velitis,
3322 3277 3566 3355 nolitis,
3612 3278 3804 3342 fateri
3850 3278 3973 3343 hoc
4017 3279 4342 3357 convenit,

2400 3359 2569 3424 nihil
2623 3360 2731 3426 hic
2787 3382 2826 3424 a
2867 3361 3049 3427 vobis
3102 3363 3254 3446 plus
3270 3361 3329 3446 ²)
3387 3362 3872 3445 usurpandum,
3930 3382 4127 3445 quam
4171 3361 4346 3446 quod

2399 3446 2422 3509 i
2471 3445 2562 3510 sis
2606 3444 2961 3512 canonibus
3006 3451 3153 3527 [pag.
3194 3452 3302 3528 74]
3348 3448 3655 3514 defertur.
3745 3448 3951 3530 Atqui
4004 3467 4139 3512 non
4182 3447 4342 3512 adeo

2455 3539 2798 3614 partacum
2817 3530 2875 3614 ⁸)
2928 3540 3223 3599 vestrum
3281 3532 3630 3617 depuduit,
3699 3534 3858 3617 quin
3920 3532 4146 3597 ferinis
4204 3532 4343 3597 suis

2400 3616 2843 3682 sanctionibus
2900 3617 3021 3683 hoc
3071 3619 3303 3684 saltem
3346 3619 3737 3704 Hieronymi
3781 3617 4127 3683 verbulum
4169 3617 4345 3682 inse-

2401 3711 2603 3767 reret:
2663 3703 2852 3767 Bona
2894 3703 3306 3785 clericorum,
3362 3706 3536 3770 bona
3577 3724 3942 3788 pauperum
3988 3723 4156 3780 esse,
4201 3702 4344 3785 qui-

2402 3788 2524 3853 bus
2568 3788 2747 3852 ultra
2790 3790 3029 3873 exigua
3071 3790 3374 3874 frugique
3411 3791 3726 3856 alimenta
3760 3789 3816 3854 si
3835 3788 3996 3870 ·quis
4032 3786 4342 3867 abutitur,

2402 3895 2556 3939 eum
2601 3873 2993 3957 pauperibus
3035 3876 3260 3941 furari.
3349 3875 3670 3940 Immanis
3706 3880 3924 3939 autem
3963 3872 4082 3939 illa
4122 3873 4346 3957 profu-

2402 3960 2519 4039 sio,
2566 3980 2731 4043 quae
2775 3959 2950 4026 domi
2993 3972 3250 4027 vestrae
3285 3962 3536 4041 visitur,
3580 3959 3736 4044 quid
3772 3980 3921 4025 oum
3957 3957 4082 4024 hae
4118 3958 4345 4044 regula

2403 4044 2618 4112 simile
2661 4045 2901 4112 habet?
2981 4047 3323 4127 Iniuriam,
3369 4048 3520 4126 scio,
3565 4046 3755 4112 vobis
3798 4066 3838 4110 a
3878 4064 3986 4109 me
4027 4044 4171 4109 fieri
4214 4044 4346 4110 ela·

2402 4130 2695 4209 mabitis,
2741 4152 2968 4198 omnes
3007 4132 3617 4217 pseudoevangelici
3658 4130 4021 4216 praesules,
4065 4129 4178 4214 qui
4220 4131 4343 4196 sub

2403 4217 2636 4302 iugum
2688 4218 2814 4301 piis
2869 4217 3174 4285 omnibus
3227 4217 3693 4285 excutiendum
3733 4216 4003 4302 indigne
4045 4236 4163 4282 vos
4206 4214 4344 4280 adi-

2405 4325 2577 4389 gam.
2667 4303 2838 4370 Mihi
2890 4325 3051 4369 vero
3108 4304 3218 4369 hic
3274 4304 3355 4370 de
3407 4314 3632 4370 vestra
3684 4309 3798 4368 aut
3850 4302 4149 4367 libertate
4162 4352 4179 4380 ‚
4236 4307 4350 4367 aut

2407 4389 2731 4455 servitute
2772 4410 2904 4455 non
2949 4396 3048 4456 est
3089 4390 3430 4456 institutus
3471 4407 3711 4454 sermo:
3773 4385 3888 4454 sed
3971 4385 4351 4453 uemadmo-

2409 4475 2570 4541 dum
2612 4476 2684 4540 in
2728 4475 2872 4560 agri
2912 4475 3057 4541 iure
3113 4474 3550 4577 dignoscendo
3564 4525 3580 4553 ,
3637 4495 3769 4538 non
3813 4496 3901 4558 qu
3967 4493 4074 4539 em
4115 4471 4354 4539 habeat

2411 4561 2752 4626 dominum
2765 4613 2782 4639 ,
2839 4561 2953 4627 sed
3006 4582 3134 4645 quo
3187 4583 3402 4645 ipsum
3453 4560 3598 4625 iure
3651 4560 3831 4646 leges
3875 4559 4161 4643 regionis
4209 4578 4350 4624 esse

2411 4646 2811 4725 definierint,
2859 4648 3223 4729 quaeritur:
3283 4647 3375 4712 ita
3432 4645 3714 4729 seposita
3756 4644 3962 4711 vestri
4003 4644 4349 4722 mentione,

2409 4753 2579 4816 quae
2613 4733 2685 4797 in
2718 4753 2928 4816 papae
2963 4732 3209 4797 ditione
3243 4731 3616 4809 sacerdotia,
3662 4751 3795 4795 non
3828 4730 3959 4796 nisi
3991 4729 4169 4796 illius
4204 4751 4350 4812 per-

2410 4820 2615 4883 missu
2632 4869 2648 4898 ,
2706 4837 2782 4883 ac
2835 4817 3192 4884 secundum
3247 4818 3388 4882 eius
3443 4818 3623 4902 leges
3680 4815 4018 4895 obtinetis,
4077 4813 4351 4881 fundum

2548 5126 2607 5189 1)
2641 5141 2727 5195 ne,
2765 5096 2956 5181 vineae
2991 5124 3243 5179 omittunt
3274 5090 3598 5179 recentiores
3633 5121 3769 5177 15⁷6
3802 5137 3942 5191 seqq.
4115 5119 4174 5185 2)
4212 5120 4352 5188 plus,

2411 5197 2663 5251 omittat
2695 5193 2925 5249 eaodem.
3003 5191 3198 5247 Gallus
3241 5192 3428 5248 Μῶα.-
3470 5193 3626 5249 sinon
3660 5197 3851 5246 autant
3917 5202 3987 5243 ue
4024 5188 4103 5242 les
4140 5188 4356 5242 canone

2412 5265 2462 5319 le
2502 5269 2841 5332 permettent.
3047 5259 3109 5328 3)
3145 5261 3345 5318 Vostre
3381 5262 3552 5331 grand
3586 5259 3825 5329 brigand.
3878 5339 3948 5393 20
