4984 5975
628 303 746 368 175
2152 302 3105 373 PSYOHOPANNYOHIA.
4510 308 4629 369 176

615 503 904 579 pergunt
944 494 1117 577 quod
1154 494 1356 561 semel
1400 501 1646 558 temere
1689 491 2148 558 effutiverunt-t
2206 499 2351 558 tum
2393 494 2657 559 oracula
2678 495 2827 559 Dei
2883 494 3236 560 consulunt
3250 546 3267 573 ,
3323 516 3409 559 ex
3461 492 3695 578 quibus
3739 516 4037 561 errorum
4095 514 4365 559 suorum
4408 499 4628 577 patro-

618 598 792 664 cinia
832 605 1168 681 quaerant.
1255 597 1378 676 Ibi,
1423 597 1608 660 Deus
1650 596 1837 673 bone,
1883 594 2041 677 quid
2086 616 2221 660 non
2264 595 2647 662 invertunt?
2693 595 2848 679 quid
2893 616 3029 661 non
3074 597 3440 681 depravant
3483 606 3682 680 atque
3717 603 4147 681 corrumpunt
4162 595 4195 660 ⁸?
4242 605 4318 662 ut
4360 596 4445 661 ad
4481 618 4631 662 sen-

619 722 767 766 sum
830 721 1023 766 suum
1036 750 1053 777 ,
1121 719 1254 764 non
1307 699 1450 765 dico
1507 699 1877 792 inflectant,
1933 697 2048 763 sed
2107 700 2170 763 vi
2216 700 2582 764 incurvent.
2674 696 2942 764 Scilicet
2993 720 3147 764 vere
3206 698 3375 764 dixit
3429 707 3620 783 poeta
3633 751 3647 777 ,
3700 701 3918 766 Furor
3974 721 4159 765 arma
4202 699 4553 765 ministrat.
4579 702 4630 784 ¹)

618 804 949 869 Haeccine
992 811 1093 868 est
1134 800 1425 868 discendi
1481 799 1629 866 via?
1685 821 1953 866 versare
1996 820 2072 866 ac
2114 800 2435 866 volutare,
2459 801 2845 887 scripturas,
2893 808 2968 865 ut
3011 800 3268 867 libidini
3311 810 3577 868 nostrae
3622 801 3957 868 serviant?
4006 810 4083 866 ut
4123 802 4346 868 sensui
4397 810 4626 868 nostro

617 904 1093 972 subiiciantur?
1148 925 1277 989 quo
1334 904 1501 968 nihil
1556 910 1656 969 est
1711 902 2024 969 stolidius.
2117 902 2178 968 O
2216 905 2536 969 sonticam
2586 911 2865 986 pestem,
2926 912 2994 969 et
3036 904 3404 970 certissima
3447 904 3697 970 zizania
3737 905 3984 971 inimici
4028 904 4344 970 hominis:
4396 904 4631 988 quibus

618 1009 765 1075 vult
803 1028 1143 1075 occaecare
1187 1029 1420 1074 verum
1462 1028 1704 1071 semen.
1794 1006 1884 1070 Et
1923 1005 2138 1071 adhuc
2181 1008 2502 1070 miramur
2544 1004 2720 1072 unde
2766 1015 2861 1071 tot
2901 1014 3115 1073 sectae
3159 1008 3333 1074 inter
3376 1029 3485 1073 eos
3529 1008 3641 1091 qui
3687 1007 3975 1090 primum
4009 1028 4249 1074 nomen
4284 1007 4634 1091 evangelio

614 1110 944 1190 dederant,
992 1132 1067 1176 ac
1111 1110 1482 1176 renascenti
1525 1108 1764 1175 verbo?
1846 1107 2174 1192 Equidem
2216 1117 2422 1174 terret
2454 1129 2563 1174 me
2606 1108 2750 1175 dira
2786 1097 2900 1175 1110
2944 1109 3389 1177 denunciatio:
3438 1111 3798 1178 Auferetur
3844 1130 3883 1173 a
3925 1109 4110 1176 vobis
4153 1131 4436 1194 regnum
4456 1111 4633 1191 .Dei,

616 1221 683 1279 et
725 1212 990 1279 dabitur
1034 1215 1216 1298 genti
1260 1212 1524 1279 facienti
1563 1212 1851 1278 fructum
1895 1212 2039 1277 eius
2085 1212 2354 1295 (Matth.
2394 1217 2494 1289 21,
2533 1216 2667 1293 43).
2733 1213 2974 1278 Finem
3017 1213 3125 1279 hic
3170 1211 3611 1297 conquerendi
3654 1212 3908 1279 faciam.
3985 1213 4158 1278 Nam
4199 1211 4470 1296 lon'gum
4513 1233 4634 1277 vo-

615 1317 836 1383 lumen
884 1316 1422 1382 conscribendum
1469 1316 1582 1393 sit,
1639 1316 1695 1380 si
1739 1315 1810 1378 in
1852 1315 2027 1379 hanc
2069 1321 2436 1398 temporum
2480 1315 2978 1398 perversitatem
3023 1316 3106 1381 ad
3154 1317 3406 1382 iustum
3462 1315 3730 1381 modum
3775 1314 4140 1381 declamare
4181 1315 4402 1382 libeat.
4493 1316 4636 1383 Nos

616 1442 791 1499 vero,
833 1420 1089 1498 fratres,
1135 1427 1232 1484 tot
1274 1417 1595 1502 exemplis
1638 1418 1901 1497 moniti,
1937 1418 2045 1483 vel
2090 1438 2236 1484 sero
2281 1417 2547 1483 tandem
2593 1419 2940 1501 sapiamus.
3029 1418 3447 1485 Pendeamus
3492 1440 3751 1502 semper
3798 1440 3882 1484 ex
3925 1440 4036 1484 ore
4082 1416 4385 1484 Domini:
4435 1427 4503 1485 et
4545 1442 4635 1486 ne

614 1523 770 1606 quid
816 1521 899 1587 ad
956 1522 1094 1587 eius
1148 1521 1538 1604 sapientiam
1582 1520 1902 1585 addamus
1947 1531 2063 1586 8111
2104 1520 2580 1586 admisceamus
2624 1520 2704 1585 de
2750 1531 2970 1586 nostro
2985 1574 3001 1600 ,
3049 1544 3132 1587 ne
3147 1574 3161 1600 ,
3210 1521 3394 1587 velut
3435 1523 3857 1601 fermentum,
3905 1528 4112 1586 totam
4155 1540 4441 1586 massam
4481 1543 4629 1589 cor-

614 1633 905 1708 rumpat,
959 1632 1030 1689 et
1084 1624 1291 1689 salem
1334 1625 1532 1689 etiam
1574 1625 1818 1706 ipsum,
1875 1625 1987 1707 qui
2026 1624 2100 1687 in
2141 1624 2328 1689 nobis
2386 1631 2518 1700 est,
2576 1622 2871 1689 infatuet.
2962 1626 3388 1690 Praestemus
3433 1647 3551 1690 nos
3597 1624 3882 1690 Domino
3927 1624 4152 1707 quales
4198 1622 4343 1688 vult
4386 1623 4634 1691 habere

615 1725 992 1810 discipulos:
1052 1747 1402 1810 11811118188,
1457 1726 1821 1810 sapientiae
1857 1734 2122 1792 nostrae
2178 1727 2409 1792 inanes
2453 1735 2522 1791 et
2566 1747 2833 1806 vacuOS,
2891 1726 3182 1793 discendi
3227 1727 3481 1807 avidos,
3527 1727 3641 1793 sed
3687 1727 3856 1791 nihil
3902 1727 4212 1805 scientes,
4261 1736 4375 1790 aut
4419 1728 4630 1793 etiam

614 1830 779 1895 scire
834 1830 1158 1908 volentes,
1215 1831 1340 1895 nisi
1384 1828 1557 1912 quod
1606 1828 1718 1894 ille
1774 1828 2097 1895 docuerit:
2156 1828 2469 1912 quidquid
2515 1836 2616 1894 est
2657 1830 3012 1924 exoticum3
3072 1850 3205 1894 non
3261 1851 3449 1896 secus
3507 1849 3582 1895 ac
3637 1830 4243 1911 praesentissimum
4290 1850 4632 1896 venenum

613 1932 958 2016 fugientes.
1048 1931 1218 1997 Volo
1271 1942 1493 1996 autem
1539 1939 1607 1998 et
1656 1933 1739 1998 iis
1782 1952 2146 2009 occurrere,
2206 1932 2316 2014 qui
2369 1930 2718 1997 consilium
2776 1953 2995 1997 meum
3040 1930 3553 2014 reprehendent:
3612 1930 3784 2015 quod
3828 1930 3910 1995 de
3954 1952 4027 1997 re
4067 1930 4258 1996 nihili
4304 1933 4634 1999 concitem

613 2034 915 2119 ingentes
959 2055 1232 2119 pugnas,
1278 2045 1473 2119 atque
1514 2037 1715 2102 istaec
1750 2019 2258 2119 leptologemata
2302 2034 2594 2099 cruentis
2634 2031 2919 2099 dissidiis
2963 2033 3277 2100 decidam.
3367 2034 3430 2099 N
3434 2055 3521 2099 on
3564 2035 3742 2100 enim
3785 2035 4023 2100 desunt
4077 2035 4186 2118 qui
4232 2034 4327 2100 sic
4369 2055 4479 2101 1118
4524 2056 4633 2102 ac·

617 2136 881 2220 cipiant.
969 2137 1099 2202 His
1141 2158 1531 2232 responsum
1574 2138 1688 2205 sit:
1736 2159 1944 2222 quum
1988 2159 2073 2203 ex
2115 2139 2404 2221 professo
2447 2141 2745 2202 tentatur
2788 2136 2920 2216 Dei
2963 2138 3236 2218 veritas,
3288 2137 3470 2202 nullo
3512 2137 3704 2204 modo
3746 2137 4093 2203 ferendum
4136 2157 4295 2216 esse,
4343 2158 4429 2203 ne
4481 2145 4634 2203 tan-

615 2239 833 2305 tillum
875 2239 1141 2324 quidem
1179 2260 1265 2305 ex
1307 2262 1386 2307 ea
1429 2241 1720 2308 delibari.
1811 2240 1874 2305 N
1876 2261 1949 2305 ec
1992 2261 2134 2305 rem
2188 2260 2329 2306 esse
2362 2238 2560 2303 nihili
2604 2245 2720 2302 aut
2762 2238 3350 2319 contemnendam,
3395 2240 3620 2305 videre
3675 2242 3963 2306 tenebris
4008 2240 4248 2307 diaboli
4293 2241 4636 2325 exstingui

614 2343 739 2408 Dei
799 2342 1029 2409 lucem.
1132 2342 1391 2408 Deinde
1408 2395 1423 2421 ,
1482 2345 1746 2410 maioris
1810 2344 2128 2418 momenti
2182 2363 2325 2409 esse
2381 2341 2553 2408 hanc
2597 2361 2894 2421 causam,
2950 2364 3148 2426 quam
3213 2363 3253 2407 a
3297 2342 3523 2410 multis
3568 2342 3888 2410 credatur.
3983 2343 4210 2426 Neque
4253 2349 4477 2409 tamen
4527 2344 4639 2429 (ut

614 2445 775 2511 falso
818 2447 1369 2530 interpretantur)
1417 2446 1498 2511 ad
1544 2467 1839 2513 cruorem
1884 2467 2091 2528 usque
2136 2444 2422 2522 dissidet,
2470 2446 2582 2528 qui
2625 2444 2904 2508 aliorum
2948 2444 3279 2511 erroribus
3313 2467 3460 2522 ,non
3496 2448 3866 2529 acquiescit.
3943 2446 4364 2530 Reprehendi
4400 2467 4639 2513 eornm

612 2550 1073 2627 curiositatem,
1119 2551 1231 2632 qui
1278 2551 1398 2614 has
1441 2550 1853 2633 quaestiones
1869 2599 1884 2626 ,
1931 2569 2163 2613 revera
2207 2548 2371 2613 nihil
2415 2546 2597 2611 aliud
2642 2567 2841 2628 quam
2884 2547 3135 2631 ingenii
3179 2556 3505 2614 tormenta
3521 2601 3535 2627 ,
3582 2552 4013 2633 exagitarent.
4103 2550 4470 2631 Postquam
4513 2571 4636 2616 au-

612 2661 745 2717 tem
790 2663 1137 2718 moverunt
1179 2653 1352 2718 hanc
1395 2653 1814 2728 camarinam,
1859 2649 2276 2733 reprimenda
2329 2659 2431 2713 est
2474 2669 2702 2713 eorum
2746 2651 3112 2727 temeritas,
3168 2672 3251 2714 ne
3308 2672 3511 2734 supra
3555 2653 3903 2717 veritatem
3943 2652 4321 2718 invalescat.
4416 2651 4499 2718 Id
4547 2676 4640 2719 an

613 2754 957 2833 effecerim,
1004 2756 1239 2831 nescio,
1287 2755 1460 2820 volui
1507 2771 1708 2820 certe:
1770 2760 1839 2817 et
1883 2753 2055 2834 quod
2110 2754 2430 2835 optimum
2475 2749 2708 2826 habui,
2756 2750 2920 2815 dedi.
3013 2750 3168 2828 Alii,
3215 2754 3270 2817 si
3316 2752 3473 2835 quid
3516 2754 3750 2818 melius
3793 2753 4109 2831 habeant,
4155 2756 4225 2818 in
4275 2775 4638 2822 commune

613 2856 858 2921 bonum
901 2857 1257 2922 conferant.

921 2957 1239 3038 Basileae,
1286 2960 1379 3026 M.
1404 2957 1489 3025 D.
1514 2957 1848 3027 XXXVI.

927 3249 984 3316 1)
1023 3250 1223 3319 Vergil.
1260 3249 1483 3305 Aeneid.
1521 3249 1569 3319 1,
1607 3249 1727 3305 150.
