4984 5975
356 352 476 415 245

353 539 533 606 ribus
579 536 992 603 disseramus.
1081 535 1177 601 At
1220 554 1377 598 vero
1429 532 1641 611 illam,
1702 551 1897 614 quam
1952 530 2033 599 ad
2087 537 2300 596 certos

350 625 649 692 homines
692 620 1112 706 peculiariter
1144 619 1508 697 reiecimus,
1552 617 1847 701 publicae
1881 616 2300 700 professionis

350 710 751 779 1110011006ιο
782 707 1159 772 omittemus
1201 707 1273 770 in
1316 724 1655 789 praesens:
1703 703 1785 768 de
1816 724 1945 786 qua
1975 702 2105 769 erit
2132 701 2300 767 forte

354 798 515 865 alias
558 793 984 878 opportunior
1015 790 1269 858 dicendi
1297 791 1505 857 locus:
1551 796 1814 855 tantum
1856 788 2029 871 quod
2072 808 2301 871 perae-

357 906 485 968 que
525 880 606 947 ad
646 899 1176 961 unumquemque
1220 899 1257 942 e
1300 876 1538 960 populo
1594 876 1950 958 pertineat,
1997 874 2301 957 ,inquire-

358 991 527 1048 mus,
566 966 822 1050 qualem
865 963 1114 1030 scilicet
1154 964 1624 1030 confessionem
1666 962 1891 1045 exigat
1919 981 1960 1025 a
1993 960 2129 1027 suis
2158 960 2301 1026 Do-

358 1058 605 1130 minus,
664 1052 779 1135 qui
832 1051 1007 1115 inter
1048 1050 1284 1132 impios
1340 1048 1551 1131 sparsi
1606 1047 1934 1132 palatique
1979 1044 2225 1130 degant
2248 1045 2298 1125 ¹)

359 1164 433 1208 eo
475 1142 542 1205 in
585 1139 746 1215 loco,
791 1136 967 1205 unde
1011 1156 1204 1203 verae
1246 1134 1583 1219 religionis
1626 1132 1970 1215 disciplina
2013 1130 2296 1199 exsulet:

354 1237 496 1295 tum
540 1222 844 1308 qualibus
886 1223 958 1286 in
1001 1228 1275 1287 externa
1316 1222 1490 1286 vitae
1549 1218 1805 1286 actione
1848 1218 2021 1283 notis
2063 1238 2174 1283 eos
2219 1215 2300 1281 ab

350 1311 847 1379 idololatrarum
888 1308 1098 1389 turba,
1144 1307 1249 1372 cui
1293 1306 1605 1389 permixti
1647 1312 1830 1383 sunt,
1877 1303 2142 1369 differre
2184 1324 2301 1368 ve-

350 1400 442 1464 lit.
500 1397 735 1478 Neque
767 1414 1031 1463 rursum
1065 1393 1322 1459 animus
1355 1400 1455 1458 est
1485 1401 1661 1458 certo
1694 1390 1985 1469 definire,
2021 1387 2299 1473 quando,

352 1494 417 1551 et
456 1480 636 1568 apud
680 1501 872 1563 quos,
919 1486 986 1543 et
1027 1500 1153 1561 quo
1195 1478 1368 1557 loco,
1425 1484 1493 1542 et
1547 1497 1744 1561 quam
1796 1482 2094 1558 apertum
2148 1473 2303 1540 fidei

352 1591 511 1639 suae
552 1567 1005 1634 testimonium
1033 1565 1123 1630 sit
1153 1563 1452 1630 editurus
1483 1564 1680 1629 homo
1712 1561 2135 1628 christianus:
2181 1580 2303 1626 060

351 1657 666 1732 limitare,
721 1659 1041 1750 quatenus
1083 1650 1390 1733 progredi
1434 1648 1697 1727 debeat,
1754 1647 1863 1713 vel
1919 1638 2030 1714 ubi
2091 1647 2301 1712 consi·

354 1751 527 1811 61616
568 1747 779 1823 possit
816 1738 982 1803 citra
1017 1736 1352 1814 offensam,
1399 1735 1653 1818 quoties
1683 1732 2140 1817 propagandae
2171 1731 2303 1797 Dei

355 1827 597 1913 gloriae
638 1823 858 1890 oblata
899 1823 1175 1901 occasio,
1217 1829 1337 1887 aut
1375 1842 1544 1905 spes·
1567 1840 1824 1904 quoquo
1870 1808 2060 1889 modo
2105 1819 2302 1901 profi-

354 1911 562 1980 ciendi
606 1913 783 1977 facta
813 1909 1029 1975 fuerit.
1091 1906 1277 1988 9066
1313 1906 1683 1989 (116ρο16110,
1729 1914 1995 1988 praeter
2022 1903 2092 1969 id
2126 1902 2302 1987 quod

351 2018 552 2083 prope
595 1998 922 2062 immensa
962 1994 1157 2073 foret,
1201 1994 1402 2058 etiam
1447 1993 1528 2058 ab
1573 1992 1697 2058 hoc
1742 1989 2016 2057 docendi
2061 2009 2301 2074 genere

352 2082 657 2150 nonnihil
700 2091 802 2147 est
843 2080 1081 2145 aliena:
1126 2079 1297 2162 quod
1331 2079 1529 2146 certis
1563 2076 1811 2161 regulis
1844 2075 2093 2141 includi
2127 2095 2301 2141 com-

352 2167 802 2254 prehendique
844 2172 1143 2248 nequeat.
1233 2165 1460 2246 Neque
1499 2165 1678 2229 enim
1714 2162 1832 2241 illi,
1876 2183 2075 2245 quam
2110 2182 2149 2225 a
2183 2182 2301 2226 00-

351 2257 451 2323 bis
504 2254 785 2337 requirit
834 2252 1076 2317 Petrus
1134 2251 1198 2331 (l
1252 2251 1431 2316 Petr.
1494 2254 1560 2328 3,
1615 2247 1743 2331 15),
1799 2245 2300 2331 promptitudini

350 2343 517 2409 fines
561 2338 1003 2424 praescribere
1044 2334 1235 2403 facile
1278 2347 1394 2414 661,
1439 2354 1644 2418 quum
1686 2333 1834 2400 vult
1875 2353 1995 2399 nos
2037 2339 2302 2415 paratos

351 2449 493 2495 6666
539 2425 626 2493 ad
668 2422 1200 2508 respondendum
1254 2421 1522 2487 cuilibet
1573 2420 1865 2503 poscenti
1879 2471 1897 2498 ,
1951 2425 2029 2483 ut
2076 2418 2301 2500 loqua-

349 2534 501 2581 mur
534 2512 617 2577 de
660 2531 738 2576 ea
779 2531 946 2592 quae
984 2510 1057 2575 in
1099 2508 1288 2574 nobis
1329 2515 1448 2586 est,
1494 2526 1637 2590 spe:
1683 2527 1806 2572 060
1848 2505 2006 2571 11610
2047 2503 2303 2588 ingenti

350 2598 451 2663 illi
492 2594 919 2664 celebrandae
961 2595 1247 2661 nominis
1289 2592 1455 2672 Dei,
1498 2592 1816 2676 regnique
1862 2591 2002 2657 eius
2045 2590 2302 2674 magni-

350 2685 655 2752 ficentiae
691 2681 927 2760 studio,
965 2699 1096 2763 quo
1132 2679 1579 2745 exsultantem
1615 2684 2151 2760 aestuantemque
2172 2676 2305 2742 Dei

351 2765 669 2854 populum
714 2765 1039 2833 inducunt
1090 2766 1475 2850 prophetae,
1531 2785 1734 2848 quum
1783 2764 1878 2829 ita
1933 2761 2304 2846 loquentem

351 2857 608 2925 faciunt
661 2853 816 2938 (les.
857 2858 914 2931 2,
955 2856 1027 2931 3;
1062 2852 1267 2918 Mich.
1309 2857 1369 2930 4,
1408 2852 1505 2935 2):
1544 2849 1837 2929 Venite„
1875 2847 2304 2915 ascendamus

351 2942 423 3009 in
464 2950 758 3007 montem
803 2938 1096 3017 Domini,
1141 2937 1225 3004 ad
1268 2934 1535 3003 domum
1569 2936 1700 3002 Dei
1734 2935 1956 3002 Iacob:
2003 2942 2072 3001 et
2115 2933 2303 3004 doce-

352 3029 448 3096 bit
488 3048 612 3094 nos
655 3024 738 3092 de
780 3026 902 3091 viis
946 3025 1097 3104 suis,
1143 3033 1212 3090 et
1233 3022 1711 3090 ambulabimus
1748 3023 1826 3087 in
1861 3022 2109 3088 semitis
2144 3023 2301 3087 eius.

353 3113 615 3195 Quibus
655 3112 874 3179 verbis
919 3111 1027 3196 (ut
1060 3109 1390 3191 videmus)
1431 3110 1607 3174 inest
1647 3129 1856 3191 paene
1898 3107 2185 3174 clamosa
2217 3105 2306 3174 ad

353 3198 793 3283 appetendam
835 3195 966 3264 Dei
1181 3198 1444 3261 ‘tionem
1490 3195 1867 3261 cohortatio.
1955 3194 2101 3260 Iam
2148 3212 2305 3259 vero

353 3293 453 3352 101
494 3284 696 3352 Pauli
740 3282 820 3349 de
864 3218 1176 3349 66016οΞ6
1226 3279 1677 3347 aedificatione
1716 3288 2067 3364 praecepta
2107 3299 2306 3363 quam

352 3372 487 3440 late
531 3378 833 3455 pateant,
878 3369 1023 3451 quis
1065 3389 1200 3434 non
1244 3366 1466 3433 videt?
1524 3375 1597 3430 ut
1654 3366 1906 3432 nullam
1960 3366 2306 3432 certiorem

352 3457 567 3541 legem
605 3462 985 3538 exspectare
1019 3454 1315 3531 debeant,
1353 3454 1466 3536 qui
1486 3472 1648 3519 vera
1680 3472 1839 3536 erga
1860 3451 2081 3517 Deum
2116 3471 2308 3515 suum

354 3544 597 3627 pietate
640 3547 798 3607 sunt
839 3540 1085 3618 affecti,
1129 3559 1325 3622 quam
1367 3545 1443 3604 ut
1484 3545 1779 3604 sanctam
1822 3538 1964 3604 eius
2004 3537 2306 3602 maiesta-

356 3640 488 3695 tem
534 3628 673 3713 (cui
716 3632 887 3692 totos
930 3646 1072 3692 6666
1115 3631 1527 3692 consecratos
1561 3645 1637 3689 ac
1673 3623 1941 3690 devotos
1983 3623 2161 3706 ipsos
2194 3621 2307 3688 de-

356 3715 487 3798 cet)
545 3732 931 3797 quacunque
984 3711 1205 3777 licebit
1257 3708 1597 3776 commoda
1649 3710 1903 3778 ratione
1946 3708 2303 3775 illustrent:

356 3822 490 3866 non
510 3800 714 3866 alium
736 3798 859 3863 sibi
894 3799 1096 3863 finem
1129 3794 1483 3864 modumve
1505 3797 1646 3861 eius
1666 3794 2098 3861 illustrandae
2117 3815 2307 3878 prae-

358 3886 656 3964 stitnant,
700 3903 900 3966 quam
942 3889 1019 3948 ut
1059 3882 1364 3950 omnibus
1408 3882 1817 3949 occasionum
1854 3880 2149 3948 articulis
2184 3881 2307 3948 im·

357 3972 675 4051 mineant,
720 3968 1066 4052 omniaque
1152 3976 1228 4034 01
1268 3969 1361 4032 ita
1404 3966 1642 4048 dicam)
1700 3969 2112 4034 continenter
2155 3987 2307 4049 cap—

358 4065 505 4123 tent
537 4063 887 4134 momenta,
925 4075 1125 4138 quam
1175 4053 1239 4119 'u
1274 4053 1520 4137 aliquid
1541 4075 1612 4119 66
1633 4073 1825 4136 110666
1859 4054 2121 4120 efficere
2153 4073 2308 4118 000-

356 4142 584 4210 fident.
654 4141 847 4208 Alius
880 4140 1145 4223 quidem
1187 4139 1315 4205 alio
1350 4149 1418 4204 et
1451 4140 1909 4222 praestantius,
1956 4147 2023 4205 et
2053 4139 2306 4216 fortius,

357 4238 427 4294 et
466 4227 901 4296 constantius:
949 4247 1177 4296 omnes
1211 4234 1435 4294 tamen
1471 4225 1601 4291 huc
1635 4224 1901 4308 singuli,
1946 4224 2308 4291 secundum

479 4315 613 4380 tiae
655 4333 813 4378 suae
856 4311 1148 4391 modum,
1194 4311 1391 4378 simul
1433 4309 1848 4378 contendant.
1939 4309 2194 4391 Quare,
2235 4316 2311 4376 ut

567 4421 679 4477 06,
725 4399 799 4464 10
841 4397 1021 4463 illam
1066 4394 1227 4463 adeo
1268 4397 1482 4464 fusam
1526 4395 2030 4481 disputationem
2073 4416 2308 4479 exspa-

356 4487 529 4566 tiari,
573 4506 709 4551 non
752 4491 853 4549 est
894 4483 1092 4549 huius
1127 4482 1252 4549 loci
1285 4483 1653 4566 proprium:
1698 4503 1825 4564 quo
1865 4504 1999 4548 1100
2041 4483 2309 4548 univer-

356 4594 507 4639 sum
542 4565 887 4655 complecti
918 4574 1071 4649 [pag.
1102 4573 1207 4648 10]
1241 4569 1647 4653 propositum
1682 4575 1799 4647 est,
1847 4575 2166 4650 quantum
2200 4567 2310 4635 vel

356 4657 637 4724 Domini
689 4656 962 4741 gloriae,
1005 4654 1114 4722 vel
1168 4655 1602 4722 aedificationi
1656 4653 1999 4719 hominum
2052 4652 2307 4732 debeas,

356 4741 476 4810 sed
516 4741 845 4809 duntaxat
887 4741 1175 4810 breviter
1217 4739 1587 4820 ostendere,
1648 4757 1814 4823 quae
1856 4740 1976 4807 tibi
2017 4740 2164 4806 istic
2206 4741 2309 4806 in-

356 4839 466 4895 ter
504 4829 747 4914 impios
788 4828 1008 4912 agenti
1022 4878 1038 4906 ,
1087 4828 1452 4894 necessario
1495 4826 1782 4892 tenenda
1823 4826 1912 4893 sit
1955 4827 2197 4894 cautio:
2244 4833 2312 4892 et

356 4936 559 5000 quam
612 4914 1170 5000 praetermittere,
1222 4915 1382 4996 quin
1437 4920 1504 4977 16
1558 4934 1677 4997 1110

356 5001 646 5087 crilegiis
683 5000 1007 5083 inquines,
1051 5019 1186 5064 non
1226 5000 1453 5082 possis.

1796 4913 1810 4927 ⁶
1900 4911 2164 4979 illorum
2208 4932 2309 4977 sa-

494 5278 551 5344 1)
593 5275 749 5329 Edd.
783 5290 915 5328 rece.
952 5286 1134 5327 omnes
1170 5269 1306 5324 1576
1341 5287 1479 5342 seqq.
1518 5274 1829 5330 mendant:
1864 5273 2083 5343 degunt.

1539 318 1668 410 D'E
1712 341 2231 413 ruemNms
2273 342 2758 412 limosum
2800 304 3151 411 sAoms'.

4231 344 4358 411 246

2576 532 2677 598 Ac
2720 532 3029 615 quoniam
3072 531 3390 616 quidquid
3434 532 3515 598 de
3557 532 3683 598 hac
3718 553 3791 598 re
3835 533 4176 616 scripturis
4221 539 4362 598 tra-

2403 616 2615 682 ditum
2640 623 2758 698 est,
2781 640 3011 685 eorum
3044 619 3430 701 praesertim
3467 639 3661 685 causa
3694 626 4115 702 praeceptum
4155 619 4359 685 fuisse

2402 703 2684 783 videtur,
2712 706 2823 788 qui
2857 705 3034 770 inter
3068 712 3298 788 gentes
3331 702 3465 769 Dei
3501 705 3880 789 ignorantes
3915 714 4356 784 versarentur,

2402 788 2760 873 plurimum
2787 796 3009 855 autem
3029 790 3205 856 inter
3229 790 3495 856 illarum
3514 790 3969 868 idololatriam,
4011 797 4079 855 et
4112 812 4356 869 eorum,

2401 875 2790 958 quibuscum
2834 875 3030 941 hodie
3066 876 3253 941 nobis
3296 877 3636 960 negotium
3680 884 3782 941 est
3823 877 4356 960 superstitionem

2400 960 2718 1029 interesse
2740 960 2942 1045 vulgo
2975 961 3374 1042 existimant,
3411 961 3614 1045 (quod
3645 962 3809 1028 haec
3845 962 3972 1027 Dei
4007 970 4075 1027 et
4107 961 4360 1029 Christi

2401 1048 2667 1113 nomine
2701 1046 3174 1130 quodammodo
3219 1048 3479 1114 obtecta
3522 1049 3746 1114 fucum
3785 1048 3966 1113 facit:
4013 1048 4132 1112 illa
4164 1048 4359 1130 paulo

2403 1135 2720 1199 crassiore
2752 1134 3126 1217 ignorantia
3161 1135 3401 1198 summi
3436 1133 3568 1199 Dei
3601 1134 3850 1200 cultum
3885 1135 4103 1217 palam
4138 1155 4361 1217 asper-

2404 1218 2717 1303 nabatur)
2760 1240 2900 1297 006,
2946 1218 3062 1283 illa
3099 1220 3286 1301 prius
3328 1240 3781 1303 proponemus,
3830 1241 3997 1303 quae
4039 1221 4111 1284 in
4154 1221 4358 1303 scrip-

2403 1305 2574 1369 turis
2599 1312 2864 1370 exstant
2892 1311 3267 1387 praecepta:
3307 1304 3541 1370 deinde
3572 1306 3791 1372 000106
3814 1305 3898 1371 ad
3931 1315 4159 1371 nostra
4193 1314 4360 1371 tem-

2403 1411 2564 1473 pora
2605 1391 2991 1469 referemus,
3047 1398 3116 1455 et
3170 1412 3254 1455 ex
3298 1412 3522 1457 rerum
3567 1391 3996 1457 similitudine
4011 1443 4027 1470 ,
4074 1391 4232 1475 quid
4275 1391 4360 1457 ad

2404 1495 2528 1542 nos
2579 1478 2982 1560 pertineant,
3029 1474 3464 1559 dispiciemus.
3535 1475 3932 1560 Quanquam
3987 1499 4119 1543 non
4162 1477 4358 1544 video

2405 1582 2523 1628 001
2579 1568 2846 1629 aeterna
2897 1563 3027 1627 Dei
3079 1560 3394 1627 mandata
3446 1564 3543 1627 ita
3595 1564 3796 1629 unius
3854 1563 4095 1630 saeculi
4151 1565 4358 1647 spatio

2405 1649 2863 1714 terminemus:
2910 1647 3024 1714 sed
3046 1647 3225 1714 hunc
3257 1646 3554 1714 ordinem
3583 1650 3926 1732 imperitis,
3973 1671 4057 1714 06
4099 1650 4247 1733 quis
4288 1651 4360 1715 in

2405 1754 2636 1800 eorum
2656 1735 2891 1801 animis
2913 1733 3260 1816 scrupulus
3295 1734 3594 1815 resideat,
3626 1735 4073 1809 concedemus.
4133 1734 4361 1816 Quum

2404 1818 2552 1904 lege
2574 1842 2696 1886 sua
2714 1820 3042 1885 Dominus
3066 1818 3243 1885 idola
3266 1820 3390 1885 coli
3425 1831 3544 1885 aut
3576 1820 3835 1886 adorari
3869 1822 4084 1887 vetuit
4116 1821 4358 1906 (Exod.

2408 1909 2509 1985 20,
2542 1906 2633 1991 4),
2659 1905 2782 1972 1100
2817 1906 3029 1988 capite
3065 1912 3279 1971 totum
3301 1905 3492 1971 illum
3515 1916 3864 1973 externum
3898 1907 4151 1972 cultum
4187 1926 4361 1973 com·-

2403 1991 2638 2143 RIlexus
2693 1999 2820 2070 est,
2887 2012 3083 2074 quem
3141 1990 3396 2057 deferre
3449 1994 3585 2059 suis
3637 1992 3831 2058 idolis
3885 1994 4073 2076 impii
4131 1992 4357 2059 601601.

2473 2099 2580 2143 am
2594 2085 2663 2141 et
2674 2076 2912 2157 verbis,
2923 2077 3156 2160 quibus
3177 2098 3338 2143 usus
3347 2086 3466 2159 est,
3494 2100 3572 2144 ea
3593 2079 3767 2145 inest
3784 2079 4177 2162 proprietas:
4201 2098 4362 2161 quo-

2405 2184 2557 2229 rum
2584 2162 2869 2229 alterum
2903 2163 3258 2241 incurvari,
3309 2163 3596 2233 alterum
3632 2164 3955 2230 honorare
3997 2165 4356 2249 significat:

2405 2255 2473 2313 61
2492 2266 2639 2314 eam
2663 2247 3062 2315 adorationis
3086 2249 3371 2333 speciem
3414 2256 3710 2317 notatam
3754 2270 3895 2317 esse
3917 2260 4186 2329 constat,
4231 2271 4363 2334 qua

2404 2333 2624 2418 lignea
2677 2334 3018 2418 lapideave
3062 2334 3417 2401 simulacra
3459 2337 3747 2419 corporis
3791 2343 3985 2421 gestu
4029 2337 4355 2403 coluntur.

2405 2419 2594 2486 Haec
2637 2420 2855 2503 itaque
2900 2420 3273 2487 interdictio
3316 2427 3436 2500 est,
3482 2443 3616 2487 non
3652 2441 3782 2505 qua
3816 2422 4201 2505 simpliciter
4242 2442 4359 2504 po-

2404 2505 2642 2589 pulum
2677 2527 2873 2571 suum
2906 2505 3237 2575 Dominus
3271 2506 3618 2590 prohibeat
3649 2509 3720 2572 in
3755 2508 3803 2572 li
3900 2528 3938 2573 o
3975 2515 4091 2574 aut
4123 2505 4359 2591 lapide,

2408 2592 2709 2675 gentium
2765 2594 2991 2671 instar,
3051 2593 3531 2675 obstupescere,
3578 2591 3693 2659 sed
3732 2529 3898 2659 ulfo¹1
3910 2593 4102 2660 modo
4143 2593 4361 2676 profa-

2406 2698 2567 2743 nam
2616 2699 2844 2743 earum
2893 2677 3316 2744 stoliditatem
3377 2680 3623 2745 imitari
3639 2730 3654 2757 ‚
3720 2700 3942 2745 coram
3993 2678 4361 2745 simulacris

2406 2784 2550 2829 sese
2591 2763 2857 2829 honoris
2889 2783 3085 2831 causa
3118 2764 3618 2846 prosternendo,
3662 2774 3779 2830 aut
3820 2765 4018 2831 aliam
4059 2765 4362 2848 quamvis

2406 2847 2863 2916 observantiae
2887 2850 3432 2934 significationem
3464 2850 3698 2931 dando,
3735 2851 3997 2934 qualem
4032 2851 4207 2930 dare,
4247 2857 4366 2915 aut

2406 2933 2654 3002 nudato
2679 2936 2910 3020 capite,
2936 2943 3051 3003 aut
3071 2956 3249 3021 genu
3271 2937 3445 3003 flexo
3479 2935 3668 3004 nobis
3700 2938 3770 3003 in
3804 2958 3989 3003 more
4025 2944 4143 3004 est.
4212 2934 4365 3018 906

2407 3023 2662 3088 ratione
2704 3022 2821 3089 ubi
2861 3043 3069 3105 puros
3112 3023 3216 3089 sui
3258 3022 3539 3089 cultores
3582 3023 3909 3104 describit,
3959 3025 4040 3090 ab
4085 3024 4210 3091 hac
4251 3045 4362 3089 606

2408 3115 2568 3174 nota
2635 3107 2961 3193 designat:
3029 3105 3427 3191 Servabo,¹)
3493 3109 3712 3193 inquit
3776 3109 3841 3194 <1
3880 3110 4048 3195 Reg.
4093 3114 4190 3189 19,
4236 3114 4311 3174 18
4348 3159 4365 3189 ,

2408 3193 2574 3260 mihi
2596 3203 2850 3279 septem
2870 3194 3079 3259 millia
3101 3195 3415 3262 virorum.
3476 3194 3700 3276 Quid?
3736 3217 3823 3261 an
3860 3217 4141 3279 quorum
4170 3217 4242 3262 co

2409 3301 2539 3345 non
2579 3291 2739 3346 sunt
2770 3282 3062 3346 vanitate
3105 3302 3188 3346 ao
3215 3280 3574 3347 mendaciis
3608 3282 3774 3348 Baal
3815 3280 4181 3347 infatuata?
4228 3302 4365 3347 000

2408 3363 2478 3431 id
2519 3365 2736 3431 modo:
2786 3364 2902 3431 sed
2944 3387 3226 3450 quorum
3261 3387 3479 3451 genua
3520 3388 3659 3432 non
3697 3375 3854 3433 sunt
3895 3377 4166 3434 curvata
4206 3373 4362 3432 ante

2408 3451 2598 3528 Baal,
2633 3459 2701 3517 et
2738 3471 3020 3534 quorum
3055 3471 3173 3516 ora
3203 3472 3338 3518 non
3372 3460 3532 3519 sunt
3564 3453 3860 3519 osculata
3892 3473 4166 3518 manum
4201 3452 4359 3520 eius.

2408 3537 2793 3620 Eodemque
2827 3536 2983 3603 alibi
3019 3537 3334 3623 symbolo,
3380 3559 3584 3622 quum
3626 3537 4108 3623 agnoscendam
4152 3537 4362 3601 omni-

2408 3623 2536 3689 bus
2578 3632 2646 3691 et
2683 3622 3075 3690 coelestibus
3118 3629 3188 3688 61
3230 3624 3647 3690 terrestribus
3664 3675 3681 3702 ,
3727 3632 3793 3688 et
3832 3623 4126 3701 infernis,
4172 3642 4364 3687 suam

2409 3709 2820 3776 maiestatem
2886 3709 3199 3789 affirmat,
3269 3711 3673 3794 agnitionem
3744 3711 3958 3792 ipsam
4023 3707 4362 3791 exprimit:

2410 3794 2585 3862 Mihi
2640 3793 2872 3877 inquit'
2907 3794 3063 3879 (Ies.
3109 3799 3223 3875 45,
3272 3796 3415 3879 23),
3481 3796 3865 3863 curvabitur
3917 3814 4111 3859 omne
4165 3814 4363 3877 genu,

2411 3888 2478 3947 et
2519 3879 2734 3946 omnis
2776 3879 3007 3965 lingua
3032 3882 3103 3946 in
3138 3881 3407 3949 nomine
3440 3902 3588 3947 meo
3630 3879 3887 3946 iurabit.
3960 3878 4106 3961 9110
4135 3885 4366 3945 contra

2412 3967 2716 4045 efficitur,
2758 3966 3184 4033 simulacrum
3221 3968 3302 4033 ab
3336 3968 3419 4033 116
3453 3968 3584 4033 Dei
3621 3966 3935 4058 religione
3977 3965 4362 4045 consecrari,

2411 4054 2526 4137 qui
2569 4051 2707 4118 ullo
2751 4052 3041 4135 corporis
3073 4059 3268 4137 gestu
3301 4054 3442 4119 6106
3477 4051 3732 4120 cultum
3768 4052 4158 4136 significant.
4228 4050 4364 4117 Ne-

2411 4160 2538 4223 que
2581 4138 2666 4204 ad
2721 4159 2952 4204 eorum
2989 4137 3502 4206 convincendam
3544 4138 4174 4231 praevaricationem
4214 4141 4363 4217 [pag.

2420 4240 2446 4289 1
2462 4230 2524 4305 1]
2580 4226 2882 4303 interest,
2941 4244 3070 4307 qua
3113 4224 3182 4291 id
3224 4225 3333 4291 vel
3349 4225 3408 4310 ²)
3452 4224 3895 4303 simulatione,
3942 4224 4049 4290 vel
4093 4224 4362 4288 sinceri·

2410 4318 2548 4382 tate
2586 4310 2845 4377 faciant.
2932 4308 3197 4376 Idolum
3237 4310 3417 4376 enim
3449 4310 3823 4393 quicunque
3857 4318 3960 4376 est
3992 4309 4211 4392 aliqua
4245 4328 4363 4375 ve-

2410 4396 2770 4462 nerationis
2829 4397 3045 4478 specie
3095 4403 3561 4482 prosequutus,
3623 4404 3959 4479 utcunque
4014 4396 4102 4460 sit
4143 4395 4364 4460 animo

2409 4502 2782 4567 persuasus,
2803 4481 3024 4548 Deum
3048 4503 3191 4549 6666
3229 4483 3562 4550 confessus
3596 4489 3712 4548 est.
3779 4481 4170 4549 Divinitatis
4206 4500 4361 4547 vero

2410 4589 2654 4638 nomen
2704 4563 2880 4633 idolo
2929 4569 3043 4652 qui
3096 4569 3353 4648 tribuit,
3398 4566 3545 4633 Deo
3597 4567 3883 4634 sustulit.
3951 4567 4185 4650 Itaque
4227 4574 4364 4632 tres

2409 4654 2507 4718 illi
2530 4653 2830 4719 Danielis
2865 4653 3154 4734 comites,
3197 4654 3426 4737 quanti
3461 4654 3783 4719 eiusmodi
3823 4655 3992 4721 foret
4012 4652 4359 4733 simulatio,

2411 4736 2774 4806 docuerunt
2808 4740 3008 4824 (Dan.
3058 4743 3115 4818 3,
3162 4739 3297 4824 16):
3327 4739 3563 4823 quibus
3584 4760 3819 4824 corpus
3843 4739 4102 4807 accensi
4139 4740 4361 4804 fornae-

2411 4826 2505 4892 cis
2549 4825 2834 4892 flammis
2888 4825 3242 4893 crudeliter
3284 4825 3767 4892 absorbendum
3812 4825 4103 4903 tradere,
4143 4824 4358 4891 levius

2554 5133 2612 5200 1)
2655 5132 2748 5188 Sic
2793 5134 2914 5188 cdd.
2960 5134 3165 5189 latinae
3211 5150 3410 5190 omnes.
3493 5136 3681 5190 Verst’o
3717 5134 3917 5203 qallica
3950 5132 4080 5185 bene
4115 5131 4359 5201 archety-
4414 5167 4426 5175 -

2406 5219 2545 5273 pun
2590 5203 2776 5257 vertit.-
2821 5204 2873 5257 ie
2908 5217 2993 5257 me
3031 5204 3143 5257 suis
3177 5206 3410 5259 reserve.
3616 5202 3678 5270 2)
3715 5203 3828 5269 vel,
3876 5201 4133 5254 mittunt
4176 5214 4364 5254 omnes

2411 5277 2630 5341 praeter
2669 5270 2779 5325 Ea.
2806 5272 3127 5340 principem.
3854 5351 3950 5405 16*
