<?xml version="1.0" encoding="UTF-8"?>
<!DOCTYPE html PUBLIC "-//W3C//DTD XHTML 1.0 Transitional//EN"
    "http://www.w3.org/TR/xhtml1/DTD/xhtml1-transitional.dtd">
<html xmlns="http://www.w3.org/1999/xhtml" xml:lang="en" lang="en">
 <head>
  <title>
</title>
<meta http-equiv="Content-Type" content="text/html;charset=utf-8" />
  <meta name='ocr-system' content='tesseract 3.04.00' />
  <meta name='ocr-capabilities' content='ocr_page ocr_carea ocr_par ocr_line ocrx_word'/>
</head>
<body>
  <div class='ocr_page' id='page_1' title='image "./ioanniscalvinio14unkngoog_0238.png"; bbox 0 0 4984 5975; ppageno 0'>
   <div class='ocr_carea' id='block_1_1' title="bbox 59 5405 69 5938">
    <p class='ocr_par' dir='ltr' id='par_1_1' title="bbox 59 5405 69 5938">
     <span class='ocr_line' id='line_1_1' title="bbox 59 5405 69 5938; baseline 0 0"><span class='ocrx_word' id='word_1_1' title='bbox 59 5405 69 5938; x_wconf 95' lang='lat' dir='ltr'><strong><em> </em></strong></span> 
     </span>
    </p>
   </div>
   <div class='ocr_carea' id='block_1_2' title="bbox 635 350 755 412">
    <p class='ocr_par' dir='ltr' id='par_1_2' title="bbox 635 350 755 412">
     <span class='ocr_line' id='line_1_2' title="bbox 635 350 755 412; baseline -0.008 0"><span class='ocrx_word' id='word_1_2' title='bbox 635 350 755 412; x_wconf 84' lang='lat'><strong><em>351</em></strong></span> 
     </span>
    </p>
   </div>
   <div class='ocr_carea' id='block_1_3' title="bbox 558 526 2597 3097">
    <p class='ocr_par' dir='ltr' id='par_1_3' title="bbox 558 526 2597 3097">
     <span class='ocr_line' id='line_1_3' title="bbox 639 526 2592 612; baseline -0.005 -12"><span class='ocrx_word' id='word_1_3' title='bbox 639 534 881 612; x_wconf 87' lang='lat' dir='ltr'><strong><em>hiberi,</em></strong></span> <span class='ocrx_word' id='word_1_4' title='bbox 937 552 1070 597; x_wconf 91' lang='lat' dir='ltr'><strong><em>non</em></strong></span> <span class='ocrx_word' id='word_1_5' title='bbox 1113 551 1299 596; x_wconf 88' lang='lat' dir='ltr'><strong><em>secus</em></strong></span> <span class='ocrx_word' id='word_1_6' title='bbox 1343 550 1418 595; x_wconf 89' lang='lat' dir='ltr'><strong><em>ac</em></strong></span> <span class='ocrx_word' id='word_1_7' title='bbox 1464 530 1521 594; x_wconf 83' lang='lat' dir='ltr'><strong><em>si</em></strong></span> <span class='ocrx_word' id='word_1_8' title='bbox 1562 549 1876 612; x_wconf 89' lang='lat' dir='ltr'><strong><em>praesens</em></strong></span> <span class='ocrx_word' id='word_1_9' title='bbox 1921 527 2060 611; x_wconf 89' lang='lat' dir='ltr'><strong><em>ipse</em></strong></span> <span class='ocrx_word' id='word_1_10' title='bbox 2105 526 2394 609; x_wconf 84' lang='lat' dir='ltr'><strong><em>aspectui</em></strong></span> <span class='ocrx_word' id='word_1_11' title='bbox 2442 546 2592 590; x_wconf 91' lang='lat' dir='ltr'><strong><em>nos-</em></strong></span> 
     </span>
     <span class='ocr_line' id='line_1_4' title="bbox 640 613 2595 694; baseline -0.006 -9"><span class='ocrx_word' id='word_1_12' title='bbox 640 629 743 685; x_wconf 91' lang='lat' dir='ltr'><strong><em>tro</em></strong></span> <span class='ocrx_word' id='word_1_13' title='bbox 809 618 1226 694; x_wconf 89' lang='lat' dir='ltr'><strong><em>obiiceretur,</em></strong></span> <span class='ocrx_word' id='word_1_14' title='bbox 1309 636 1384 681; x_wconf 88' lang='lat' dir='ltr'><strong><em>ac</em></strong></span> <span class='ocrx_word' id='word_1_15' title='bbox 1457 613 1761 680; x_wconf 87' lang='lat' dir='ltr'><strong><em>manibus</em></strong></span> <span class='ocrx_word' id='word_1_16' title='bbox 1843 620 2332 679; x_wconf 76' lang='lat' dir='ltr'><strong>attrectaretur:</strong></span> <span class='ocrx_word' id='word_1_17' title='bbox 2413 615 2595 693; x_wconf 79' lang='lat' dir='ltr'><strong><em>atque</em></strong></span> 
     </span>
     <span class='ocr_line' id='line_1_5' title="bbox 638 697 2596 786; baseline -0.004 -15"><span class='ocrx_word' id='word_1_18' title='bbox 638 705 793 771; x_wconf 83' lang='lat' dir='ltr'><strong><em>adeo</em></strong></span> <span class='ocrx_word' id='word_1_19' title='bbox 819 703 870 786; x_wconf 87' lang='lat'><strong><em>¹)</em></strong></span> <span class='ocrx_word' id='word_1_20' title='bbox 923 707 1099 767; x_wconf 76' lang='lat' dir='ltr'><strong><em>tanta</em></strong></span> <span class='ocrx_word' id='word_1_21' title='bbox 1150 702 1403 781; x_wconf 83' lang='lat' dir='ltr'><strong><em>virtute,</em></strong></span> <span class='ocrx_word' id='word_1_22' title='bbox 1447 704 1740 782; x_wconf 74' lang='lat' dir='ltr'><strong><em>tantaque</em></strong></span> <span class='ocrx_word' id='word_1_23' title='bbox 1782 698 2097 782; x_wconf 78' lang='lat' dir='ltr'><strong><em>efficacia,</em></strong></span> <span class='ocrx_word' id='word_1_24' title='bbox 2142 703 2212 762; x_wconf 83' lang='lat' dir='ltr'><strong><em>ut</em></strong></span> <span class='ocrx_word' id='word_1_25' title='bbox 2252 718 2376 763; x_wconf 78' lang='lat' dir='ltr'><strong><em>non</em></strong></span> <span class='ocrx_word' id='word_1_26' title='bbox 2414 697 2596 763; x_wconf 89' lang='lat' dir='ltr'><strong><em>modo</em></strong></span> 
     </span>
     <span class='ocr_line' id='line_1_6' title="bbox 639 783 2596 867; baseline -0.005 -11"><span class='ocrx_word' id='word_1_27' title='bbox 639 789 1059 856; x_wconf 76' lang='lat' dir='ltr'><strong><em>indubitatam</em></strong></span> <span class='ocrx_word' id='word_1_28' title='bbox 1121 787 1285 852; x_wconf 85' lang='lat' dir='ltr'><strong><em>vitae</em></strong></span> <span class='ocrx_word' id='word_1_29' title='bbox 1357 791 1643 852; x_wconf 74' lang='lat' dir='ltr'><strong><em>aeternae</em></strong></span> <span class='ocrx_word' id='word_1_30' title='bbox 1701 785 2005 867; x_wconf 74' lang='lat' dir='ltr'><strong><em>fiduciam</em></strong></span> <span class='ocrx_word' id='word_1_31' title='bbox 2071 784 2309 849; x_wconf 78' lang='lat' dir='ltr'><strong><em>animis</em></strong></span> <span class='ocrx_word' id='word_1_32' title='bbox 2363 783 2596 848; x_wconf 84' lang='lat' dir='ltr'><strong><em>nostris</em></strong></span> 
     </span>
     <span class='ocr_line' id='line_1_7' title="bbox 638 870 2596 958; baseline -0.004 -17"><span class='ocrx_word' id='word_1_33' title='bbox 638 877 898 958; x_wconf 83' lang='lat' dir='ltr'><strong><em>afferat.-</em></strong></span> <span class='ocrx_word' id='word_1_34' title='bbox 950 873 1060 940; x_wconf 91' lang='lat' dir='ltr'><strong><em>sed</em></strong></span> <span class='ocrx_word' id='word_1_35' title='bbox 1103 872 1179 938; x_wconf 87' lang='lat' dir='ltr'><strong><em>de</em></strong></span> <span class='ocrx_word' id='word_1_36' title='bbox 1219 873 1433 937; x_wconf 72' lang='lat' dir='ltr'><strong><em>carnis</em></strong></span> <span class='ocrx_word' id='word_1_37' title='bbox 1474 872 1657 937; x_wconf 84' lang='lat' dir='ltr'><strong><em>etiam</em></strong></span> <span class='ocrx_word' id='word_1_38' title='bbox 1702 876 1950 937; x_wconf 81' lang='lat' dir='ltr'><strong><em>nostrae</em></strong></span> <span class='ocrx_word' id='word_1_39' title='bbox 2002 870 2464 935; x_wconf 75' lang='lat' dir='ltr'><strong><em>immortalitate</em></strong></span> <span class='ocrx_word' id='word_1_40' title='bbox 2506 889 2596 933; x_wconf 89' lang='lat' dir='ltr'><strong><em>se-</em></strong></span> 
     </span>
     <span class='ocr_line' id='line_1_8' title="bbox 638 956 2596 1039; baseline -0.004 -13"><span class='ocrx_word' id='word_1_41' title='bbox 638 980 820 1027; x_wconf 82' lang='lat' dir='ltr'><strong><em>curos</em></strong></span> <span class='ocrx_word' id='word_1_42' title='bbox 862 980 973 1024; x_wconf 77' lang='lat' dir='ltr'><strong><em>nos</em></strong></span> <span class='ocrx_word' id='word_1_43' title='bbox 1017 959 1252 1024; x_wconf 83' lang='lat' dir='ltr'><strong><em>reddat.</em></strong></span> <span class='ocrx_word' id='word_1_44' title='bbox 1336 956 1662 1039; x_wconf 75' lang='lat' dir='ltr'><strong><em>Siquidem</em></strong></span> <span class='ocrx_word' id='word_1_45' title='bbox 1703 957 1782 1022; x_wconf 90' lang='lat' dir='ltr'><strong><em>ab</em></strong></span> <span class='ocrx_word' id='word_1_46' title='bbox 1841 956 2180 1022; x_wconf 87' lang='lat' dir='ltr'><strong><em>immortali</em></strong></span> <span class='ocrx_word' id='word_1_47' title='bbox 2232 956 2371 1021; x_wconf 79' lang='lat' dir='ltr'><strong><em>eius</em></strong></span> <span class='ocrx_word' id='word_1_48' title='bbox 2411 975 2596 1021; x_wconf 78' lang='lat' dir='ltr'><strong><em>carne</em></strong></span> 
     </span>
     <span class='ocr_line' id='line_1_9' title="bbox 640 1040 2597 1127; baseline -0.004 -16"><span class='ocrx_word' id='word_1_49' title='bbox 640 1048 775 1113; x_wconf 85' lang='lat' dir='ltr'><strong><em>iam</em></strong></span> <span class='ocrx_word' id='word_1_50' title='bbox 827 1044 1186 1127; x_wconf 78' lang='lat' dir='ltr'><strong><em>vivificatur</em></strong></span> <span class='ocrx_word' id='word_1_51' title='bbox 1201 1095 1215 1120; x_wconf 84' lang='lat'><em>‚</em></span> <span class='ocrx_word' id='word_1_52' title='bbox 1294 1049 1348 1109; x_wconf 84' lang='lat' dir='ltr'><strong><em>et</em></strong></span> <span class='ocrx_word' id='word_1_53' title='bbox 1425 1042 1873 1125; x_wconf 80' lang='lat' dir='ltr'><strong><em>quodammodo</em></strong></span> <span class='ocrx_word' id='word_1_54' title='bbox 1939 1043 2077 1107; x_wconf 83' lang='lat' dir='ltr'><strong><em>eius</em></strong></span> <span class='ocrx_word' id='word_1_55' title='bbox 2132 1040 2597 1106; x_wconf 67' lang='lat' dir='ltr'><strong><em>immmtalitati</em></strong></span> 
     </span>
     <span class='ocr_line' id='line_1_10' title="bbox 558 1129 2595 1212; baseline -0.005 -13"><span class='ocrx_word' id='word_1_56' title='bbox 558 1135 569 1150; x_wconf 81' lang='lat'><strong><em>‘</em></strong></span> <span class='ocrx_word' id='word_1_57' title='bbox 638 1133 1059 1198; x_wconf 76' lang='lat' dir='ltr'><strong><em>communicat.</em></strong></span> <span class='ocrx_word' id='word_1_58' title='bbox 1155 1129 1443 1196; x_wconf 83' lang='lat' dir='ltr'>Proinde</span> <span class='ocrx_word' id='word_1_59' title='bbox 1497 1129 1617 1196; x_wconf 89' lang='lat' dir='ltr'><strong><em>sub</em></strong></span> <span class='ocrx_word' id='word_1_60' title='bbox 1674 1149 1841 1212; x_wconf 90' lang='lat' dir='ltr'><strong><em>pane</em></strong></span> <span class='ocrx_word' id='word_1_61' title='bbox 1901 1136 1968 1192; x_wconf 92' lang='lat' dir='ltr'><strong><em>et</em></strong></span> <span class='ocrx_word' id='word_1_62' title='bbox 2010 1129 2165 1192; x_wconf 86' lang='lat' dir='ltr'><strong><em>vino</em></strong></span> <span class='ocrx_word' id='word_1_63' title='bbox 2209 1145 2595 1209; x_wconf 89' lang='lat' dir='ltr'><strong><em>repraesen-</em></strong></span> 
     </span>
     <span class='ocr_line' id='line_1_11' title="bbox 637 1209 2595 1301; baseline -0.004 -17"><span class='ocrx_word' id='word_1_64' title='bbox 637 1225 865 1283; x_wconf 78' lang='lat' dir='ltr'><strong>tantur</strong></span> <span class='ocrx_word' id='word_1_65' title='bbox 909 1238 1144 1299; x_wconf 89' lang='lat' dir='ltr'><strong><em>corpus</em></strong></span> <span class='ocrx_word' id='word_1_66' title='bbox 1184 1226 1251 1281; x_wconf 90' lang='lat' dir='ltr'><strong><em>et</em></strong></span> <span class='ocrx_word' id='word_1_67' title='bbox 1296 1217 1581 1301; x_wconf 85' lang='lat' dir='ltr'><strong><em>sanguis.</em></strong></span> <span class='ocrx_word' id='word_1_68' title='bbox 1644 1214 1795 1296; x_wconf 79' lang='lat' dir='ltr'><strong><em>Quo</em></strong></span> <span class='ocrx_word' id='word_1_69' title='bbox 1836 1213 2180 1292; x_wconf 89' lang='lat' dir='ltr'><strong><em>discamus,</em></strong></span> <span class='ocrx_word' id='word_1_70' title='bbox 2226 1234 2361 1278; x_wconf 92' lang='lat' dir='ltr'><strong><em>non</em></strong></span> <span class='ocrx_word' id='word_1_71' title='bbox 2404 1209 2595 1276; x_wconf 91' lang='lat' dir='ltr'><strong><em>modo</em></strong></span> 
     </span>
     <span class='ocr_line' id='line_1_12' title="bbox 636 1298 2593 1381; baseline -0.005 -11"><span class='ocrx_word' id='word_1_72' title='bbox 636 1310 861 1370; x_wconf 87' lang='lat' dir='ltr'><strong><em>nostra</em></strong></span> <span class='ocrx_word' id='word_1_73' title='bbox 902 1325 1077 1381; x_wconf 89' lang='lat' dir='ltr'><strong><em>esse,</em></strong></span> <span class='ocrx_word' id='word_1_74' title='bbox 1124 1301 1241 1368; x_wconf 89' lang='lat' dir='ltr'><strong><em>sed</em></strong></span> <span class='ocrx_word' id='word_1_75' title='bbox 1283 1300 1471 1367; x_wconf 91' lang='lat' dir='ltr'><strong><em>nobis</em></strong></span> <span class='ocrx_word' id='word_1_76' title='bbox 1514 1322 1655 1366; x_wconf 89' lang='lat' dir='ltr'><strong><em>esse</em></strong></span> <span class='ocrx_word' id='word_1_77' title='bbox 1709 1301 1779 1365; x_wconf 91' lang='lat' dir='ltr'><strong><em>in</em></strong></span> <span class='ocrx_word' id='word_1_78' title='bbox 1826 1300 2030 1366; x_wconf 87' lang='lat' dir='ltr'><strong><em>vitam</em></strong></span> <span class='ocrx_word' id='word_1_79' title='bbox 2076 1308 2141 1364; x_wconf 90' lang='lat' dir='ltr'><strong><em>et</em></strong></span> <span class='ocrx_word' id='word_1_80' title='bbox 2185 1298 2593 1375; x_wconf 83' lang='lat' dir='ltr'><strong>alimentum,</strong></span> 
     </span>
     <span class='ocr_line' id='line_1_13' title="bbox 639 1383 2594 1473; baseline -0.005 -17"><span class='ocrx_word' id='word_1_81' title='bbox 639 1391 760 1466; x_wconf 89' lang='lat' dir='ltr'><strong><em>sic,</em></strong></span> <span class='ocrx_word' id='word_1_82' title='bbox 807 1410 1013 1473; x_wconf 89' lang='lat' dir='ltr'><strong><em>quum</em></strong></span> <span class='ocrx_word' id='word_1_83' title='bbox 1058 1408 1297 1473; x_wconf 89' lang='lat' dir='ltr'><strong><em>panem</em></strong></span> <span class='ocrx_word' id='word_1_84' title='bbox 1340 1387 1640 1453; x_wconf 81' lang='lat' dir='ltr'><strong><em>videmus</em></strong></span> <span class='ocrx_word' id='word_1_85' title='bbox 1692 1388 1764 1450; x_wconf 93' lang='lat' dir='ltr'><strong><em>in</em></strong></span> <span class='ocrx_word' id='word_1_86' title='bbox 1809 1389 1956 1466; x_wconf 76' lang='lat' dir='ltr'><strong><em>[pag.</em></strong></span> <span class='ocrx_word' id='word_1_87' title='bbox 1999 1389 2104 1464; x_wconf 86' lang='lat'><strong><em>46]</em></strong></span> <span class='ocrx_word' id='word_1_88' title='bbox 2151 1383 2405 1451; x_wconf 79' lang='lat' dir='ltr'><strong>Christi</strong></span> <span class='ocrx_word' id='word_1_89' title='bbox 2451 1404 2594 1448; x_wconf 89' lang='lat' dir='ltr'><strong><em>cor·</em></strong></span> 
     </span>
     <span class='ocr_line' id='line_1_14' title="bbox 636 1469 2595 1560; baseline -0.005 -19"><span class='ocrx_word' id='word_1_90' title='bbox 636 1496 796 1560; x_wconf 89' lang='lat' dir='ltr'><strong><em>pore</em></strong></span> <span class='ocrx_word' id='word_1_91' title='bbox 851 1474 1361 1550; x_wconf 79' lang='lat' dir='ltr'><strong><em>sanctificatum,</em></strong></span> <span class='ocrx_word' id='word_1_92' title='bbox 1420 1473 1642 1557; x_wconf 75' lang='lat' dir='ltr'><strong><em>haec2)</em></strong></span> <span class='ocrx_word' id='word_1_93' title='bbox 1681 1472 1896 1537; x_wconf 85' lang='lat' dir='ltr'><strong><em>statim</em></strong></span> <span class='ocrx_word' id='word_1_94' title='bbox 1936 1471 2336 1553; x_wconf 78' lang='lat' dir='ltr'><strong><em>concipienda</em></strong></span> <span class='ocrx_word' id='word_1_95' title='bbox 2378 1474 2468 1534; x_wconf 89' lang='lat' dir='ltr'><strong><em>est</em></strong></span> <span class='ocrx_word' id='word_1_96' title='bbox 2508 1469 2595 1532; x_wconf 86' lang='lat' dir='ltr'><strong><em>si-</em></strong></span> 
     </span>
     <span class='ocr_line' id='line_1_15' title="bbox 638 1555 2595 1641; baseline -0.004 -16"><span class='ocrx_word' id='word_1_97' title='bbox 638 1561 945 1626; x_wconf 83' lang='lat' dir='ltr'><strong><em>militudo.</em></strong></span> <span class='ocrx_word' id='word_1_98' title='bbox 1042 1559 1119 1626; x_wconf 90' lang='lat' dir='ltr'><strong><em>Ut</em></strong></span> <span class='ocrx_word' id='word_1_99' title='bbox 1169 1560 1443 1641; x_wconf 76' lang='lat' dir='ltr'><strong><em>corporis</em></strong></span> <span class='ocrx_word' id='word_1_100' title='bbox 1494 1559 1695 1624; x_wconf 78' lang='lat' dir='ltr'><strong><em>nostri</em></strong></span> <span class='ocrx_word' id='word_1_101' title='bbox 1752 1558 1946 1622; x_wconf 83' lang='lat' dir='ltr'><strong><em>vitam</em></strong></span> <span class='ocrx_word' id='word_1_102' title='bbox 1976 1557 2178 1639; x_wconf 80' lang='lat' dir='ltr'><strong><em>panis</em></strong></span> <span class='ocrx_word' id='word_1_103' title='bbox 2222 1556 2365 1635; x_wconf 87' lang='lat' dir='ltr'><strong><em>alit,</em></strong></span> <span class='ocrx_word' id='word_1_104' title='bbox 2406 1555 2595 1619; x_wconf 80' lang='lat' dir='ltr'><strong><em>susti-</em></strong></span> 
     </span>
     <span class='ocr_line' id='line_1_16' title="bbox 642 1641 2594 1726; baseline -0.004 -14"><span class='ocrx_word' id='word_1_105' title='bbox 642 1652 762 1726; x_wconf 78' lang='lat' dir='ltr'><strong><em>net,</em></strong></span> <span class='ocrx_word' id='word_1_106' title='bbox 807 1652 1039 1712; x_wconf 77' lang='lat' dir='ltr'><strong><em>tuetur.-</em></strong></span> <span class='ocrx_word' id='word_1_107' title='bbox 1094 1646 1189 1710; x_wconf 88' lang='lat' dir='ltr'><strong><em>ita</em></strong></span> <span class='ocrx_word' id='word_1_108' title='bbox 1236 1643 1472 1711; x_wconf 75' lang='lat' dir='ltr'><strong><em>Christi</em></strong></span> <span class='ocrx_word' id='word_1_109' title='bbox 1515 1663 1753 1726; x_wconf 70' lang='lat' dir='ltr'><strong><em>corpu-5,</em></strong></span> <span class='ocrx_word' id='word_1_110' title='bbox 1798 1644 1963 1707; x_wconf 84' lang='lat' dir='ltr'><strong><em>vitae</em></strong></span> <span class='ocrx_word' id='word_1_111' title='bbox 2004 1646 2252 1708; x_wconf 81' lang='lat' dir='ltr'><strong><em>nostrae</em></strong></span> <span class='ocrx_word' id='word_1_112' title='bbox 2293 1641 2594 1723; x_wconf 83' lang='lat' dir='ltr'><strong><em>spiritua-</em></strong></span> 
     </span>
     <span class='ocr_line' id='line_1_17' title="bbox 639 1727 2595 1813; baseline -0.004 -15"><span class='ocrx_word' id='word_1_113' title='bbox 639 1734 726 1798; x_wconf 87' lang='lat' dir='ltr'><strong><em>lis</em></strong></span> <span class='ocrx_word' id='word_1_114' title='bbox 767 1732 970 1797; x_wconf 76' lang='lat' dir='ltr'><strong><em>eibum</em></strong></span> <span class='ocrx_word' id='word_1_115' title='bbox 1012 1751 1085 1796; x_wconf 84' lang='lat' dir='ltr'><strong><em>ac</em></strong></span> <span class='ocrx_word' id='word_1_116' title='bbox 1119 1731 1556 1813; x_wconf 81' lang='lat' dir='ltr'><strong><em>protectionem</em></strong></span> <span class='ocrx_word' id='word_1_117' title='bbox 1597 1749 1743 1795; x_wconf 88' lang='lat' dir='ltr'><strong><em>esse.</em></strong></span> <span class='ocrx_word' id='word_1_118' title='bbox 1819 1728 2023 1810; x_wconf 70' lang='lat' dir='ltr'><strong><em>Quum</em></strong></span> <span class='ocrx_word' id='word_1_119' title='bbox 2068 1728 2281 1792; x_wconf 78' lang='lat' dir='ltr'><strong><em>vinum</em></strong></span> <span class='ocrx_word' id='word_1_120' title='bbox 2324 1727 2395 1792; x_wconf 77' lang='lat' dir='ltr'><strong><em>in</em></strong></span> <span class='ocrx_word' id='word_1_121' title='bbox 2431 1746 2595 1809; x_wconf 76' lang='lat' dir='ltr'><strong><em>sym-</em></strong></span> 
     </span>
     <span class='ocr_line' id='line_1_18' title="bbox 637 1813 2591 1901; baseline -0.004 -18"><span class='ocrx_word' id='word_1_122' title='bbox 637 1818 842 1883; x_wconf 84' lang='lat' dir='ltr'><strong><em>bolum</em></strong></span> <span class='ocrx_word' id='word_1_123' title='bbox 895 1817 1230 1901; x_wconf 71' lang='lat' dir='ltr'><strong><em>sanquinis</em></strong></span> <span class='ocrx_word' id='word_1_124' title='bbox 1280 1816 1638 1899; x_wconf 86' lang='lat' dir='ltr'><strong><em>profertur,</em></strong></span> <span class='ocrx_word' id='word_1_125' title='bbox 1695 1834 1848 1896; x_wconf 79' lang='lat' dir='ltr'><strong><em>quos</em></strong></span> <span class='ocrx_word' id='word_1_126' title='bbox 1900 1814 2080 1896; x_wconf 84' lang='lat' dir='ltr'><strong><em>affert</em></strong></span> <span class='ocrx_word' id='word_1_127' title='bbox 2134 1813 2375 1895; x_wconf 78' lang='lat' dir='ltr'><strong><em>corpori</em></strong></span> <span class='ocrx_word' id='word_1_128' title='bbox 2418 1832 2591 1891; x_wconf 80' lang='lat' dir='ltr'><strong><em>usas,</em></strong></span> 
     </span>
     <span class='ocr_line' id='line_1_19' title="bbox 637 1898 2593 1985; baseline -0.005 -15"><span class='ocrx_word' id='word_1_129' title='bbox 637 1905 876 1970; x_wconf 87' lang='lat' dir='ltr'><strong><em>eosdem</em></strong></span> <span class='ocrx_word' id='word_1_130' title='bbox 919 1902 1342 1985; x_wconf 77' lang='lat' dir='ltr'><strong><em>spiritualiter</em></strong></span> <span class='ocrx_word' id='word_1_131' title='bbox 1389 1899 1628 1967; x_wconf 76' lang='lat' dir='ltr'><strong><em>Christi</em></strong></span> <span class='ocrx_word' id='word_1_132' title='bbox 1668 1901 1975 1983; x_wconf 69' lang='lat' dir='ltr'><strong><em>sanquine</em></strong></span> <span class='ocrx_word' id='word_1_133' title='bbox 2018 1898 2193 1965; x_wconf 82' lang='lat' dir='ltr'><strong><em>nobis</em></strong></span> <span class='ocrx_word' id='word_1_134' title='bbox 2234 1898 2453 1981; x_wconf 80' lang='lat' dir='ltr'><strong><em>afferri</em></strong></span> <span class='ocrx_word' id='word_1_135' title='bbox 2497 1918 2593 1961; x_wconf 88' lang='lat' dir='ltr'><strong><em>re-</em></strong></span> 
     </span>
     <span class='ocr_line' id='line_1_20' title="bbox 626 1986 2595 2074; baseline -0.004 -19"><span class='ocrx_word' id='word_1_136' title='bbox 626 1996 942 2074; x_wconf 79' lang='lat' dir='ltr'><strong><em>putemus.</em></strong></span> <span class='ocrx_word' id='word_1_137' title='bbox 1017 1988 1225 2053; x_wconf 90' lang='lat' dir='ltr'><strong><em>Porro</em></strong></span> <span class='ocrx_word' id='word_1_138' title='bbox 1267 1987 1393 2052; x_wconf 90' lang='lat' dir='ltr'><strong><em>hoc</em></strong></span> <span class='ocrx_word' id='word_1_139' title='bbox 1436 2009 1504 2052; x_wconf 94' lang='lat' dir='ltr'><strong><em>m</em></strong></span> <span class='ocrx_word' id='word_1_140' title='bbox 1554 1986 1858 2065; x_wconf 91' lang='lat' dir='ltr'><strong><em>sterium,</em></strong></span> <span class='ocrx_word' id='word_1_141' title='bbox 1908 1992 1984 2049; x_wconf 88' lang='lat' dir='ltr'><strong><em>ut</em></strong></span> <span class='ocrx_word' id='word_1_142' title='bbox 2025 1993 2127 2050; x_wconf 90' lang='lat' dir='ltr'><strong><em>est</em></strong></span> <span class='ocrx_word' id='word_1_143' title='bbox 2168 1992 2390 2049; x_wconf 87' lang='lat' dir='ltr'><strong><em>tantae</em></strong></span> <span class='ocrx_word' id='word_1_144' title='bbox 2434 2004 2595 2067; x_wconf 88' lang='lat' dir='ltr'><strong><em>erga</em></strong></span> 
     </span>
     <span class='ocr_line' id='line_1_21' title="bbox 637 2069 2595 2157; baseline -0.004 -16"><span class='ocrx_word' id='word_1_145' title='bbox 637 2098 759 2141; x_wconf 85' lang='lat' dir='ltr'><strong><em>nos</em></strong></span> <span class='ocrx_word' id='word_1_146' title='bbox 805 2076 1066 2140; x_wconf 84' lang='lat' dir='ltr'><strong><em>divinae</em></strong></span> <span class='ocrx_word' id='word_1_147' title='bbox 1108 2072 1433 2157; x_wconf 85' lang='lat' dir='ltr'><strong><em>largitatis</em></strong></span> <span class='ocrx_word' id='word_1_148' title='bbox 1523 2077 1950 2138; x_wconf 88' lang='lat' dir='ltr'><strong><em>ocumentum</em></strong></span> <span class='ocrx_word' id='word_1_149' title='bbox 1964 2123 1981 2150; x_wconf 91' lang='lat'><strong><em>,</em></strong></span> <span class='ocrx_word' id='word_1_150' title='bbox 2039 2072 2130 2135; x_wconf 89' lang='lat' dir='ltr'><strong><em>ita</em></strong></span> <span class='ocrx_word' id='word_1_151' title='bbox 2172 2069 2363 2135; x_wconf 78' lang='lat' dir='ltr'><strong><em>simul</em></strong></span> <span class='ocrx_word' id='word_1_152' title='bbox 2382 2071 2439 2152; x_wconf 82' lang='lat'><strong><em>⁸)</em></strong></span> <span class='ocrx_word' id='word_1_153' title='bbox 2484 2069 2595 2133; x_wconf 86' lang='lat' dir='ltr'><strong><em>ad-</em></strong></span> 
     </span>
     <span class='ocr_line' id='line_1_22' title="bbox 638 2157 2593 2242; baseline -0.005 -15"><span class='ocrx_word' id='word_1_154' title='bbox 638 2182 884 2228; x_wconf 82' lang='lat' dir='ltr'><strong><em>monere</em></strong></span> <span class='ocrx_word' id='word_1_155' title='bbox 925 2161 1106 2238; x_wconf 87' lang='lat' dir='ltr'><strong><em>debet,</em></strong></span> <span class='ocrx_word' id='word_1_156' title='bbox 1152 2181 1228 2223; x_wconf 75' lang='lat' dir='ltr'><strong><em>ne</em></strong></span> <span class='ocrx_word' id='word_1_157' title='bbox 1267 2164 1396 2223; x_wconf 87' lang='lat' dir='ltr'><strong><em>tam</em></strong></span> <span class='ocrx_word' id='word_1_158' title='bbox 1438 2158 1671 2240; x_wconf 77' lang='lat' dir='ltr'><strong><em>effusae</em></strong></span> <span class='ocrx_word' id='word_1_159' title='bbox 1701 2157 2063 2242; x_wconf 75' lang='lat' dir='ltr'><strong><em>beniynitati</em></strong></span> <span class='ocrx_word' id='word_1_160' title='bbox 2102 2157 2338 2240; x_wconf 77' lang='lat' dir='ltr'><strong><em>inyrati</em></strong></span> <span class='ocrx_word' id='word_1_161' title='bbox 2372 2157 2593 2220; x_wconf 79' lang='lat' dir='ltr'><strong><em>simus.</em></strong></span> 
     </span>
     <span class='ocr_line' id='line_1_23' title="bbox 648 2242 2596 2330; baseline -0.003 -18"><span class='ocrx_word' id='word_1_162' title='bbox 648 2248 816 2330; x_wconf 77' lang='lat' dir='ltr'><strong><em>Quin</em></strong></span> <span class='ocrx_word' id='word_1_163' title='bbox 855 2248 1076 2328; x_wconf 77' lang='lat' dir='ltr'><strong><em>potius</em></strong></span> <span class='ocrx_word' id='word_1_164' title='bbox 1130 2266 1299 2325; x_wconf 85' lang='lat' dir='ltr'><strong><em>eam,</em></strong></span> <span class='ocrx_word' id='word_1_165' title='bbox 1353 2244 1580 2327; x_wconf 74' lang='lat' dir='ltr'><strong><em>quibus</em></strong></span> <span class='ocrx_word' id='word_1_166' title='bbox 1620 2265 1755 2326; x_wconf 81' lang='lat' dir='ltr'><strong><em>par</em></strong></span> <span class='ocrx_word' id='word_1_167' title='bbox 1795 2248 1883 2307; x_wconf 88' lang='lat' dir='ltr'><strong><em>est</em></strong></span> <span class='ocrx_word' id='word_1_168' title='bbox 1936 2242 2236 2308; x_wconf 80' lang='lat' dir='ltr'><strong><em>laudibus</em></strong></span> <span class='ocrx_word' id='word_1_169' title='bbox 2270 2242 2596 2324; x_wconf 88' lang='lat' dir='ltr'><strong><em>praedice-</em></strong></span> 
     </span>
     <span class='ocr_line' id='line_1_24' title="bbox 638 2328 2594 2418; baseline -0.004 -20"><span class='ocrx_word' id='word_1_170' title='bbox 638 2353 809 2413; x_wconf 77' lang='lat' dir='ltr'><strong><em>mus,</em></strong></span> <span class='ocrx_word' id='word_1_171' title='bbox 861 2332 1337 2418; x_wconf 58' lang='lat' dir='ltr'><strong><em>meliorumque</em></strong></span> <span class='ocrx_word' id='word_1_172' title='bbox 1388 2331 1622 2396; x_wconf 79' lang='lat' dir='ltr'><strong><em>actione</em></strong></span> <span class='ocrx_word' id='word_1_173' title='bbox 1669 2328 2052 2394; x_wconf 82' lang='lat' dir='ltr'><strong><em>celebremus.</em></strong></span> <span class='ocrx_word' id='word_1_174' title='bbox 2130 2329 2301 2393; x_wconf 79' lang='lat' dir='ltr'><strong><em>Tum</em></strong></span> <span class='ocrx_word' id='word_1_175' title='bbox 2347 2334 2422 2392; x_wconf 86' lang='lat' dir='ltr'><strong><em>ut</em></strong></span> <span class='ocrx_word' id='word_1_176' title='bbox 2473 2348 2594 2391; x_wconf 91' lang='lat' dir='ltr'><strong><em>nos</em></strong></span> 
     </span>
     <span class='ocr_line' id='line_1_25' title="bbox 639 2412 2593 2500; baseline -0.005 -14"><span class='ocrx_word' id='word_1_177' title='bbox 639 2420 928 2486; x_wconf 83' lang='lat' dir='ltr'><strong><em>vicissim</em></strong></span> <span class='ocrx_word' id='word_1_178' title='bbox 971 2439 1049 2483; x_wconf 88' lang='lat' dir='ltr'><strong><em>ea</em></strong></span> <span class='ocrx_word' id='word_1_179' title='bbox 1086 2417 1559 2500; x_wconf 77' lang='lat' dir='ltr'><strong><em>amplectamur</em></strong></span> <span class='ocrx_word' id='word_1_180' title='bbox 1602 2415 1850 2480; x_wconf 90' lang='lat' dir='ltr'><strong><em>unitate</em></strong></span> <span class='ocrx_word' id='word_1_181' title='bbox 1864 2466 1881 2493; x_wconf 89' lang='lat'><strong><em>,</em></strong></span> <span class='ocrx_word' id='word_1_182' title='bbox 1936 2435 2066 2498; x_wconf 89' lang='lat' dir='ltr'><strong><em>qua</em></strong></span> <span class='ocrx_word' id='word_1_183' title='bbox 2109 2423 2447 2498; x_wconf 88' lang='lat' dir='ltr'><strong><em>compacta</em></strong></span> <span class='ocrx_word' id='word_1_184' title='bbox 2488 2412 2593 2476; x_wconf 89' lang='lat' dir='ltr'><strong><em>in·</em></strong></span> 
     </span>
     <span class='ocr_line' id='line_1_26' title="bbox 640 2498 2591 2587; baseline -0.004 -16"><span class='ocrx_word' id='word_1_185' title='bbox 640 2512 743 2571; x_wconf 92' lang='lat' dir='ltr'><strong><em>ter</em></strong></span> <span class='ocrx_word' id='word_1_186' title='bbox 777 2526 848 2571; x_wconf 87' lang='lat' dir='ltr'><strong><em>se</em></strong></span> <span class='ocrx_word' id='word_1_187' title='bbox 883 2502 1178 2570; x_wconf 85' lang='lat' dir='ltr'><strong><em>eiusdem</em></strong></span> <span class='ocrx_word' id='word_1_188' title='bbox 1202 2503 1492 2587; x_wconf 89' lang='lat' dir='ltr'><strong><em>corporis</em></strong></span> <span class='ocrx_word' id='word_1_189' title='bbox 1528 2501 1825 2567; x_wconf 88' lang='lat' dir='ltr'><strong><em>membra</em></strong></span> <span class='ocrx_word' id='word_1_190' title='bbox 1860 2508 2358 2567; x_wconf 88' lang='lat' dir='ltr'><strong><em>connectuntur.</em></strong></span> <span class='ocrx_word' id='word_1_191' title='bbox 2425 2498 2591 2564; x_wconf 90' lang='lat' dir='ltr'><strong><em>Nul-</em></strong></span> 
     </span>
     <span class='ocr_line' id='line_1_27' title="bbox 640 2586 2596 2672; baseline -0.004 -17"><span class='ocrx_word' id='word_1_192' title='bbox 640 2591 744 2656; x_wconf 89' lang='lat' dir='ltr'><strong><em>lus</em></strong></span> <span class='ocrx_word' id='word_1_193' title='bbox 784 2591 963 2657; x_wconf 91' lang='lat' dir='ltr'><strong><em>enim</em></strong></span> <span class='ocrx_word' id='word_1_194' title='bbox 1001 2590 1086 2655; x_wconf 85' lang='lat' dir='ltr'><strong><em>ad</em></strong></span> <span class='ocrx_word' id='word_1_195' title='bbox 1128 2588 1523 2655; x_wconf 77' lang='lat' dir='ltr'><strong><em>excitandam</em></strong></span> <span class='ocrx_word' id='word_1_196' title='bbox 1535 2586 1596 2672; x_wconf 82' lang='lat'><strong><em>⁴)</em></strong></span> <span class='ocrx_word' id='word_1_197' title='bbox 1640 2589 1802 2651; x_wconf 76' lang='lat' dir='ltr'><strong><em>inter</em></strong></span> <span class='ocrx_word' id='word_1_198' title='bbox 1820 2607 1933 2652; x_wconf 78' lang='lat' dir='ltr'><strong><em>nos</em></strong></span> <span class='ocrx_word' id='word_1_199' title='bbox 1956 2592 2238 2651; x_wconf 81' lang='lat' dir='ltr'><strong><em>mutuam</em></strong></span> <span class='ocrx_word' id='word_1_200' title='bbox 2272 2586 2596 2650; x_wconf 83' lang='lat' dir='ltr'><strong><em>caritatem</em></strong></span> 
     </span>
     <span class='ocr_line' id='line_1_28' title="bbox 639 2669 2597 2754; baseline -0.004 -12"><span class='ocrx_word' id='word_1_201' title='bbox 639 2677 958 2744; x_wconf 88' lang='lat' dir='ltr'><strong><em>admoveri</em></strong></span> <span class='ocrx_word' id='word_1_202' title='bbox 1002 2676 1208 2740; x_wconf 86' lang='lat' dir='ltr'><strong><em>acrior</em></strong></span> <span class='ocrx_word' id='word_1_203' title='bbox 1249 2673 1542 2739; x_wconf 78' lang='lat' dir='ltr'><strong><em>stimulus</em></strong></span> <span class='ocrx_word' id='word_1_204' title='bbox 1565 2677 1826 2754; x_wconf 86' lang='lat' dir='ltr'><strong><em>poterat,</em></strong></span> <span class='ocrx_word' id='word_1_205' title='bbox 1867 2693 2055 2753; x_wconf 77' lang='lat' dir='ltr'><strong><em>quam</em></strong></span> <span class='ocrx_word' id='word_1_206' title='bbox 2097 2673 2249 2736; x_wconf 79' lang='lat' dir='ltr'><strong><em>dam</em></strong></span> <span class='ocrx_word' id='word_1_207' title='bbox 2296 2669 2597 2735; x_wconf 81' lang='lat' dir='ltr'><strong><em>Christus</em></strong></span> 
     </span>
     <span class='ocr_line' id='line_1_29' title="bbox 639 2756 2591 2844; baseline -0.004 -17"><span class='ocrx_word' id='word_1_208' title='bbox 639 2783 706 2828; x_wconf 87' lang='lat' dir='ltr'><strong><em>se</em></strong></span> <span class='ocrx_word' id='word_1_209' title='bbox 759 2764 970 2844; x_wconf 77' lang='lat' dir='ltr'><strong><em>ipsum</em></strong></span> <span class='ocrx_word' id='word_1_210' title='bbox 1024 2760 1199 2826; x_wconf 80' lang='lat' dir='ltr'><strong><em>nobis</em></strong></span> <span class='ocrx_word' id='word_1_211' title='bbox 1256 2760 1527 2837; x_wconf 69' lang='lat' dir='ltr'><strong><em>donam,</em></strong></span> <span class='ocrx_word' id='word_1_212' title='bbox 1583 2779 1705 2822; x_wconf 80' lang='lat' dir='ltr'><strong><em>non</em></strong></span> <span class='ocrx_word' id='word_1_213' title='bbox 1762 2759 1935 2823; x_wconf 90' lang='lat' dir='ltr'><strong><em>modo</em></strong></span> <span class='ocrx_word' id='word_1_214' title='bbox 1986 2778 2102 2822; x_wconf 81' lang='lat' dir='ltr'><strong><em>suo</em></strong></span> <span class='ocrx_word' id='word_1_215' title='bbox 2146 2777 2256 2821; x_wconf 79' lang='lat' dir='ltr'><strong><em>nos</em></strong></span> <span class='ocrx_word' id='word_1_216' title='bbox 2298 2756 2591 2836; x_wconf 75' lang='lat' dir='ltr'><strong><em>exemplo,</em></strong></span> 
     </span>
     <span class='ocr_line' id='line_1_30' title="bbox 639 2840 2593 2912; baseline -0.003 -1"><span class='ocrx_word' id='word_1_217' title='bbox 639 2852 710 2911; x_wconf 81' lang='lat' dir='ltr'><strong><em>ut</em></strong></span> <span class='ocrx_word' id='word_1_218' title='bbox 750 2847 907 2912; x_wconf 85' lang='lat' dir='ltr'><strong><em>alter</em></strong></span> <span class='ocrx_word' id='word_1_219' title='bbox 948 2846 1135 2910; x_wconf 86' lang='lat' dir='ltr'><strong><em>alteri</em></strong></span> <span class='ocrx_word' id='word_1_220' title='bbox 1173 2865 1287 2910; x_wconf 74' lang='lat' dir='ltr'><strong><em>nos</em></strong></span> <span class='ocrx_word' id='word_1_221' title='bbox 1327 2851 1542 2908; x_wconf 79' lang='lat' dir='ltr'><strong><em>mutuo</em></strong></span> <span class='ocrx_word' id='word_1_222' title='bbox 1583 2845 1984 2908; x_wconf 81' lang='lat' dir='ltr'><strong><em>devoveamus</em></strong></span> <span class='ocrx_word' id='word_1_223' title='bbox 2023 2862 2097 2907; x_wconf 88' lang='lat' dir='ltr'><strong><em>ac</em></strong></span> <span class='ocrx_word' id='word_1_224' title='bbox 2141 2840 2453 2906; x_wconf 86' lang='lat' dir='ltr'><strong><em>dedamus</em></strong></span> <span class='ocrx_word' id='word_1_225' title='bbox 2495 2842 2593 2906; x_wconf 79' lang='lat' dir='ltr'><strong><em>in-</em></strong></span> 
     </span>
     <span class='ocr_line' id='line_1_31' title="bbox 640 2929 2595 3014; baseline -0.003 -17"><span class='ocrx_word' id='word_1_226' title='bbox 640 2933 827 2997; x_wconf 83' lang='lat' dir='ltr'><strong><em>vitat.-</em></strong></span> <span class='ocrx_word' id='word_1_227' title='bbox 886 2931 994 2996; x_wconf 78' lang='lat' dir='ltr'><strong><em>secl</em></strong></span> <span class='ocrx_word' id='word_1_228' title='bbox 1029 2935 1101 2995; x_wconf 78' lang='lat' dir='ltr'><strong><em>ut</em></strong></span> <span class='ocrx_word' id='word_1_229' title='bbox 1141 2951 1208 2997; x_wconf 84' lang='lat' dir='ltr'><strong><em>se</em></strong></span> <span class='ocrx_word' id='word_1_230' title='bbox 1243 2930 1402 3014; x_wconf 76' lang='lat' dir='ltr'><strong><em>facit</em></strong></span> <span class='ocrx_word' id='word_1_231' title='bbox 1440 2930 1719 2995; x_wconf 78' lang='lat' dir='ltr'><strong><em>omnium</em></strong></span> <span class='ocrx_word' id='word_1_232' title='bbox 1768 2949 2173 3008; x_wconf 78' lang='lat' dir='ltr'><strong><em>communem,</em></strong></span> <span class='ocrx_word' id='word_1_233' title='bbox 2227 2929 2318 2993; x_wconf 82' lang='lat' dir='ltr'><strong><em>ita</em></strong></span> <span class='ocrx_word' id='word_1_234' title='bbox 2361 2948 2595 3010; x_wconf 76' lang='lat' dir='ltr'><strong><em>quoque</em></strong></span> 
     </span>
     <span class='ocr_line' id='line_1_32' title="bbox 643 3015 1985 3097; baseline -0.004 -14"><span class='ocrx_word' id='word_1_235' title='bbox 643 3039 852 3083; x_wconf 77' lang='lat' dir='ltr'><strong><em>omnes</em></strong></span> <span class='ocrx_word' id='word_1_236' title='bbox 894 3038 1090 3082; x_wconf 79' lang='lat' dir='ltr'><strong><em>unwm</em></strong></span> <span class='ocrx_word' id='word_1_237' title='bbox 1132 3019 1200 3081; x_wconf 76' lang='lat' dir='ltr'><strong><em>in</em></strong></span> <span class='ocrx_word' id='word_1_238' title='bbox 1243 3022 1425 3081; x_wconf 86' lang='lat' dir='ltr'><strong><em>semet</em></strong></span> <span class='ocrx_word' id='word_1_239' title='bbox 1466 3017 1604 3097; x_wconf 87' lang='lat' dir='ltr'><strong><em>ipso</em></strong></span> <span class='ocrx_word' id='word_1_240' title='bbox 1646 3035 1776 3080; x_wconf 86' lang='lat' dir='ltr'><strong><em>esse</em></strong></span> <span class='ocrx_word' id='word_1_241' title='bbox 1812 3015 1985 3095; x_wconf 84' lang='lat' dir='ltr'><strong><em>facit.</em></strong></span> 
     </span>
    </p>
   </div>
   <div class='ocr_carea' id='block_1_4' title="bbox 690 3252 2682 3343">
    <p class='ocr_par' dir='ltr' id='par_1_4' title="bbox 690 3252 2682 3343">
     <span class='ocr_line' id='line_1_33' title="bbox 690 3252 2682 3343; baseline -0.001 -22"><span class='ocrx_word' id='word_1_242' title='bbox 690 3256 816 3322; x_wconf 83' lang='lat' dir='ltr'><strong><em>DE</em></strong></span> <span class='ocrx_word' id='word_1_243' title='bbox 862 3253 1383 3322; x_wconf 78' lang='lat' dir='ltr'><strong><em>ECCLESIAE</em></strong></span> <span class='ocrx_word' id='word_1_244' title='bbox 1430 3252 2018 3320; x_wconf 76' lang='lat' dir='ltr'>PASTORIBUS</span> <span class='ocrx_word' id='word_1_245' title='bbox 2062 3254 2180 3319; x_wconf 75' lang='lat' dir='ltr'><strong><em>ET</em></strong></span> <span class='ocrx_word' id='word_1_246' title='bbox 2219 3252 2554 3321; x_wconf 86' lang='lat' dir='ltr'>EORUM</span> <span class='ocrx_word' id='word_1_247' title='bbox 2666 3324 2682 3343; x_wconf 35' lang='lat'>⁸</span> 
     </span>
    </p>
   </div>
   <div class='ocr_carea' id='block_1_5' title="bbox 1335 3355 1896 3424">
    <p class='ocr_par' dir='ltr' id='par_1_5' title="bbox 1335 3355 1896 3424">
     <span class='ocr_line' id='line_1_34' title="bbox 1335 3355 1896 3424; baseline -0.002 0"><span class='ocrx_word' id='word_1_248' title='bbox 1335 3355 1896 3424; x_wconf 73' lang='lat' dir='ltr'><strong>POTESTATE.</strong></span> 
     </span>
    </p>
   </div>
   <div class='ocr_carea' id='block_1_6' title="bbox 550 3495 2603 4952">
    <p class='ocr_par' dir='ltr' id='par_1_6' title="bbox 550 3495 2603 4952">
     <span class='ocr_line' id='line_1_35' title="bbox 821 3495 2598 3579; baseline -0.001 -17"><span class='ocrx_word' id='word_1_249' title='bbox 821 3495 1150 3579; x_wconf 83' lang='lat' dir='ltr'><strong><em>Quoniam</em></strong></span> <span class='ocrx_word' id='word_1_250' title='bbox 1177 3517 1379 3578; x_wconf 91' lang='lat' dir='ltr'><strong><em>quum</em></strong></span> <span class='ocrx_word' id='word_1_251' title='bbox 1418 3496 1712 3573; x_wconf 85' lang='lat' dir='ltr'><strong><em>verbum,</em></strong></span> <span class='ocrx_word' id='word_1_252' title='bbox 1749 3504 1894 3559; x_wconf 86' lang='lat' dir='ltr'><strong><em>tum</em></strong></span> <span class='ocrx_word' id='word_1_253' title='bbox 1928 3502 2355 3573; x_wconf 88' lang='lat' dir='ltr'><strong><em>sacramenta,</em></strong></span> <span class='ocrx_word' id='word_1_254' title='bbox 2387 3495 2598 3560; x_wconf 88' lang='lat' dir='ltr'><strong><em>homi-</em></strong></span> 
     </span>
     <span class='ocr_line' id='line_1_36' title="bbox 648 3577 2600 3663; baseline -0.002 -14"><span class='ocrx_word' id='word_1_255' title='bbox 648 3605 810 3650; x_wconf 89' lang='lat' dir='ltr'><strong><em>num</em></strong></span> <span class='ocrx_word' id='word_1_256' title='bbox 851 3581 1215 3647; x_wconf 76' lang='lat' dir='ltr'><strong><em>ministerio</em></strong></span> <span class='ocrx_word' id='word_1_257' title='bbox 1261 3577 1623 3663; x_wconf 58' lang='lat' dir='ltr'><strong><em>dispensassri</em></strong></span> <span class='ocrx_word' id='word_1_258' title='bbox 1662 3580 1874 3646; x_wconf 83' lang='lat' dir='ltr'><strong><em>voluit</em></strong></span> <span class='ocrx_word' id='word_1_259' title='bbox 1914 3581 2260 3658; x_wconf 88' lang='lat' dir='ltr'><strong><em>Dominus,</em></strong></span> <span class='ocrx_word' id='word_1_260' title='bbox 2307 3588 2600 3663; x_wconf 89' lang='lat' dir='ltr'><strong><em>pastores</em></strong></span> 
     </span>
     <span class='ocr_line' id='line_1_37' title="bbox 648 3665 2601 3752; baseline -0.002 -17"><span class='ocrx_word' id='word_1_261' title='bbox 648 3669 935 3736; x_wconf 91' lang='lat' dir='ltr'><strong><em>ecclesiis</em></strong></span> <span class='ocrx_word' id='word_1_262' title='bbox 968 3688 1269 3752; x_wconf 90' lang='lat' dir='ltr'><strong><em>praeesse</em></strong></span> <span class='ocrx_word' id='word_1_263' title='bbox 1304 3674 1575 3750; x_wconf 80' lang='lat' dir='ltr'><strong><em>oportet,</em></strong></span> <span class='ocrx_word' id='word_1_264' title='bbox 1613 3667 1720 3749; x_wconf 89' lang='lat' dir='ltr'><strong><em>qui</em></strong></span> <span class='ocrx_word' id='word_1_265' title='bbox 1761 3678 1830 3731; x_wconf 91' lang='lat' dir='ltr'><strong><em>et</em></strong></span> <span class='ocrx_word' id='word_1_266' title='bbox 1864 3667 2121 3732; x_wconf 88' lang='lat' dir='ltr'><strong><em>sincera</em></strong></span> <span class='ocrx_word' id='word_1_267' title='bbox 2156 3665 2453 3732; x_wconf 86' lang='lat' dir='ltr'><strong><em>doctrina</em></strong></span> <span class='ocrx_word' id='word_1_268' title='bbox 2475 3687 2601 3750; x_wconf 92' lang='lat' dir='ltr'><strong><em>pu-</em></strong></span> 
     </span>
     <span class='ocr_line' id='line_1_38' title="bbox 649 3752 2602 3839; baseline -0.002 -16"><span class='ocrx_word' id='word_1_269' title='bbox 649 3757 813 3823; x_wconf 91' lang='lat' dir='ltr'><strong><em>blice</em></strong></span> <span class='ocrx_word' id='word_1_270' title='bbox 854 3753 1296 3839; x_wconf 84' lang='lat' dir='ltr'><strong><em>privatimque</em></strong></span> <span class='ocrx_word' id='word_1_271' title='bbox 1338 3753 1596 3837; x_wconf 88' lang='lat' dir='ltr'><strong>plebem</strong></span> <span class='ocrx_word' id='word_1_272' title='bbox 1642 3752 1965 3829; x_wconf 90' lang='lat' dir='ltr'><strong><em>erudiant,</em></strong></span> <span class='ocrx_word' id='word_1_273' title='bbox 2011 3760 2422 3819; x_wconf 88' lang='lat' dir='ltr'><strong><em>sacramenta</em></strong></span> <span class='ocrx_word' id='word_1_274' title='bbox 2456 3754 2602 3837; x_wconf 87' lang='lat' dir='ltr'><strong><em>ipsa</em></strong></span> 
     </span>
     <span class='ocr_line' id='line_1_39' title="bbox 650 3837 2601 3922; baseline -0.001 -16"><span class='ocrx_word' id='word_1_275' title='bbox 650 3841 1141 3915; x_wconf 79' lang='lat' dir='ltr'><strong><em>administrent,</em></strong></span> <span class='ocrx_word' id='word_1_276' title='bbox 1186 3848 1254 3906; x_wconf 91' lang='lat' dir='ltr'><strong><em>et</em></strong></span> <span class='ocrx_word' id='word_1_277' title='bbox 1297 3838 1545 3922; x_wconf 88' lang='lat' dir='ltr'><strong><em>optimo</em></strong></span> <span class='ocrx_word' id='word_1_278' title='bbox 1590 3837 1892 3922; x_wconf 85' lang='lat' dir='ltr'><strong><em>exemplo</em></strong></span> <span class='ocrx_word' id='word_1_279' title='bbox 1937 3838 2022 3902; x_wconf 87' lang='lat' dir='ltr'><strong><em>ad</em></strong></span> <span class='ocrx_word' id='word_1_280' title='bbox 2065 3840 2244 3904; x_wconf 85' lang='lat' dir='ltr'><strong><em>vitae</em></strong></span> <span class='ocrx_word' id='word_1_281' title='bbox 2288 3841 2601 3905; x_wconf 87' lang='lat' dir='ltr'><strong><em>sanctita-</em></strong></span> 
     </span>
     <span class='ocr_line' id='line_1_40' title="bbox 650 3923 2603 4010; baseline -0.002 -19"><span class='ocrx_word' id='word_1_282' title='bbox 650 3940 789 3991; x_wconf 87' lang='lat' dir='ltr'><strong><em>tem</em></strong></span> <span class='ocrx_word' id='word_1_283' title='bbox 831 3947 907 3991; x_wconf 90' lang='lat' dir='ltr'><strong><em>ac</em></strong></span> <span class='ocrx_word' id='word_1_284' title='bbox 947 3927 1308 4010; x_wconf 88' lang='lat' dir='ltr'><strong><em>puritatem</em></strong></span> <span class='ocrx_word' id='word_1_285' title='bbox 1360 3925 1723 3989; x_wconf 80' lang='lat' dir='ltr'><strong><em>instituant.</em></strong></span> <span class='ocrx_word' id='word_1_286' title='bbox 1814 3923 2008 3989; x_wconf 88' lang='lat' dir='ltr'><strong><em>Hanc</em></strong></span> <span class='ocrx_word' id='word_1_287' title='bbox 2063 3924 2478 4008; x_wconf 77' lang='lat' dir='ltr'><strong><em>disciplinam</em></strong></span> <span class='ocrx_word' id='word_1_288' title='bbox 2536 3934 2603 3989; x_wconf 83' lang='lat' dir='ltr'><strong><em>et</em></strong></span> 
     </span>
     <span class='ocr_line' id='line_1_41' title="bbox 653 4011 2601 4093; baseline -0.001 -17"><span class='ocrx_word' id='word_1_289' title='bbox 653 4012 829 4077; x_wconf 89' lang='lat' dir='ltr'><strong><em>hunc</em></strong></span> <span class='ocrx_word' id='word_1_290' title='bbox 871 4011 1167 4076; x_wconf 86' lang='lat' dir='ltr'><strong><em>ordinem</em></strong></span> <span class='ocrx_word' id='word_1_291' title='bbox 1203 4012 1320 4093; x_wconf 76' lang='lat' dir='ltr'><strong><em>qui</em></strong></span> <span class='ocrx_word' id='word_1_292' title='bbox 1361 4019 1817 4092; x_wconf 81' lang='lat' dir='ltr'><strong><em>aspernantur,</em></strong></span> <span class='ocrx_word' id='word_1_293' title='bbox 1863 4030 1998 4074; x_wconf 90' lang='lat' dir='ltr'><strong><em>non</em></strong></span> <span class='ocrx_word' id='word_1_294' title='bbox 2041 4011 2438 4088; x_wconf 90' lang='lat' dir='ltr'><strong><em>hominibus,</em></strong></span> <span class='ocrx_word' id='word_1_295' title='bbox 2485 4011 2601 4075; x_wconf 92' lang='lat' dir='ltr'><strong><em>sed</em></strong></span> 
     </span>
     <span class='ocr_line' id='line_1_42' title="bbox 651 4094 2603 4177; baseline -0.001 -15"><span class='ocrx_word' id='word_1_296' title='bbox 651 4097 799 4162; x_wconf 92' lang='lat' dir='ltr'><strong><em>Deo</em></strong></span> <span class='ocrx_word' id='word_1_297' title='bbox 844 4106 1003 4162; x_wconf 91' lang='lat' dir='ltr'><strong><em>sunt</em></strong></span> <span class='ocrx_word' id='word_1_298' title='bbox 1041 4096 1515 4172; x_wconf 86' lang='lat' dir='ltr'><strong><em>contumeliosi,</em></strong></span> <span class='ocrx_word' id='word_1_299' title='bbox 1563 4094 1853 4177; x_wconf 88' lang='lat' dir='ltr'><strong><em>adeoque</em></strong></span> <span class='ocrx_word' id='word_1_300' title='bbox 1897 4115 1969 4161; x_wconf 89' lang='grc'><strong><em>66</em></strong></span> <span class='ocrx_word' id='word_1_301' title='bbox 2013 4096 2094 4161; x_wconf 89' lang='lat' dir='ltr'><strong><em>ab</em></strong></span> <span class='ocrx_word' id='word_1_302' title='bbox 2145 4096 2453 4162; x_wconf 90' lang='lat' dir='ltr'><strong><em>ecclesiae</em></strong></span> <span class='ocrx_word' id='word_1_303' title='bbox 2498 4118 2603 4161; x_wconf 92' lang='lat' dir='ltr'><strong><em>so-</em></strong></span> 
     </span>
     <span class='ocr_line' id='line_1_43' title="bbox 650 4180 2602 4263; baseline -0.001 -15"><span class='ocrx_word' id='word_1_304' title='bbox 650 4184 890 4248; x_wconf 88' lang='lat' dir='ltr'><strong><em>cietate</em></strong></span> <span class='ocrx_word' id='word_1_305' title='bbox 940 4183 1205 4247; x_wconf 71' lang='lat' dir='ltr'><strong><em>factiose</em></strong></span> <span class='ocrx_word' id='word_1_306' title='bbox 1271 4181 1674 4247; x_wconf 89' lang='lat' dir='ltr'><strong><em>subducunt:</em></strong></span> <span class='ocrx_word' id='word_1_307' title='bbox 1740 4190 1818 4245; x_wconf 89' lang='lat' dir='ltr'><strong><em>ut</em></strong></span> <span class='ocrx_word' id='word_1_308' title='bbox 1868 4202 2034 4263; x_wconf 91' lang='lat' dir='ltr'><strong><em>quae</em></strong></span> <span class='ocrx_word' id='word_1_309' title='bbox 2088 4183 2230 4247; x_wconf 87' lang='lat' dir='ltr'><strong><em>sine</em></strong></span> <span class='ocrx_word' id='word_1_310' title='bbox 2283 4180 2602 4247; x_wconf 90' lang='lat' dir='ltr'><strong><em>eiusmodi</em></strong></span> 
     </span>
     <span class='ocr_line' id='line_1_44' title="bbox 550 4267 2598 4351; baseline 0.003 -24"><span class='ocrx_word' id='word_1_311' title='bbox 550 4322 553 4327; x_wconf 92' lang='lat'><strong><em>.</em></strong></span> <span class='ocrx_word' id='word_1_312' title='bbox 650 4268 1015 4333; x_wconf 90' lang='lat' dir='ltr'><strong><em>ministerio</em></strong></span> <span class='ocrx_word' id='word_1_313' title='bbox 1078 4267 1433 4332; x_wconf 85' lang='lat' dir='ltr'><strong><em>consistere</em></strong></span> <span class='ocrx_word' id='word_1_314' title='bbox 1497 4267 1681 4332; x_wconf 90' lang='lat' dir='ltr'><strong><em>nullo</em></strong></span> <span class='ocrx_word' id='word_1_315' title='bbox 1745 4271 1894 4346; x_wconf 78' lang='lat' dir='ltr'><strong><em>[pag.</em></strong></span> <span class='ocrx_word' id='word_1_316' title='bbox 1942 4272 2052 4347; x_wconf 85' lang='lat'><strong><em>47]</em></strong></span> <span class='ocrx_word' id='word_1_317' title='bbox 2120 4267 2313 4333; x_wconf 92' lang='lat' dir='ltr'><strong><em>modo</em></strong></span> <span class='ocrx_word' id='word_1_318' title='bbox 2366 4277 2598 4351; x_wconf 89' lang='lat' dir='ltr'><strong><em>potest.</em></strong></span> 
     </span>
     <span class='ocr_line' id='line_1_45' title="bbox 651 4352 2601 4436; baseline 0 -17"><span class='ocrx_word' id='word_1_319' title='bbox 651 4355 803 4420; x_wconf 90' lang='lat' dir='ltr'><strong><em>Non</em></strong></span> <span class='ocrx_word' id='word_1_320' title='bbox 845 4354 1024 4419; x_wconf 91' lang='lat' dir='ltr'><strong><em>enim</em></strong></span> <span class='ocrx_word' id='word_1_321' title='bbox 1066 4353 1252 4436; x_wconf 85' lang='lat' dir='ltr'><strong><em>parvi</em></strong></span> <span class='ocrx_word' id='word_1_322' title='bbox 1294 4352 1611 4417; x_wconf 90' lang='lat' dir='ltr'><strong><em>momenti</em></strong></span> <span class='ocrx_word' id='word_1_323' title='bbox 1656 4361 1785 4430; x_wconf 86' lang='lat' dir='ltr'><strong><em>est,</em></strong></span> <span class='ocrx_word' id='word_1_324' title='bbox 1841 4352 2012 4436; x_wconf 89' lang='lat' dir='ltr'><strong><em>quod</em></strong></span> <span class='ocrx_word' id='word_1_325' title='bbox 2067 4354 2270 4418; x_wconf 83' lang='lat' dir='ltr'><strong><em>semel</em></strong></span> <span class='ocrx_word' id='word_1_326' title='bbox 2321 4362 2601 4419; x_wconf 81' lang='lat' dir='ltr'><strong><em>testatus</em></strong></span> 
     </span>
     <span class='ocr_line' id='line_1_46' title="bbox 651 4437 2599 4523; baseline -0.001 -18"><span class='ocrx_word' id='word_1_327' title='bbox 651 4447 754 4506; x_wconf 88' lang='lat' dir='ltr'><strong><em>est</em></strong></span> <span class='ocrx_word' id='word_1_328' title='bbox 775 4439 1126 4503; x_wconf 84' lang='lat' dir='ltr'><strong><em>Dominus:</em></strong></span> <span class='ocrx_word' id='word_1_329' title='bbox 1174 4446 1383 4503; x_wconf 88' lang='lat' dir='ltr'><strong><em>semet</em></strong></span> <span class='ocrx_word' id='word_1_330' title='bbox 1414 4439 1630 4520; x_wconf 88' lang='lat' dir='ltr'><strong><em>ipsum</em></strong></span> <span class='ocrx_word' id='word_1_331' title='bbox 1672 4439 1895 4522; x_wconf 89' lang='lat' dir='ltr'><strong><em>recipi,</em></strong></span> <span class='ocrx_word' id='word_1_332' title='bbox 1940 4437 2096 4503; x_wconf 91' lang='lat' dir='ltr'><strong><em>dum</em></strong></span> <span class='ocrx_word' id='word_1_333' title='bbox 2140 4439 2237 4503; x_wconf 89' lang='lat' dir='ltr'><strong><em>illi</em></strong></span> <span class='ocrx_word' id='word_1_334' title='bbox 2272 4441 2599 4523; x_wconf 90' lang='lat' dir='ltr'><strong><em>recipiun-</em></strong></span> 
     </span>
     <span class='ocr_line' id='line_1_47' title="bbox 653 4523 2597 4608; baseline -0.001 -18"><span class='ocrx_word' id='word_1_335' title='bbox 653 4534 789 4590; x_wconf 87' lang='lat' dir='ltr'><strong><em>tur:</em></strong></span> <span class='ocrx_word' id='word_1_336' title='bbox 848 4525 1099 4608; x_wconf 88' lang='lat' dir='ltr'><strong><em>pariter</em></strong></span> <span class='ocrx_word' id='word_1_337' title='bbox 1137 4532 1206 4589; x_wconf 92' lang='lat' dir='ltr'><strong><em>et</em></strong></span> <span class='ocrx_word' id='word_1_338' title='bbox 1247 4523 1462 4598; x_wconf 90' lang='lat' dir='ltr'><strong><em>abiici,</em></strong></span> <span class='ocrx_word' id='word_1_339' title='bbox 1523 4523 1682 4588; x_wconf 90' lang='lat' dir='ltr'><strong><em>dum</em></strong></span> <span class='ocrx_word' id='word_1_340' title='bbox 1734 4524 1835 4589; x_wconf 91' lang='lat' dir='ltr'><strong><em>illi</em></strong></span> <span class='ocrx_word' id='word_1_341' title='bbox 1894 4525 2286 4590; x_wconf 90' lang='lat' dir='ltr'><strong><em>abiiciuntur</em></strong></span> <span class='ocrx_word' id='word_1_342' title='bbox 2326 4526 2597 4608; x_wconf 83' lang='lat' dir='ltr'><strong><em>(Matth.</em></strong></span> 
     </span>
     <span class='ocr_line' id='line_1_48' title="bbox 660 4610 2601 4692; baseline 0.001 -17"><span class='ocrx_word' id='word_1_343' title='bbox 660 4616 756 4690; x_wconf 91' lang='lat'><strong><em>10,</em></strong></span> <span class='ocrx_word' id='word_1_344' title='bbox 804 4612 936 4689; x_wconf 83' lang='lat'><strong><em>40).</em></strong></span> <span class='ocrx_word' id='word_1_345' title='bbox 992 4611 1093 4676; x_wconf 83' lang='lat' dir='ltr'><strong><em>Ac</em></strong></span> <span class='ocrx_word' id='word_1_346' title='bbox 1148 4630 1233 4674; x_wconf 93' lang='lat' dir='ltr'><strong><em>ne</em></strong></span> <span class='ocrx_word' id='word_1_347' title='bbox 1275 4610 1761 4692; x_wconf 83' lang='lat' dir='ltr'><strong><em>contemptibile</em></strong></span> <span class='ocrx_word' id='word_1_348' title='bbox 1816 4611 1985 4676; x_wconf 86' lang='lat' dir='ltr'><strong><em>foret</em></strong></span> <span class='ocrx_word' id='word_1_349' title='bbox 2025 4631 2251 4675; x_wconf 91' lang='lat' dir='ltr'><strong><em>eorum</em></strong></span> <span class='ocrx_word' id='word_1_350' title='bbox 2300 4612 2601 4677; x_wconf 89' lang='lat' dir='ltr'><strong><em>ministe-</em></strong></span> 
     </span>
     <span class='ocr_line' id='line_1_49' title="bbox 651 4694 2601 4780; baseline -0.001 -19"><span class='ocrx_word' id='word_1_351' title='bbox 651 4697 846 4775; x_wconf 90' lang='lat' dir='ltr'><strong><em>rium,</em></strong></span> <span class='ocrx_word' id='word_1_352' title='bbox 882 4696 1129 4780; x_wconf 81' lang='lat' dir='ltr'><strong><em>insigni</em></strong></span> <span class='ocrx_word' id='word_1_353' title='bbox 1151 4694 1462 4760; x_wconf 87' lang='lat' dir='ltr'><strong><em>mandato</em></strong></span> <span class='ocrx_word' id='word_1_354' title='bbox 1485 4696 1906 4761; x_wconf 89' lang='lat' dir='ltr'><strong><em>instruuntur</em></strong></span> <span class='ocrx_word' id='word_1_355' title='bbox 1926 4694 2176 4780; x_wconf 73' lang='lat' dir='ltr'><strong><em>lig-andi</em></strong></span> <span class='ocrx_word' id='word_1_356' title='bbox 2204 4705 2270 4761; x_wconf 90' lang='lat' dir='ltr'><strong><em>et</em></strong></span> <span class='ocrx_word' id='word_1_357' title='bbox 2305 4695 2601 4763; x_wconf 86' lang='lat' dir='ltr'><strong><em>solvendi</em></strong></span> 
     </span>
     <span class='ocr_line' id='line_1_50' title="bbox 653 4780 2600 4866; baseline 0.001 -19"><span class='ocrx_word' id='word_1_358' title='bbox 653 4782 924 4865; x_wconf 80' lang='lat' dir='ltr'><strong><em>(Matth.</em></strong></span> <span class='ocrx_word' id='word_1_359' title='bbox 970 4786 1067 4859; x_wconf 87' lang='grc'><strong><em>16,</em></strong></span> <span class='ocrx_word' id='word_1_360' title='bbox 1111 4782 1246 4863; x_wconf 87' lang='lat'><strong><em>19):</em></strong></span> <span class='ocrx_word' id='word_1_361' title='bbox 1293 4780 1516 4846; x_wconf 87' lang='lat' dir='ltr'><strong><em>addita</em></strong></span> <span class='ocrx_word' id='word_1_362' title='bbox 1557 4782 2030 4864; x_wconf 71' lang='lat' dir='ltr'><strong><em>promissione,</em></strong></span> <span class='ocrx_word' id='word_1_363' title='bbox 2064 4803 2487 4866; x_wconf 90' lang='lat' dir='ltr'><strong><em>quaecunque</em></strong></span> <span class='ocrx_word' id='word_1_364' title='bbox 2531 4785 2600 4847; x_wconf 91' lang='lat' dir='ltr'><strong><em>in</em></strong></span> 
     </span>
     <span class='ocr_line' id='line_1_51' title="bbox 652 4866 2602 4952; baseline 0 -19"><span class='ocrx_word' id='word_1_365' title='bbox 652 4869 849 4934; x_wconf 89' lang='lat' dir='ltr'><strong><em>terris</em></strong></span> <span class='ocrx_word' id='word_1_366' title='bbox 881 4867 1239 4952; x_wconf 82' lang='lat' dir='ltr'><strong><em>ligaverint</em></strong></span> <span class='ocrx_word' id='word_1_367' title='bbox 1270 4878 1384 4932; x_wconf 88' lang='lat' dir='ltr'><strong><em>aut</em></strong></span> <span class='ocrx_word' id='word_1_368' title='bbox 1417 4866 1749 4943; x_wconf 84' lang='lat' dir='ltr'><strong><em>solverint,</em></strong></span> <span class='ocrx_word' id='word_1_369' title='bbox 1796 4868 1987 4951; x_wconf 78' lang='lat' dir='ltr'><strong><em>ligari</em></strong></span> <span class='ocrx_word' id='word_1_370' title='bbox 2019 4877 2084 4932; x_wconf 88' lang='lat' dir='ltr'><strong><em>et</em></strong></span> <span class='ocrx_word' id='word_1_371' title='bbox 2119 4868 2285 4933; x_wconf 85' lang='lat' dir='ltr'><strong><em>solvi</em></strong></span> <span class='ocrx_word' id='word_1_372' title='bbox 2316 4870 2389 4933; x_wconf 90' lang='lat' dir='ltr'><strong><em>in</em></strong></span> <span class='ocrx_word' id='word_1_373' title='bbox 2422 4868 2602 4934; x_wconf 90' lang='lat' dir='ltr'><strong><em>coelo</em></strong></span> 
     </span>
    </p>
   </div>
   <div class='ocr_carea' id='block_1_7' title="bbox 650 5189 1970 5334">
    <p class='ocr_par' dir='ltr' id='par_1_7' title="bbox 650 5189 1970 5334">
     <span class='ocr_line' id='line_1_52' title="bbox 789 5189 1970 5316; baseline -0.003 -69"><span class='ocrx_word' id='word_1_374' title='bbox 789 5194 848 5261; x_wconf 92' lang='lat'><strong><em>1)</em></strong></span> <span class='ocrx_word' id='word_1_375' title='bbox 886 5191 1310 5316; x_wconf 52' lang='lat' dir='ltr'><strong><em>Imtgdu‘l.</em></strong></span> <span class='ocrx_word' id='word_1_376' title='bbox 1482 5189 1543 5255; x_wconf 74' lang='lat'><strong><em>2)</em></strong></span> <span class='ocrx_word' id='word_1_377' title='bbox 1584 5189 1727 5246; x_wconf 76' lang='lat' dir='ltr'><strong><em>Ibid.</em></strong></span> <span class='ocrx_word' id='word_1_378' title='bbox 1762 5208 1815 5259; x_wconf 82' lang='grc' dir='ltr'><strong><em>ρ.</em></strong></span> <span class='ocrx_word' id='word_1_379' title='bbox 1852 5190 1970 5244; x_wconf 78' lang='grc'><strong>288.</strong></span> 
     </span>
     <span class='ocr_line' id='line_1_53' title="bbox 650 5258 1453 5334; baseline -0.005 -17"><span class='ocrx_word' id='word_1_380' title='bbox 650 5279 756 5334; x_wconf 74' lang='lat' dir='ltr'><strong><em>seq.</em></strong></span> <span class='ocrx_word' id='word_1_381' title='bbox 962 5261 1024 5323; x_wconf 75' lang='lat'><strong><em>4)</em></strong></span> <span class='ocrx_word' id='word_1_382' title='bbox 1148 5263 1158 5274; x_wconf 91' lang='grc'><em>“</em></span> <span class='ocrx_word' id='word_1_383' title='bbox 1197 5303 1209 5316; x_wconf 93' lang='grc'><strong>.</strong></span> <span class='ocrx_word' id='word_1_384' title='bbox 1241 5277 1297 5329; x_wconf 80' lang='lat' dir='ltr'><strong><em>p.</em></strong></span> <span class='ocrx_word' id='word_1_385' title='bbox 1332 5258 1453 5314; x_wconf 74' lang='lat'><strong><em>254.</em></strong></span> 
     </span>
    </p>
   </div>
   <div class='ocr_carea' id='block_1_8' title="bbox 2296 332 2976 440">
    <p class='ocr_par' dir='ltr' id='par_1_8' title="bbox 2296 332 2976 440">
     <span class='ocr_line' id='line_1_54' title="bbox 2296 332 2976 440; baseline -0.006 -38"><span class='ocrx_word' id='word_1_386' title='bbox 2296 332 2976 440; x_wconf 72' lang='lat' dir='ltr'><strong><em>cArEcmthJs.</em></strong></span> 
     </span>
    </p>
   </div>
   <div class='ocr_carea' id='block_1_9' title="bbox 2636 525 2668 5293">
    <p class='ocr_par' dir='ltr' id='par_1_9' title="bbox 2636 525 2668 5293">
     <span class='ocr_line' id='line_1_55' title="bbox 2636 525 2668 5293; baseline 0 0"><span class='ocrx_word' id='word_1_387' title='bbox 2636 525 2668 5293; x_wconf 95' lang='lat' dir='ltr'><strong><em> </em></strong></span> 
     </span>
    </p>
   </div>
   <div class='ocr_carea' id='block_1_10' title="bbox 2126 5145 2717 5260">
    <p class='ocr_par' dir='ltr' id='par_1_10' title="bbox 2126 5145 2717 5260">
     <span class='ocr_line' id='line_1_56' title="bbox 2126 5145 2717 5260; baseline -0.002 -15"><span class='ocrx_word' id='word_1_388' title='bbox 2126 5189 2186 5256; x_wconf 75' lang='grc'><strong><em>3)</em></strong></span> <span class='ocrx_word' id='word_1_389' title='bbox 2228 5190 2373 5247; x_wconf 60' lang='lat' dir='ltr'><strong><em>aaa.</em></strong></span> <span class='ocrx_word' id='word_1_390' title='bbox 2404 5208 2459 5260; x_wconf 75' lang='grc' dir='ltr'><strong><em>ρ.</em></strong></span> <span class='ocrx_word' id='word_1_391' title='bbox 2496 5189 2599 5244; x_wconf 74' lang='lat'><strong><em>251</em></strong></span> <span class='ocrx_word' id='word_1_392' title='bbox 2711 5145 2717 5151; x_wconf 40' lang='lat'><strong><em>¹</em></strong></span> 
     </span>
    </p>
   </div>
   <div class='ocr_carea' id='block_1_11' title="bbox 4521 332 4645 395">
    <p class='ocr_par' dir='ltr' id='par_1_11' title="bbox 4521 332 4645 395">
     <span class='ocr_line' id='line_1_57' title="bbox 4521 332 4645 395; baseline -0.024 0"><span class='ocrx_word' id='word_1_393' title='bbox 4521 332 4645 395; x_wconf 84' lang='lat'><strong><em>352</em></strong></span> 
     </span>
    </p>
   </div>
   <div class='ocr_carea' id='block_1_12' title="bbox 2685 519 4716 3006">
    <p class='ocr_par' dir='ltr' id='par_1_12' title="bbox 2685 519 4716 3006">
     <span class='ocr_line' id='line_1_58' title="bbox 2698 519 4647 606; baseline -0.001 -21"><span class='ocrx_word' id='word_1_394' title='bbox 2698 521 2956 606; x_wconf 89' lang='lat' dir='ltr'><strong><em>(Ioann.</em></strong></span> <span class='ocrx_word' id='word_1_395' title='bbox 2997 522 3098 599; x_wconf 88' lang='lat'><strong><em>20,</em></strong></span> <span class='ocrx_word' id='word_1_396' title='bbox 3140 520 3273 603; x_wconf 83' lang='lat'><strong><em>23).</em></strong></span> <span class='ocrx_word' id='word_1_397' title='bbox 3364 520 3608 605; x_wconf 85' lang='lat' dir='ltr'><strong><em>Ligare</em></strong></span> <span class='ocrx_word' id='word_1_398' title='bbox 3651 529 3902 600; x_wconf 88' lang='lat' dir='ltr'><strong><em>autem,</em></strong></span> <span class='ocrx_word' id='word_1_399' title='bbox 3959 520 4112 586; x_wconf 88' lang='lat' dir='ltr'><strong><em>alibi</em></strong></span> <span class='ocrx_word' id='word_1_400' title='bbox 4171 531 4437 604; x_wconf 88' lang='lat' dir='ltr'><strong><em>peccata</em></strong></span> <span class='ocrx_word' id='word_1_401' title='bbox 4491 519 4647 585; x_wconf 89' lang='lat' dir='ltr'><strong><em>reti-</em></strong></span> 
     </span>
     <span class='ocr_line' id='line_1_59' title="bbox 2698 605 4646 691; baseline -0.001 -19"><span class='ocrx_word' id='word_1_402' title='bbox 2698 626 2880 672; x_wconf 92' lang='lat' dir='ltr'><strong><em>nere:</em></strong></span> <span class='ocrx_word' id='word_1_403' title='bbox 2929 605 3201 683; x_wconf 84' lang='lat' dir='ltr'><strong><em>solvere,</em></strong></span> <span class='ocrx_word' id='word_1_404' title='bbox 3248 607 3603 686; x_wconf 83' lang='lat' dir='ltr'><strong><em>remittere,</em></strong></span> <span class='ocrx_word' id='word_1_405' title='bbox 3639 606 3946 673; x_wconf 86' lang='lat' dir='ltr'><strong><em>Christus</em></strong></span> <span class='ocrx_word' id='word_1_406' title='bbox 3980 607 4121 691; x_wconf 90' lang='lat' dir='ltr'><strong><em>ipse</em></strong></span> <span class='ocrx_word' id='word_1_407' title='bbox 4157 607 4646 689; x_wconf 87' lang='lat' dir='ltr'><strong><em>interpretatur.</em></strong></span> 
     </span>
     <span class='ocr_line' id='line_1_60' title="bbox 2697 691 4648 777; baseline 0.001 -21"><span class='ocrx_word' id='word_1_408' title='bbox 2697 692 2844 757; x_wconf 90' lang='lat' dir='ltr'><strong><em>Iam</em></strong></span> <span class='ocrx_word' id='word_1_409' title='bbox 2866 710 3030 775; x_wconf 86' lang='lat' dir='ltr'><strong><em>quae</em></strong></span> <span class='ocrx_word' id='word_1_410' title='bbox 3064 692 3152 756; x_wconf 89' lang='lat' dir='ltr'><strong><em>sit</em></strong></span> <span class='ocrx_word' id='word_1_411' title='bbox 3185 691 3485 756; x_wconf 84' lang='lat' dir='ltr'><strong><em>solvendi</em></strong></span> <span class='ocrx_word' id='word_1_412' title='bbox 3519 694 3705 771; x_wconf 87' lang='lat' dir='ltr'><strong><em>ratic,</em></strong></span> <span class='ocrx_word' id='word_1_413' title='bbox 3745 693 4016 777; x_wconf 81' lang='lat' dir='ltr'><strong><em>exponit</em></strong></span> <span class='ocrx_word' id='word_1_414' title='bbox 4050 713 4089 757; x_wconf 88' lang='lat' dir='ltr'><strong><em>a</em></strong></span> <span class='ocrx_word' id='word_1_415' title='bbox 4207 692 4381 757; x_wconf 88' lang='lat' dir='ltr'><strong><em>tolus</em></strong></span> <span class='ocrx_word' id='word_1_416' title='bbox 4423 691 4648 776; x_wconf 88' lang='lat' dir='ltr'><strong><em>(Rom.</em></strong></span> 
     </span>
     <span class='ocr_line' id='line_1_61' title="bbox 2705 713 4649 862; baseline 0.002 -23"><span class='ocrx_word' id='word_1_417' title='bbox 2705 783 2759 857; x_wconf 93' lang='lat' dir='ltr'><strong><em>l,</em></strong></span> <span class='ocrx_word' id='word_1_418' title='bbox 2807 778 2931 861; x_wconf 87' lang='grc'><strong><em>16),</em></strong></span> <span class='ocrx_word' id='word_1_419' title='bbox 3003 776 3161 841; x_wconf 89' lang='lat' dir='ltr'><strong><em>dum</em></strong></span> <span class='ocrx_word' id='word_1_420' title='bbox 3219 778 3635 862; x_wconf 81' lang='lat' dir='ltr'><strong><em>evangelium</em></strong></span> <span class='ocrx_word' id='word_1_421' title='bbox 3689 778 4008 844; x_wconf 77' lang='lat' dir='ltr'><strong><em>virtutem</em></strong></span> <span class='ocrx_word' id='word_1_422' title='bbox 4061 713 4205 842; x_wconf 64' lang='lat' dir='ltr'><strong><em>lpgis</em></strong></span> <span class='ocrx_word' id='word_1_423' title='bbox 4247 799 4390 843; x_wconf 90' lang='lat' dir='ltr'><strong><em>esse</em></strong></span> <span class='ocrx_word' id='word_1_424' title='bbox 4446 776 4649 856; x_wconf 87' lang='lat' dir='ltr'><strong><em>docet,</em></strong></span> 
     </span>
     <span class='ocr_line' id='line_1_62' title="bbox 2700 862 4649 948; baseline -0.001 -19"><span class='ocrx_word' id='word_1_425' title='bbox 2700 864 2784 929; x_wconf 97' lang='lat' dir='ltr'><strong><em>ad</em></strong></span> <span class='ocrx_word' id='word_1_426' title='bbox 2819 863 3098 929; x_wconf 89' lang='lat' dir='ltr'><strong><em>salutem</em></strong></span> <span class='ocrx_word' id='word_1_427' title='bbox 3131 863 3310 927; x_wconf 90' lang='lat' dir='ltr'><strong><em>omni</em></strong></span> <span class='ocrx_word' id='word_1_428' title='bbox 3342 862 3650 929; x_wconf 88' lang='lat' dir='ltr'><strong><em>credenti.</em></strong></span> <span class='ocrx_word' id='word_1_429' title='bbox 3717 863 4015 930; x_wconf 83' lang='lat' dir='ltr'><strong><em>Rursum</em></strong></span> <span class='ocrx_word' id='word_1_430' title='bbox 4045 864 4194 947; x_wconf 89' lang='lat' dir='ltr'><strong><em>quis</em></strong></span> <span class='ocrx_word' id='word_1_431' title='bbox 4225 862 4478 948; x_wconf 84' lang='lat' dir='ltr'><strong><em>ligandi</em></strong></span> <span class='ocrx_word' id='word_1_432' title='bbox 4512 884 4649 928; x_wconf 88' lang='lat' dir='ltr'><strong><em>mo·</em></strong></span> 
     </span>
     <span class='ocr_line' id='line_1_63' title="bbox 2702 946 4651 1033; baseline 0.001 -19"><span class='ocrx_word' id='word_1_433' title='bbox 2702 949 2843 1027; x_wconf 86' lang='lat' dir='ltr'><strong><em>dus,</em></strong></span> <span class='ocrx_word' id='word_1_434' title='bbox 2888 946 3046 1013; x_wconf 92' lang='lat' dir='ltr'><strong><em>dum</em></strong></span> <span class='ocrx_word' id='word_1_435' title='bbox 3084 956 3454 1032; x_wconf 88' lang='lat' dir='ltr'><strong><em>promptam</em></strong></span> <span class='ocrx_word' id='word_1_436' title='bbox 3488 970 3692 1033; x_wconf 90' lang='lat' dir='ltr'><strong><em>penes</em></strong></span> <span class='ocrx_word' id='word_1_437' title='bbox 3738 948 4062 1033; x_wconf 86' lang='lat' dir='ltr'><strong><em>apostolos</em></strong></span> <span class='ocrx_word' id='word_1_438' title='bbox 4099 948 4459 1016; x_wconf 83' lang='lat' dir='ltr'><strong><em>vindictam</em></strong></span> <span class='ocrx_word' id='word_1_439' title='bbox 4508 969 4651 1015; x_wconf 92' lang='grc'><strong>6666</strong></span> 
     </span>
     <span class='ocr_line' id='line_1_64' title="bbox 2701 1033 4648 1118; baseline 0.002 -19"><span class='ocrx_word' id='word_1_440' title='bbox 2701 1034 2860 1099; x_wconf 89' lang='lat' dir='ltr'><strong><em>dicit</em></strong></span> <span class='ocrx_word' id='word_1_441' title='bbox 2903 1033 3217 1099; x_wconf 87' lang='lat' dir='ltr'><strong><em>adversus</em></strong></span> <span class='ocrx_word' id='word_1_442' title='bbox 3262 1055 3527 1099; x_wconf 90' lang='lat' dir='ltr'><strong><em>omnem</em></strong></span> <span class='ocrx_word' id='word_1_443' title='bbox 3568 1034 4076 1101; x_wconf 82' lang='lat' dir='ltr'><strong><em>inobedientiam</em></strong></span> <span class='ocrx_word' id='word_1_444' title='bbox 4123 1037 4190 1117; x_wconf 88' lang='grc'><strong><em>(2</em></strong></span> <span class='ocrx_word' id='word_1_445' title='bbox 4228 1034 4377 1100; x_wconf 88' lang='lat' dir='ltr'><strong><em>Cor.</em></strong></span> <span class='ocrx_word' id='word_1_446' title='bbox 4425 1039 4520 1112; x_wconf 89' lang='grc'><strong><em>10,</em></strong></span> <span class='ocrx_word' id='word_1_447' title='bbox 4563 1038 4648 1118; x_wconf 88' lang='grc'><strong><em>6).</em></strong></span> 
     </span>
     <span class='ocr_line' id='line_1_65' title="bbox 2701 1119 4653 1204; baseline 0 -18"><span class='ocrx_word' id='word_1_448' title='bbox 2701 1119 3044 1203; x_wconf 81' lang='lat' dir='ltr'><strong><em>Siquidem</em></strong></span> <span class='ocrx_word' id='word_1_449' title='bbox 3090 1120 3414 1204; x_wconf 85' lang='lat' dir='ltr'><strong><em>evangelii</em></strong></span> <span class='ocrx_word' id='word_1_450' title='bbox 3458 1142 3717 1186; x_wconf 89' lang='lat' dir='ltr'><strong><em>summa</em></strong></span> <span class='ocrx_word' id='word_1_451' title='bbox 3759 1129 3891 1200; x_wconf 89' lang='lat' dir='ltr'><strong><em>est,</em></strong></span> <span class='ocrx_word' id='word_1_452' title='bbox 3946 1143 4065 1186; x_wconf 89' lang='lat' dir='ltr'><strong><em>nos</em></strong></span> <span class='ocrx_word' id='word_1_453' title='bbox 4102 1120 4351 1204; x_wconf 90' lang='lat' dir='ltr'><strong><em>peccati</em></strong></span> <span class='ocrx_word' id='word_1_454' title='bbox 4390 1122 4653 1186; x_wconf 84' lang='lat' dir='ltr'><strong><em>mortis-</em></strong></span> 
     </span>
     <span class='ocr_line' id='line_1_66' title="bbox 2699 1204 4716 1290; baseline -0.001 -19"><span class='ocrx_word' id='word_1_455' title='bbox 2699 1227 2827 1290; x_wconf 90' lang='lat' dir='ltr'><strong><em>que</em></strong></span> <span class='ocrx_word' id='word_1_456' title='bbox 2873 1226 3116 1283; x_wconf 85' lang='lat' dir='ltr'><strong><em>servos,</em></strong></span> <span class='ocrx_word' id='word_1_457' title='bbox 3163 1205 3327 1270; x_wconf 80' lang='lat' dir='ltr'><strong><em>solvi</em></strong></span> <span class='ocrx_word' id='word_1_458' title='bbox 3370 1226 3445 1271; x_wconf 97' lang='grc'><strong><em>66</em></strong></span> <span class='ocrx_word' id='word_1_459' title='bbox 3483 1205 3748 1271; x_wconf 86' lang='lat' dir='ltr'><strong><em>liberari</em></strong></span> <span class='ocrx_word' id='word_1_460' title='bbox 3782 1228 3901 1289; x_wconf 91' lang='lat' dir='ltr'><strong><em>per</em></strong></span> <span class='ocrx_word' id='word_1_461' title='bbox 3935 1204 4450 1288; x_wconf 86' lang='lat' dir='ltr'><strong><em>redemptionem</em></strong></span> <span class='ocrx_word' id='word_1_462' title='bbox 4486 1229 4653 1290; x_wconf 86' lang='lat' dir='ltr'><strong><em>quae</em></strong></span> <span class='ocrx_word' id='word_1_463' title='bbox 4705 1259 4716 1268; x_wconf 91' lang='lat'><strong><em>.</em></strong></span> 
     </span>
     <span class='ocr_line' id='line_1_67' title="bbox 2701 1289 4654 1376; baseline 0.001 -19"><span class='ocrx_word' id='word_1_464' title='bbox 2701 1299 2802 1357; x_wconf 91' lang='lat' dir='ltr'><strong><em>est</em></strong></span> <span class='ocrx_word' id='word_1_465' title='bbox 2835 1291 2904 1356; x_wconf 92' lang='lat' dir='ltr'><strong><em>in</em></strong></span> <span class='ocrx_word' id='word_1_466' title='bbox 2942 1289 3210 1357; x_wconf 82' lang='lat' dir='ltr'><strong><em>Christo</em></strong></span> <span class='ocrx_word' id='word_1_467' title='bbox 3231 1291 3406 1369; x_wconf 91' lang='lat' dir='ltr'><strong><em>Iesu,</em></strong></span> <span class='ocrx_word' id='word_1_468' title='bbox 3445 1314 3642 1375; x_wconf 91' lang='lat' dir='ltr'><strong><em>quem</em></strong></span> <span class='ocrx_word' id='word_1_469' title='bbox 3678 1293 3789 1375; x_wconf 92' lang='lat' dir='ltr'><strong><em>qui</em></strong></span> <span class='ocrx_word' id='word_1_470' title='bbox 3826 1292 4305 1376; x_wconf 89' lang='lat' dir='ltr'><strong><em>redemptorem</em></strong></span> <span class='ocrx_word' id='word_1_471' title='bbox 4341 1312 4476 1357; x_wconf 91' lang='lat' dir='ltr'><strong><em>non</em></strong></span> <span class='ocrx_word' id='word_1_472' title='bbox 4510 1315 4654 1358; x_wconf 90' lang='lat' dir='ltr'><strong><em>sus-</em></strong></span> 
     </span>
     <span class='ocr_line' id='line_1_68' title="bbox 2700 1377 4653 1462; baseline 0 -18"><span class='ocrx_word' id='word_1_473' title='bbox 2700 1378 2980 1462; x_wconf 89' lang='lat' dir='ltr'><strong><em>cipiunt,</em></strong></span> <span class='ocrx_word' id='word_1_474' title='bbox 3047 1398 3158 1442; x_wconf 88' lang='lat' dir='ltr'><strong><em>eos</em></strong></span> <span class='ocrx_word' id='word_1_475' title='bbox 3214 1377 3403 1443; x_wconf 82' lang='lat' dir='ltr'><strong><em>novis</em></strong></span> <span class='ocrx_word' id='word_1_476' title='bbox 3464 1377 3785 1462; x_wconf 83' lang='lat' dir='ltr'><strong><em>gravioris</em></strong></span> <span class='ocrx_word' id='word_1_477' title='bbox 3861 1378 4301 1443; x_wconf 88' lang='lat' dir='ltr'><strong><em>damnationis</em></strong></span> <span class='ocrx_word' id='word_1_478' title='bbox 4369 1378 4653 1445; x_wconf 80' lang='lat' dir='ltr'><strong><em>vinculis</em></strong></span> 
     </span>
     <span class='ocr_line' id='line_1_69' title="bbox 2698 1463 4654 1548; baseline 0.001 -20"><span class='ocrx_word' id='word_1_479' title='bbox 2698 1463 3080 1547; x_wconf 87' lang='lat' dir='ltr'><strong><em>constringi.</em></strong></span> <span class='ocrx_word' id='word_1_480' title='bbox 3141 1463 3395 1527; x_wconf 86' lang='lat' dir='ltr'><strong><em>Verum</em></strong></span> <span class='ocrx_word' id='word_1_481' title='bbox 3441 1464 3936 1529; x_wconf 84' lang='lat' dir='ltr'><strong><em>meminerimus</em></strong></span> <span class='ocrx_word' id='word_1_482' title='bbox 3979 1463 4179 1542; x_wconf 89' lang='lat' dir='ltr'><strong><em>illam,</em></strong></span> <span class='ocrx_word' id='word_1_483' title='bbox 4226 1485 4390 1546; x_wconf 90' lang='lat' dir='ltr'><strong><em>quae</em></strong></span> <span class='ocrx_word' id='word_1_484' title='bbox 4432 1481 4654 1548; x_wconf 86' lang='lat' dir='ltr'><strong><em>pasto-</em></strong></span> 
     </span>
     <span class='ocr_line' id='line_1_70' title="bbox 2699 1546 4650 1633; baseline 0.002 -20"><span class='ocrx_word' id='word_1_485' title='bbox 2699 1549 2882 1614; x_wconf 89' lang='lat' dir='ltr'><strong><em>ribus</em></strong></span> <span class='ocrx_word' id='word_1_486' title='bbox 2926 1550 2997 1612; x_wconf 89' lang='lat' dir='ltr'><strong><em>in</em></strong></span> <span class='ocrx_word' id='word_1_487' title='bbox 3043 1549 3369 1633; x_wconf 90' lang='lat' dir='ltr'><strong><em>scriptura</em></strong></span> <span class='ocrx_word' id='word_1_488' title='bbox 3407 1546 3715 1628; x_wconf 86' lang='lat' dir='ltr'><strong><em>defertur,</em></strong></span> <span class='ocrx_word' id='word_1_489' title='bbox 3763 1556 4169 1632; x_wconf 89' lang='lat' dir='ltr'><strong><em>potestatem,</em></strong></span> <span class='ocrx_word' id='word_1_490' title='bbox 4216 1557 4423 1614; x_wconf 87' lang='lat' dir='ltr'><strong><em>totam</em></strong></span> <span class='ocrx_word' id='word_1_491' title='bbox 4469 1550 4650 1616; x_wconf 85' lang='lat' dir='ltr'><strong><em>verbi</em></strong></span> 
     </span>
     <span class='ocr_line' id='line_1_71' title="bbox 2698 1635 4650 1719; baseline 0.002 -21"><span class='ocrx_word' id='word_1_492' title='bbox 2698 1635 3061 1700; x_wconf 86' lang='lat' dir='ltr'><strong><em>ministerio</em></strong></span> <span class='ocrx_word' id='word_1_493' title='bbox 3095 1635 3514 1698; x_wconf 86' lang='lat' dir='ltr'><strong><em>terminatam</em></strong></span> <span class='ocrx_word' id='word_1_494' title='bbox 3555 1656 3714 1701; x_wconf 86' lang='lat' dir='ltr'><strong><em>esse.</em></strong></span> <span class='ocrx_word' id='word_1_495' title='bbox 3809 1636 3868 1699; x_wconf 89' lang='lat' dir='ltr'>N</span> <span class='ocrx_word' id='word_1_496' title='bbox 3871 1656 3955 1700; x_wconf 89' lang='lat' dir='ltr'><strong><em>on</em></strong></span> <span class='ocrx_word' id='word_1_497' title='bbox 4000 1636 4176 1701; x_wconf 90' lang='lat' dir='ltr'><strong><em>enim</em></strong></span> <span class='ocrx_word' id='word_1_498' title='bbox 4222 1635 4394 1701; x_wconf 89' lang='lat' dir='ltr'><strong><em>hanc</em></strong></span> <span class='ocrx_word' id='word_1_499' title='bbox 4433 1644 4650 1719; x_wconf 87' lang='lat' dir='ltr'><strong><em>potes·</em></strong></span> 
     </span>
     <span class='ocr_line' id='line_1_72' title="bbox 2697 1718 4651 1803; baseline 0.001 -17"><span class='ocrx_word' id='word_1_500' title='bbox 2697 1730 2898 1786; x_wconf 89' lang='lat' dir='ltr'><strong><em>tatem</em></strong></span> <span class='ocrx_word' id='word_1_501' title='bbox 2945 1718 3316 1785; x_wconf 89' lang='lat' dir='ltr'><strong><em>hominibus</em></strong></span> <span class='ocrx_word' id='word_1_502' title='bbox 3364 1722 3625 1803; x_wconf 89' lang='lat' dir='ltr'><strong><em>proprie</em></strong></span> <span class='ocrx_word' id='word_1_503' title='bbox 3679 1720 3988 1787; x_wconf 85' lang='lat' dir='ltr'><strong><em>Christus</em></strong></span> <span class='ocrx_word' id='word_1_504' title='bbox 4033 1719 4241 1786; x_wconf 88' lang='lat' dir='ltr'><strong><em>dedit:</em></strong></span> <span class='ocrx_word' id='word_1_505' title='bbox 4288 1720 4406 1786; x_wconf 90' lang='lat' dir='ltr'><strong><em>sed</em></strong></span> <span class='ocrx_word' id='word_1_506' title='bbox 4453 1723 4651 1789; x_wconf 79' lang='lat' dir='ltr'><strong><em>verbo</em></strong></span> 
     </span>
     <span class='ocr_line' id='line_1_73' title="bbox 2701 1806 4649 1891; baseline 0.002 -19"><span class='ocrx_word' id='word_1_507' title='bbox 2701 1827 2849 1884; x_wconf 90' lang='lat' dir='ltr'><strong><em>suo,</em></strong></span> <span class='ocrx_word' id='word_1_508' title='bbox 2905 1806 3092 1872; x_wconf 88' lang='lat' dir='ltr'><strong><em>cuius</em></strong></span> <span class='ocrx_word' id='word_1_509' title='bbox 3147 1806 3444 1871; x_wconf 89' lang='lat' dir='ltr'><strong><em>homines</em></strong></span> <span class='ocrx_word' id='word_1_510' title='bbox 3487 1808 3827 1873; x_wconf 85' lang='lat' dir='ltr'><strong><em>ministros</em></strong></span> <span class='ocrx_word' id='word_1_511' title='bbox 3871 1807 4039 1873; x_wconf 86' lang='lat' dir='ltr'><strong><em>fecit.</em></strong></span> <span class='ocrx_word' id='word_1_512' title='bbox 4129 1807 4361 1891; x_wconf 90' lang='lat' dir='ltr'><strong><em>Itaque</em></strong></span> <span class='ocrx_word' id='word_1_513' title='bbox 4405 1808 4581 1875; x_wconf 84' lang='lat' dir='ltr'><strong><em>verbo</em></strong></span> <span class='ocrx_word' id='word_1_514' title='bbox 4604 1809 4649 1889; x_wconf 87' lang='lat'><strong><em>¹)</em></strong></span> 
     </span>
     <span class='ocr_line' id='line_1_74' title="bbox 2700 1892 4652 1975; baseline 0.001 -17"><span class='ocrx_word' id='word_1_515' title='bbox 2700 1892 2846 1971; x_wconf 88' lang='lat' dir='ltr'><strong><em>Dei,</em></strong></span> <span class='ocrx_word' id='word_1_516' title='bbox 2891 1893 3077 1957; x_wconf 80' lang='lat' dir='ltr'><strong><em>euius</em></strong></span> <span class='ocrx_word' id='word_1_517' title='bbox 3106 1893 3305 1975; x_wconf 88' lang='lat' dir='ltr'><strong><em>positi</em></strong></span> <span class='ocrx_word' id='word_1_518' title='bbox 3338 1897 3486 1956; x_wconf 68' lang='lat' dir='ltr'><strong><em>sum</em></strong></span> <span class='ocrx_word' id='word_1_519' title='bbox 3518 1893 3996 1975; x_wconf 80' lang='lat' dir='ltr'><strong><em>dispensatores,</em></strong></span> <span class='ocrx_word' id='word_1_520' title='bbox 4039 1893 4407 1974; x_wconf 76' lang='lat' dir='ltr'><strong><em>confidenter</em></strong></span> <span class='ocrx_word' id='word_1_521' title='bbox 4441 1896 4652 1959; x_wconf 81' lang='lat' dir='ltr'><strong><em>omnia</em></strong></span> 
     </span>
     <span class='ocr_line' id='line_1_75' title="bbox 2701 1978 4650 2064; baseline 0.001 -20"><span class='ocrx_word' id='word_1_522' title='bbox 2701 1979 2974 2044; x_wconf 78' lang='lat' dir='ltr'><strong><em>audeant</em></strong></span> <span class='ocrx_word' id='word_1_523' title='bbox 2987 2029 3002 2058; x_wconf 93' lang='lat'><strong><em>,</em></strong></span> <span class='ocrx_word' id='word_1_524' title='bbox 3056 1979 3196 2043; x_wconf 84' lang='lat' dir='ltr'><strong><em>eius</em></strong></span> <span class='ocrx_word' id='word_1_525' title='bbox 3237 1978 3555 2043; x_wconf 84' lang='lat' dir='ltr'><strong><em>maiestati</em></strong></span> <span class='ocrx_word' id='word_1_526' title='bbox 3599 1999 3838 2044; x_wconf 83' lang='lat' dir='ltr'><strong><em>omnem</em></strong></span> <span class='ocrx_word' id='word_1_527' title='bbox 3879 1980 4104 2044; x_wconf 79' lang='lat' dir='ltr'><strong><em>mundi</em></strong></span> <span class='ocrx_word' id='word_1_528' title='bbox 4157 1980 4470 2059; x_wconf 67' lang='lat' dir='ltr'><strong><em>virtmm,</em></strong></span> <span class='ocrx_word' id='word_1_529' title='bbox 4519 1980 4650 2064; x_wconf 75' lang='lat' dir='ltr'><strong><em>ylo-</em></strong></span> 
     </span>
     <span class='ocr_line' id='line_1_76' title="bbox 2697 2062 4653 2148; baseline 0.001 -20"><span class='ocrx_word' id='word_1_530' title='bbox 2697 2065 2884 2142; x_wconf 82' lang='lat' dir='ltr'><strong><em>riam,</em></strong></span> <span class='ocrx_word' id='word_1_531' title='bbox 2929 2062 3368 2129; x_wconf 71' lang='lat' dir='ltr'><strong><em>sublimitatem</em></strong></span> <span class='ocrx_word' id='word_1_532' title='bbox 3410 2063 3629 2129; x_wconf 86' lang='lat' dir='ltr'><strong><em>cadere</em></strong></span> <span class='ocrx_word' id='word_1_533' title='bbox 3644 2067 3698 2145; x_wconf 78' lang='lat'><strong><em>²)</em></strong></span> <span class='ocrx_word' id='word_1_534' title='bbox 3746 2070 3930 2146; x_wconf 77' lang='lat' dir='ltr'><strong><em>atque</em></strong></span> <span class='ocrx_word' id='word_1_535' title='bbox 3970 2065 4210 2131; x_wconf 89' lang='lat' dir='ltr'><strong><em>obedire</em></strong></span> <span class='ocrx_word' id='word_1_536' title='bbox 4249 2070 4495 2148; x_wconf 73' lang='lat' dir='ltr'><strong><em>coyant:</em></strong></span> <span class='ocrx_word' id='word_1_537' title='bbox 4535 2087 4653 2147; x_wconf 82' lang='lat' dir='ltr'><strong><em>per</em></strong></span> 
     </span>
     <span class='ocr_line' id='line_1_77' title="bbox 2697 2141 4654 2232; baseline 0.001 -18"><span class='ocrx_word' id='word_1_538' title='bbox 2697 2150 2910 2232; x_wconf 79' lang='lat' dir='ltr'><strong><em>ipsum</em></strong></span> <span class='ocrx_word' id='word_1_539' title='bbox 2953 2148 3239 2215; x_wconf 79' lang='lat' dir='ltr'><strong><em>omnibus</em></strong></span> <span class='ocrx_word' id='word_1_540' title='bbox 3254 2200 3269 2229; x_wconf 89' lang='lat'>‚</span> <span class='ocrx_word' id='word_1_541' title='bbox 3316 2171 3357 2214; x_wconf 90' lang='lat' dir='ltr'><strong><em>a</em></strong></span> <span class='ocrx_word' id='word_1_542' title='bbox 3401 2141 3648 2224; x_wconf 67' lang='lat' dir='ltr'><strong><em>summd</em></strong></span> <span class='ocrx_word' id='word_1_543' title='bbox 3685 2170 3879 2232; x_wconf 76' lang='lat' dir='ltr'><strong><em>usque</em></strong></span> <span class='ocrx_word' id='word_1_544' title='bbox 3919 2151 4005 2215; x_wconf 89' lang='lat' dir='ltr'><strong><em>ad</em></strong></span> <span class='ocrx_word' id='word_1_545' title='bbox 4046 2152 4483 2231; x_wconf 80' lang='lat' dir='ltr'><strong><em>novissimum,</em></strong></span> <span class='ocrx_word' id='word_1_546' title='bbox 4539 2153 4654 2216; x_wconf 79' lang='lat' dir='ltr'><strong><em>im-</em></strong></span> 
     </span>
     <span class='ocr_line' id='line_1_78' title="bbox 2685 2232 4654 2320; baseline 0.002 -20"><span class='ocrx_word' id='word_1_547' title='bbox 2685 2240 2925 2316; x_wconf 79' lang='lat' dir='ltr'><strong><em>perent,</em></strong></span> <span class='ocrx_word' id='word_1_548' title='bbox 2965 2232 3202 2300; x_wconf 75' lang='lat' dir='ltr'><strong><em>Christi</em></strong></span> <span class='ocrx_word' id='word_1_549' title='bbox 3234 2236 3486 2301; x_wconf 62' lang='lat' dir='ltr'><strong><em>deinum</em></strong></span> <span class='ocrx_word' id='word_1_550' title='bbox 3520 2236 3841 2317; x_wconf 77' lang='lat' dir='ltr'><strong><em>aedificent</em></strong></span> <span class='ocrx_word' id='word_1_551' title='bbox 3855 2286 3871 2315; x_wconf 90' lang='lat'><strong><em>,</em></strong></span> <span class='ocrx_word' id='word_1_552' title='bbox 3913 2235 4191 2302; x_wconf 81' lang='lat' dir='ltr'><strong><em>Satanae</em></strong></span> <span class='ocrx_word' id='word_1_553' title='bbox 4222 2257 4480 2320; x_wconf 71' lang='lat' dir='ltr'><strong><em>requam</em></strong></span> <span class='ocrx_word' id='word_1_554' title='bbox 4513 2239 4654 2303; x_wconf 80' lang='lat' dir='ltr'><strong><em>sub-</em></strong></span> 
     </span>
     <span class='ocr_line' id='line_1_79' title="bbox 2697 2321 4655 2404; baseline 0.001 -17"><span class='ocrx_word' id='word_1_555' title='bbox 2697 2326 2971 2401; x_wconf 81' lang='lat' dir='ltr'><strong><em>vertant,</em></strong></span> <span class='ocrx_word' id='word_1_556' title='bbox 3016 2340 3154 2385; x_wconf 84' lang='lat' dir='ltr'><strong><em>oves</em></strong></span> <span class='ocrx_word' id='word_1_557' title='bbox 3183 2326 3487 2404; x_wconf 83' lang='lat' dir='ltr'><strong><em>pascant,</em></strong></span> <span class='ocrx_word' id='word_1_558' title='bbox 3530 2321 3715 2403; x_wconf 83' lang='lat' dir='ltr'><strong><em>lupos</em></strong></span> <span class='ocrx_word' id='word_1_559' title='bbox 3757 2323 4157 2404; x_wconf 66' lang='lat' dir='ltr'><strong><em>interficiant,</em></strong></span> <span class='ocrx_word' id='word_1_560' title='bbox 4202 2323 4433 2389; x_wconf 85' lang='lat' dir='ltr'><strong><em>dociles</em></strong></span> <span class='ocrx_word' id='word_1_561' title='bbox 4476 2324 4655 2390; x_wconf 77' lang='lat' dir='ltr'><strong><em>insti·</em></strong></span> 
     </span>
     <span class='ocr_line' id='line_1_80' title="bbox 2700 2406 4654 2492; baseline -0.001 -20"><span class='ocrx_word' id='word_1_562' title='bbox 2700 2412 2881 2472; x_wconf 77' lang='lat' dir='ltr'><strong><em>tuant</em></strong></span> <span class='ocrx_word' id='word_1_563' title='bbox 2923 2411 2980 2472; x_wconf 86' lang='lat' dir='ltr'><strong><em>et</em></strong></span> <span class='ocrx_word' id='word_1_564' title='bbox 3011 2406 3423 2485; x_wconf 71' lang='lat' dir='ltr'><strong><em>exhortentur,</em></strong></span> <span class='ocrx_word' id='word_1_565' title='bbox 3469 2407 3720 2473; x_wconf 82' lang='lat' dir='ltr'><strong><em>rebelles</em></strong></span> <span class='ocrx_word' id='word_1_566' title='bbox 3755 2413 3811 2472; x_wconf 90' lang='lat' dir='ltr'><strong><em>et</em></strong></span> <span class='ocrx_word' id='word_1_567' title='bbox 3832 2408 4191 2491; x_wconf 82' lang='lat' dir='ltr'><strong><em>pervicaces</em></strong></span> <span class='ocrx_word' id='word_1_568' title='bbox 4225 2414 4514 2492; x_wconf 71' lang='lat' dir='ltr'><strong><em>arquant.</em></strong></span> <span class='ocrx_word' id='word_1_569' title='bbox 4561 2412 4654 2474; x_wconf 76' lang='lat' dir='ltr'><strong><em>in-</em></strong></span> 
     </span>
     <span class='ocr_line' id='line_1_81' title="bbox 2698 2492 4653 2578; baseline 0.001 -20"><span class='ocrx_word' id='word_1_570' title='bbox 2698 2500 2959 2576; x_wconf 81' lang='lat' dir='ltr'><strong><em>crepent,</em></strong></span> <span class='ocrx_word' id='word_1_571' title='bbox 3003 2494 3358 2558; x_wconf 78' lang='lat' dir='ltr'><strong><em>revinoant:</em></strong></span> <span class='ocrx_word' id='word_1_572' title='bbox 3401 2492 3513 2558; x_wconf 83' lang='lat' dir='ltr'><strong><em>sed</em></strong></span> <span class='ocrx_word' id='word_1_573' title='bbox 3554 2495 3768 2559; x_wconf 78' lang='lat' dir='ltr'><strong><em>omnia</em></strong></span> <span class='ocrx_word' id='word_1_574' title='bbox 3810 2495 3882 2558; x_wconf 81' lang='lat' dir='ltr'><strong><em>in</em></strong></span> <span class='ocrx_word' id='word_1_575' title='bbox 3924 2493 4121 2559; x_wconf 86' lang='lat' dir='ltr'><strong><em>verbo.</em></strong></span> <span class='ocrx_word' id='word_1_576' title='bbox 4201 2495 4269 2558; x_wconf 84' lang='lat' dir='ltr'>A</span> <span class='ocrx_word' id='word_1_577' title='bbox 4302 2515 4428 2578; x_wconf 89' lang='lat' dir='ltr'><strong><em>quo</em></strong></span> <span class='ocrx_word' id='word_1_578' title='bbox 4475 2497 4532 2560; x_wconf 92' lang='lat' dir='ltr'><strong><em>si</em></strong></span> <span class='ocrx_word' id='word_1_579' title='bbox 4571 2495 4653 2560; x_wconf 88' lang='lat' dir='ltr'><strong><em>ad</em></strong></span> 
     </span>
     <span class='ocr_line' id='line_1_82' title="bbox 2700 2578 4654 2664; baseline 0 -19"><span class='ocrx_word' id='word_1_580' title='bbox 2700 2601 2820 2645; x_wconf 86' lang='lat' dir='ltr'><strong><em>sua</em></strong></span> <span class='ocrx_word' id='word_1_581' title='bbox 2859 2579 3143 2656; x_wconf 88' lang='lat' dir='ltr'><strong><em>somnia,</em></strong></span> <span class='ocrx_word' id='word_1_582' title='bbox 3189 2579 3547 2662; x_wconf 89' lang='lat' dir='ltr'><strong><em>capitisque</em></strong></span> <span class='ocrx_word' id='word_1_583' title='bbox 3591 2581 3694 2645; x_wconf 89' lang='lat' dir='ltr'><strong><em>sui</em></strong></span> <span class='ocrx_word' id='word_1_584' title='bbox 3735 2581 4054 2664; x_wconf 78' lang='lat' dir='ltr'><strong><em>figmenta</em></strong></span> <span class='ocrx_word' id='word_1_585' title='bbox 4095 2578 4459 2660; x_wconf 87' lang='lat' dir='ltr'><strong><em>divertant,</em></strong></span> <span class='ocrx_word' id='word_1_586' title='bbox 4507 2585 4654 2661; x_wconf 71' lang='lat' dir='ltr'><strong><em>[pag.</em></strong></span> 
     </span>
     <span class='ocr_line' id='line_1_83' title="bbox 2700 2664 4655 2751; baseline 0.001 -22"><span class='ocrx_word' id='word_1_587' title='bbox 2700 2669 2810 2744; x_wconf 84' lang='lat'><strong><em>48]</em></strong></span> <span class='ocrx_word' id='word_1_588' title='bbox 2856 2664 2988 2728; x_wconf 87' lang='lat' dir='ltr'><strong><em>iam</em></strong></span> <span class='ocrx_word' id='word_1_589' title='bbox 3013 2684 3142 2728; x_wconf 92' lang='lat' dir='ltr'><strong><em>non</em></strong></span> <span class='ocrx_word' id='word_1_590' title='bbox 3165 2685 3284 2747; x_wconf 90' lang='lat' dir='ltr'><strong><em>pro</em></strong></span> <span class='ocrx_word' id='word_1_591' title='bbox 3325 2665 3698 2747; x_wconf 84' lang='lat' dir='ltr'><strong><em>pastoribus</em></strong></span> <span class='ocrx_word' id='word_1_592' title='bbox 3722 2664 4035 2730; x_wconf 88' lang='lat' dir='ltr'><strong><em>habendi:</em></strong></span> <span class='ocrx_word' id='word_1_593' title='bbox 4083 2664 4215 2742; x_wconf 90' lang='lat' dir='ltr'><strong><em>sed,</em></strong></span> <span class='ocrx_word' id='word_1_594' title='bbox 4263 2686 4472 2748; x_wconf 89' lang='lat' dir='ltr'><strong><em>quum</em></strong></span> <span class='ocrx_word' id='word_1_595' title='bbox 4517 2667 4655 2751; x_wconf 92' lang='lat' dir='ltr'><strong><em>lupi</em></strong></span> 
     </span>
     <span class='ocr_line' id='line_1_84' title="bbox 2700 2749 4656 2835; baseline 0.001 -19"><span class='ocrx_word' id='word_1_596' title='bbox 2700 2752 2836 2816; x_wconf 83' lang='lat' dir='ltr'><strong><em>sint</em></strong></span> <span class='ocrx_word' id='word_1_597' title='bbox 2889 2749 3106 2832; x_wconf 88' lang='lat' dir='ltr'><strong><em>potius</em></strong></span> <span class='ocrx_word' id='word_1_598' title='bbox 3163 2751 3571 2833; x_wconf 89' lang='lat' dir='ltr'><strong><em>pestilentes,</em></strong></span> <span class='ocrx_word' id='word_1_599' title='bbox 3641 2750 3948 2835; x_wconf 86' lang='lat' dir='ltr'><strong><em>abigendi</em></strong></span> <span class='ocrx_word' id='word_1_600' title='bbox 4003 2761 4177 2815; x_wconf 88' lang='lat' dir='ltr'><strong><em>sunt.</em></strong></span> <span class='ocrx_word' id='word_1_601' title='bbox 4266 2752 4418 2816; x_wconf 90' lang='lat' dir='ltr'><strong><em>Non</em></strong></span> <span class='ocrx_word' id='word_1_602' title='bbox 4479 2754 4656 2817; x_wconf 91' lang='lat' dir='ltr'><strong><em>enim</em></strong></span> 
     </span>
     <span class='ocr_line' id='line_1_85' title="bbox 2701 2834 4656 2920; baseline 0.001 -19"><span class='ocrx_word' id='word_1_603' title='bbox 2701 2836 2863 2901; x_wconf 91' lang='lat' dir='ltr'><strong><em>alios</em></strong></span> <span class='ocrx_word' id='word_1_604' title='bbox 2919 2834 3129 2901; x_wconf 90' lang='lat' dir='ltr'><strong><em>audiri</em></strong></span> <span class='ocrx_word' id='word_1_605' title='bbox 3185 2834 3494 2901; x_wconf 87' lang='lat' dir='ltr'><strong><em>Christus</em></strong></span> <span class='ocrx_word' id='word_1_606' title='bbox 3548 2837 3896 2920; x_wconf 84' lang='lat' dir='ltr'><strong><em>praecipit,</em></strong></span> <span class='ocrx_word' id='word_1_607' title='bbox 3953 2857 4152 2919; x_wconf 89' lang='lat' dir='ltr'><strong><em>quam</em></strong></span> <span class='ocrx_word' id='word_1_608' title='bbox 4206 2839 4316 2920; x_wconf 92' lang='lat' dir='ltr'><strong><em>qui</em></strong></span> <span class='ocrx_word' id='word_1_609' title='bbox 4374 2859 4497 2903; x_wconf 89' lang='lat' dir='ltr'><strong><em>nos</em></strong></span> <span class='ocrx_word' id='word_1_610' title='bbox 4541 2838 4656 2903; x_wconf 89' lang='lat' dir='ltr'><strong><em>do-</em></strong></span> 
     </span>
     <span class='ocr_line' id='line_1_86' title="bbox 2700 2922 4132 3006; baseline 0 -18"><span class='ocrx_word' id='word_1_611' title='bbox 2700 2929 2908 3001; x_wconf 88' lang='lat' dir='ltr'><strong><em>ceant,</em></strong></span> <span class='ocrx_word' id='word_1_612' title='bbox 2955 2941 3122 3005; x_wconf 91' lang='lat' dir='ltr'><strong><em>quae</em></strong></span> <span class='ocrx_word' id='word_1_613' title='bbox 3167 2922 3247 2987; x_wconf 91' lang='lat' dir='ltr'><strong><em>ab</em></strong></span> <span class='ocrx_word' id='word_1_614' title='bbox 3291 2923 3431 2988; x_wconf 89' lang='lat' dir='ltr'><strong><em>eius</em></strong></span> <span class='ocrx_word' id='word_1_615' title='bbox 3475 2923 3675 2991; x_wconf 82' lang='lat' dir='ltr'><strong><em>verbo</em></strong></span> <span class='ocrx_word' id='word_1_616' title='bbox 3716 2923 4132 3006; x_wconf 87' lang='lat' dir='ltr'><strong><em>sumpserint.</em></strong></span> 
     </span>
    </p>
   </div>
   <div class='ocr_carea' id='block_1_13' title="bbox 2971 3127 4376 3196">
    <p class='ocr_par' dir='ltr' id='par_1_13' title="bbox 2971 3127 4376 3196">
     <span class='ocr_line' id='line_1_87' title="bbox 2971 3127 4376 3196; baseline 0.002 -3"><span class='ocrx_word' id='word_1_617' title='bbox 2971 3127 3097 3194; x_wconf 88' lang='lat' dir='ltr'><strong><em>DE</em></strong></span> <span class='ocrx_word' id='word_1_618' title='bbox 3144 3127 3878 3196; x_wconf 75' lang='lat' dir='ltr'><strong>TRADITIONIBUS</strong></span> <span class='ocrx_word' id='word_1_619' title='bbox 3923 3130 4376 3196; x_wconf 79' lang='lat' dir='ltr'><strong><em>HUMANIS.</em></strong></span> 
     </span>
    </p>
   </div>
   <div class='ocr_carea' id='block_1_14' title="bbox 2703 3264 4679 4983">
    <p class='ocr_par' dir='ltr' id='par_1_14' title="bbox 2703 3264 4679 4983">
     <span class='ocr_line' id='line_1_88' title="bbox 2705 3264 4662 3439; baseline 0.001 -22"><span class='ocrx_word' id='word_1_620' title='bbox 2705 3264 3730 3418; x_wconf 42' lang='lat' dir='ltr'><strong><em>decesstgffitgffidiglafflgagssuiln</em></strong></span> <span class='ocrx_word' id='word_1_621' title='bbox 3748 3267 4662 3439; x_wconf 51' lang='lat' dir='ltr'><strong><em>sggotfetgfflmaffiusdoqt</em></strong></span> 
     </span>
     <span class='ocr_line' id='line_1_89' title="bbox 2709 3438 4659 3520; baseline 0.001 -17"><span class='ocrx_word' id='word_1_622' title='bbox 2709 3444 2808 3517; x_wconf 87' lang='lat'><strong><em>14,</em></strong></span> <span class='ocrx_word' id='word_1_623' title='bbox 2857 3440 2987 3517; x_wconf 88' lang='lat'><strong><em>40),</em></strong></span> <span class='ocrx_word' id='word_1_624' title='bbox 3048 3438 3273 3505; x_wconf 86' lang='lat' dir='ltr'><strong><em>civiles</em></strong></span> <span class='ocrx_word' id='word_1_625' title='bbox 3330 3438 3847 3517; x_wconf 84' lang='lat' dir='ltr'><strong><em>observationes,</em></strong></span> <span class='ocrx_word' id='word_1_626' title='bbox 3901 3438 4135 3520; x_wconf 90' lang='lat' dir='ltr'><strong><em>quibus</em></strong></span> <span class='ocrx_word' id='word_1_627' title='bbox 4186 3460 4307 3504; x_wconf 91' lang='lat' dir='ltr'><strong><em>ceu</em></strong></span> <span class='ocrx_word' id='word_1_628' title='bbox 4353 3440 4659 3517; x_wconf 82' lang='lat' dir='ltr'><strong><em>vinculis,</em></strong></span> 
     </span>
     <span class='ocr_line' id='line_1_90' title="bbox 2704 3522 4660 3603; baseline 0.002 -14"><span class='ocrx_word' id='word_1_629' title='bbox 2704 3524 2863 3590; x_wconf 87' lang='lat' dir='ltr'><strong><em>ordo</em></strong></span> <span class='ocrx_word' id='word_1_630' title='bbox 2909 3532 2977 3587; x_wconf 91' lang='lat' dir='ltr'><strong><em>et</em></strong></span> <span class='ocrx_word' id='word_1_631' title='bbox 3009 3522 3328 3590; x_wconf 84' lang='lat' dir='ltr'><strong><em>decorum</em></strong></span> <span class='ocrx_word' id='word_1_632' title='bbox 3372 3526 3444 3589; x_wconf 90' lang='lat' dir='ltr'><strong><em>in</em></strong></span> <span class='ocrx_word' id='word_1_633' title='bbox 3488 3523 4022 3590; x_wconf 83' lang='lat' dir='ltr'><strong><em>Christianorum</em></strong></span> <span class='ocrx_word' id='word_1_634' title='bbox 4078 3531 4269 3590; x_wconf 89' lang='lat' dir='ltr'><strong><em>coetu</em></strong></span> <span class='ocrx_word' id='word_1_635' title='bbox 4322 3527 4660 3603; x_wconf 80' lang='lat' dir='ltr'><strong><em>consistat,</em></strong></span> 
     </span>
     <span class='ocr_line' id='line_1_91' title="bbox 2703 3608 4664 3694; baseline 0.001 -17"><span class='ocrx_word' id='word_1_636' title='bbox 2703 3609 2813 3677; x_wconf 82' lang='lat' dir='ltr'><strong><em>vel</em></strong></span> <span class='ocrx_word' id='word_1_637' title='bbox 2856 3608 3200 3676; x_wconf 88' lang='lat' dir='ltr'><strong><em>concordia</em></strong></span> <span class='ocrx_word' id='word_1_638' title='bbox 3242 3610 3620 3689; x_wconf 82' lang='lat' dir='ltr'><strong><em>retineatur,</em></strong></span> <span class='ocrx_word' id='word_1_639' title='bbox 3664 3629 4076 3694; x_wconf 87' lang='lat' dir='ltr'><strong><em>nequaquam</em></strong></span> <span class='ocrx_word' id='word_1_640' title='bbox 4118 3612 4294 3675; x_wconf 89' lang='lat' dir='ltr'><strong><em>inter</em></strong></span> <span class='ocrx_word' id='word_1_641' title='bbox 4332 3612 4664 3678; x_wconf 84' lang='lat' dir='ltr'><strong><em>humanas</em></strong></span> 
     </span>
     <span class='ocr_line' id='line_1_92' title="bbox 2703 3695 4666 3781; baseline -0.001 -19"><span class='ocrx_word' id='word_1_642' title='bbox 2703 3695 3091 3762; x_wconf 74' lang='lat' dir='ltr'><strong><em>traditiones</em></strong></span> <span class='ocrx_word' id='word_1_643' title='bbox 3136 3696 3579 3762; x_wconf 87' lang='lat' dir='ltr'><strong><em>numerandae</em></strong></span> <span class='ocrx_word' id='word_1_644' title='bbox 3622 3703 3809 3761; x_wconf 88' lang='lat' dir='ltr'><strong><em>sunt:</em></strong></span> <span class='ocrx_word' id='word_1_645' title='bbox 3870 3695 3986 3761; x_wconf 88' lang='lat' dir='ltr'><strong><em>sed</em></strong></span> <span class='ocrx_word' id='word_1_646' title='bbox 4028 3695 4114 3761; x_wconf 89' lang='lat' dir='ltr'><strong><em>ad</em></strong></span> <span class='ocrx_word' id='word_1_647' title='bbox 4164 3695 4347 3761; x_wconf 89' lang='lat' dir='ltr'><strong><em>illam</em></strong></span> <span class='ocrx_word' id='word_1_648' title='bbox 4384 3697 4666 3781; x_wconf 80' lang='lat' dir='ltr'><strong><em>apostoli</em></strong></span> 
     </span>
     <span class='ocr_line' id='line_1_93' title="bbox 2704 3780 4666 3866; baseline 0.001 -19"><span class='ocrx_word' id='word_1_649' title='bbox 2704 3781 3001 3866; x_wconf 84' lang='lat' dir='ltr'><strong><em>regulam</em></strong></span> <span class='ocrx_word' id='word_1_650' title='bbox 3041 3782 3259 3863; x_wconf 89' lang='lat' dir='ltr'><strong><em>potius</em></strong></span> <span class='ocrx_word' id='word_1_651' title='bbox 3303 3782 3699 3859; x_wconf 86' lang='lat' dir='ltr'><strong><em>referendae,</em></strong></span> <span class='ocrx_word' id='word_1_652' title='bbox 3745 3780 3939 3846; x_wconf 89' lang='lat' dir='ltr'><strong><em>modo</em></strong></span> <span class='ocrx_word' id='word_1_653' title='bbox 3983 3802 4066 3847; x_wconf 91' lang='lat' dir='ltr'><strong><em>ne</em></strong></span> <span class='ocrx_word' id='word_1_654' title='bbox 4100 3781 4210 3847; x_wconf 84' lang='lat' dir='ltr'><strong><em>vel</em></strong></span> <span class='ocrx_word' id='word_1_655' title='bbox 4254 3781 4337 3847; x_wconf 90' lang='lat' dir='ltr'><strong><em>ad</em></strong></span> <span class='ocrx_word' id='word_1_656' title='bbox 4381 3784 4666 3850; x_wconf 86' lang='lat' dir='ltr'><strong><em>salutem</em></strong></span> 
     </span>
     <span class='ocr_line' id='line_1_94' title="bbox 2705 3866 4668 3952; baseline 0.002 -20"><span class='ocrx_word' id='word_1_657' title='bbox 2705 3867 3110 3934; x_wconf 89' lang='lat' dir='ltr'><strong><em>necessariae</em></strong></span> <span class='ocrx_word' id='word_1_658' title='bbox 3153 3866 3523 3948; x_wconf 87' lang='lat' dir='ltr'><strong><em>credantur,</em></strong></span> <span class='ocrx_word' id='word_1_659' title='bbox 3570 3866 3673 3933; x_wconf 86' lang='lat' dir='ltr'><strong><em>vel</em></strong></span> <span class='ocrx_word' id='word_1_660' title='bbox 3719 3868 4155 3933; x_wconf 88' lang='lat' dir='ltr'><strong><em>conscientias</em></strong></span> <span class='ocrx_word' id='word_1_661' title='bbox 4189 3868 4512 3952; x_wconf 83' lang='lat' dir='ltr'><strong><em>religione</em></strong></span> <span class='ocrx_word' id='word_1_662' title='bbox 4548 3869 4668 3935; x_wconf 88' lang='lat' dir='ltr'><strong><em>ob·</em></strong></span> 
     </span>
     <span class='ocr_line' id='line_1_95' title="bbox 2705 3951 4668 4037; baseline 0 -18"><span class='ocrx_word' id='word_1_663' title='bbox 2705 3954 3048 4037; x_wconf 86' lang='lat' dir='ltr'><strong><em>stringant,</em></strong></span> <span class='ocrx_word' id='word_1_664' title='bbox 3086 3951 3192 4017; x_wconf 82' lang='lat' dir='ltr'><strong><em>vel</em></strong></span> <span class='ocrx_word' id='word_1_665' title='bbox 3236 3951 3320 4017; x_wconf 90' lang='lat' dir='ltr'><strong><em>ad</em></strong></span> <span class='ocrx_word' id='word_1_666' title='bbox 3354 3954 3482 4019; x_wconf 90' lang='lat' dir='ltr'><strong><em>Dei</em></strong></span> <span class='ocrx_word' id='word_1_667' title='bbox 3527 3953 3776 4020; x_wconf 88' lang='lat' dir='ltr'><strong><em>cultum</em></strong></span> <span class='ocrx_word' id='word_1_668' title='bbox 3821 3953 4264 4029; x_wconf 83' lang='lat' dir='ltr'><strong><em>conferantur,</em></strong></span> <span class='ocrx_word' id='word_1_669' title='bbox 4308 3953 4419 4020; x_wconf 82' lang='lat' dir='ltr'><strong><em>vel</em></strong></span> <span class='ocrx_word' id='word_1_670' title='bbox 4464 3955 4537 4020; x_wconf 91' lang='lat' dir='ltr'><strong><em>in</em></strong></span> <span class='ocrx_word' id='word_1_671' title='bbox 4584 3955 4668 4019; x_wconf 90' lang='lat' dir='ltr'><strong><em>il-</em></strong></span> 
     </span>
     <span class='ocr_line' id='line_1_96' title="bbox 2703 4039 4669 4123; baseline 0.001 -19"><span class='ocrx_word' id='word_1_672' title='bbox 2703 4040 2788 4104; x_wconf 92' lang='lat' dir='ltr'><strong><em>lis</em></strong></span> <span class='ocrx_word' id='word_1_673' title='bbox 2831 4041 3040 4123; x_wconf 88' lang='lat' dir='ltr'><strong><em>pietas</em></strong></span> <span class='ocrx_word' id='word_1_674' title='bbox 3085 4047 3455 4122; x_wconf 88' lang='lat' dir='ltr'><strong><em>reponatur.</em></strong></span> <span class='ocrx_word' id='word_1_675' title='bbox 3524 4039 3712 4121; x_wconf 78' lang='lat' dir='ltr'><strong><em>Quae</em></strong></span> <span class='ocrx_word' id='word_1_676' title='bbox 3750 4060 3902 4104; x_wconf 85' lang='lat' dir='ltr'><strong><em>vero</em></strong></span> <span class='ocrx_word' id='word_1_677' title='bbox 3945 4039 4069 4105; x_wconf 90' lang='lat' dir='ltr'><strong><em>sub</em></strong></span> <span class='ocrx_word' id='word_1_678' title='bbox 4111 4039 4302 4104; x_wconf 85' lang='lat' dir='ltr'><strong><em>titulo</em></strong></span> <span class='ocrx_word' id='word_1_679' title='bbox 4349 4040 4669 4123; x_wconf 81' lang='lat' dir='ltr'><strong><em>spiritua·</em></strong></span> 
     </span>
     <span class='ocr_line' id='line_1_97' title="bbox 2704 4123 4670 4210; baseline 0 -20"><span class='ocrx_word' id='word_1_680' title='bbox 2704 4125 2871 4191; x_wconf 88' lang='lat' dir='ltr'><strong><em>lium</em></strong></span> <span class='ocrx_word' id='word_1_681' title='bbox 2915 4125 3154 4209; x_wconf 84' lang='lat' dir='ltr'><strong><em>legum,</em></strong></span> <span class='ocrx_word' id='word_1_682' title='bbox 3200 4123 3283 4189; x_wconf 89' lang='lat' dir='ltr'><strong><em>ad</em></strong></span> <span class='ocrx_word' id='word_1_683' title='bbox 3325 4125 3627 4210; x_wconf 83' lang='lat' dir='ltr'><strong><em>ligandas</em></strong></span> <span class='ocrx_word' id='word_1_684' title='bbox 3673 4125 4133 4203; x_wconf 88' lang='lat' dir='ltr'><strong><em>conscientias,</em></strong></span> <span class='ocrx_word' id='word_1_685' title='bbox 4177 4125 4362 4191; x_wconf 82' lang='lat' dir='ltr'><strong><em>velut</em></strong></span> <span class='ocrx_word' id='word_1_686' title='bbox 4405 4126 4492 4191; x_wconf 90' lang='lat' dir='ltr'><strong><em>ad</em></strong></span> <span class='ocrx_word' id='word_1_687' title='bbox 4532 4125 4670 4192; x_wconf 88' lang='lat' dir='ltr'><strong><em>Dei</em></strong></span> 
     </span>
     <span class='ocr_line' id='line_1_98' title="bbox 2705 4211 4669 4289; baseline 0.001 -11"><span class='ocrx_word' id='word_1_688' title='bbox 2705 4213 2956 4278; x_wconf 86' lang='lat' dir='ltr'><strong><em>cultum</em></strong></span> <span class='ocrx_word' id='word_1_689' title='bbox 3001 4212 3402 4277; x_wconf 89' lang='lat' dir='ltr'><strong><em>necessariae</em></strong></span> <span class='ocrx_word' id='word_1_690' title='bbox 3445 4212 3764 4289; x_wconf 87' lang='lat' dir='ltr'><strong><em>feruntur,</em></strong></span> <span class='ocrx_word' id='word_1_691' title='bbox 3811 4211 3891 4275; x_wconf 88' lang='lat' dir='ltr'><strong><em>iis</em></strong></span> <span class='ocrx_word' id='word_1_692' title='bbox 3925 4211 4179 4277; x_wconf 87' lang='lat' dir='ltr'><strong><em>fortiter</em></strong></span> <span class='ocrx_word' id='word_1_693' title='bbox 4213 4219 4314 4277; x_wconf 88' lang='lat' dir='ltr'><strong><em>est</em></strong></span> <span class='ocrx_word' id='word_1_694' title='bbox 4348 4214 4669 4279; x_wconf 78' lang='lat' dir='ltr'><strong><em>resisten-</em></strong></span> 
     </span>
     <span class='ocr_line' id='line_1_99' title="bbox 2706 4296 4672 4381; baseline 0 -19"><span class='ocrx_word' id='word_1_695' title='bbox 2706 4297 2882 4363; x_wconf 91' lang='lat' dir='ltr'><strong><em>dum.</em></strong></span> <span class='ocrx_word' id='word_1_696' title='bbox 2949 4296 3100 4362; x_wconf 91' lang='lat' dir='ltr'><strong><em>Non</em></strong></span> <span class='ocrx_word' id='word_1_697' title='bbox 3134 4298 3312 4361; x_wconf 90' lang='lat' dir='ltr'><strong><em>enim</em></strong></span> <span class='ocrx_word' id='word_1_698' title='bbox 3344 4297 3714 4364; x_wconf 87' lang='lat' dir='ltr'><strong><em>libertatem</em></strong></span> <span class='ocrx_word' id='word_1_699' title='bbox 3750 4297 3981 4377; x_wconf 91' lang='lat' dir='ltr'><strong><em>solum,</em></strong></span> <span class='ocrx_word' id='word_1_700' title='bbox 4017 4312 4213 4381; x_wconf 89' lang='lat' dir='ltr'><strong><em>quam</em></strong></span> <span class='ocrx_word' id='word_1_701' title='bbox 4247 4298 4440 4364; x_wconf 88' lang='lat' dir='ltr'><strong><em>nobis</em></strong></span> <span class='ocrx_word' id='word_1_702' title='bbox 4464 4297 4672 4365; x_wconf 82' lang='lat' dir='ltr'><strong><em>Chri-</em></strong></span> 
     </span>
     <span class='ocr_line' id='line_1_100' title="bbox 2706 4382 4672 4469; baseline -0.001 -20"><span class='ocrx_word' id='word_1_703' title='bbox 2706 4393 2846 4450; x_wconf 90' lang='lat' dir='ltr'><strong><em>stus</em></strong></span> <span class='ocrx_word' id='word_1_704' title='bbox 2890 4383 3252 4466; x_wconf 85' lang='lat' dir='ltr'><strong><em>acquisivit,</em></strong></span> <span class='ocrx_word' id='word_1_705' title='bbox 3298 4393 3630 4450; x_wconf 83' lang='lat' dir='ltr'><strong><em>evertunt:</em></strong></span> <span class='ocrx_word' id='word_1_706' title='bbox 3676 4382 3789 4450; x_wconf 90' lang='lat' dir='ltr'><strong><em>sed</em></strong></span> <span class='ocrx_word' id='word_1_707' title='bbox 3828 4403 4051 4448; x_wconf 86' lang='lat' dir='ltr'><strong><em>veram</em></strong></span> <span class='ocrx_word' id='word_1_708' title='bbox 4098 4404 4351 4467; x_wconf 85' lang='lat' dir='ltr'><strong><em>quoque</em></strong></span> <span class='ocrx_word' id='word_1_709' title='bbox 4395 4383 4672 4469; x_wconf 82' lang='lat' dir='ltr'><strong><em>religio-</em></strong></span> 
     </span>
     <span class='ocr_line' id='line_1_101' title="bbox 2706 4467 4672 4553; baseline 0 -19"><span class='ocrx_word' id='word_1_710' title='bbox 2706 4490 2860 4534; x_wconf 90' lang='lat' dir='ltr'><strong><em>nem</em></strong></span> <span class='ocrx_word' id='word_1_711' title='bbox 2899 4467 3267 4547; x_wconf 90' lang='lat' dir='ltr'><strong><em>obscurant,</em></strong></span> <span class='ocrx_word' id='word_1_712' title='bbox 3313 4490 3387 4535; x_wconf 89' lang='lat' dir='ltr'><strong><em>ac</em></strong></span> <span class='ocrx_word' id='word_1_713' title='bbox 3432 4469 3560 4535; x_wconf 91' lang='lat' dir='ltr'><strong><em>Dei</em></strong></span> <span class='ocrx_word' id='word_1_714' title='bbox 3604 4471 4016 4534; x_wconf 87' lang='lat' dir='ltr'><strong><em>maiestatem</em></strong></span> <span class='ocrx_word' id='word_1_715' title='bbox 4061 4468 4340 4548; x_wconf 80' lang='lat' dir='ltr'><strong><em>violant,</em></strong></span> <span class='ocrx_word' id='word_1_716' title='bbox 4397 4470 4511 4553; x_wconf 84' lang='lat' dir='ltr'><strong><em>qui</em></strong></span> <span class='ocrx_word' id='word_1_717' title='bbox 4561 4491 4672 4534; x_wconf 90' lang='lat' dir='ltr'><strong><em>so-</em></strong></span> 
     </span>
     <span class='ocr_line' id='line_1_102' title="bbox 2704 4553 4672 4639; baseline 0 -20"><span class='ocrx_word' id='word_1_718' title='bbox 2704 4555 2808 4621; x_wconf 91' lang='lat' dir='ltr'><strong><em>lus</em></strong></span> <span class='ocrx_word' id='word_1_719' title='bbox 2850 4554 2923 4619; x_wconf 91' lang='lat' dir='ltr'><strong><em>in</em></strong></span> <span class='ocrx_word' id='word_1_720' title='bbox 2965 4553 3381 4620; x_wconf 88' lang='lat' dir='ltr'><strong><em>conscientiis</em></strong></span> <span class='ocrx_word' id='word_1_721' title='bbox 3425 4556 3664 4620; x_wconf 86' lang='lat' dir='ltr'><strong><em>nostris</em></strong></span> <span class='ocrx_word' id='word_1_722' title='bbox 3708 4575 3985 4639; x_wconf 82' lang='lat' dir='ltr'><strong><em>regnare</em></strong></span> <span class='ocrx_word' id='word_1_723' title='bbox 4028 4554 4175 4620; x_wconf 84' lang='lat' dir='ltr'><strong><em>vult</em></strong></span> <span class='ocrx_word' id='word_1_724' title='bbox 4215 4576 4336 4639; x_wconf 91' lang='lat' dir='ltr'><strong><em>per</em></strong></span> <span class='ocrx_word' id='word_1_725' title='bbox 4376 4553 4672 4620; x_wconf 83' lang='lat' dir='ltr'><strong><em>verbum</em></strong></span> 
     </span>
     <span class='ocr_line' id='line_1_103' title="bbox 2705 4637 4674 4723; baseline 0.001 -17"><span class='ocrx_word' id='word_1_726' title='bbox 2705 4662 2915 4707; x_wconf 89' lang='lat' dir='ltr'><strong><em>suum.</em></strong></span> <span class='ocrx_word' id='word_1_727' title='bbox 2983 4639 3229 4704; x_wconf 82' lang='lat' dir='ltr'><strong><em>Fixum</em></strong></span> <span class='ocrx_word' id='word_1_728' title='bbox 3263 4660 3420 4723; x_wconf 85' lang='lat' dir='ltr'><strong><em>ergo</em></strong></span> <span class='ocrx_word' id='word_1_729' title='bbox 3453 4639 3630 4704; x_wconf 88' lang='lat' dir='ltr'><strong><em>istud</em></strong></span> <span class='ocrx_word' id='word_1_730' title='bbox 3662 4647 3941 4717; x_wconf 87' lang='lat' dir='ltr'><strong><em>maneat,</em></strong></span> <span class='ocrx_word' id='word_1_731' title='bbox 3979 4637 4223 4705; x_wconf 89' lang='lat' dir='ltr'><strong><em>Omnia</em></strong></span> <span class='ocrx_word' id='word_1_732' title='bbox 4242 4648 4468 4706; x_wconf 87' lang='lat' dir='ltr'><strong><em>nostra</em></strong></span> <span class='ocrx_word' id='word_1_733' title='bbox 4492 4661 4674 4721; x_wconf 80' lang='lat' dir='ltr'><strong><em>esse,</em></strong></span> 
     </span>
     <span class='ocr_line' id='line_1_104' title="bbox 2707 4723 4676 4808; baseline 0.001 -17"><span class='ocrx_word' id='word_1_734' title='bbox 2707 4747 2825 4791; x_wconf 90' lang='lat' dir='ltr'><strong><em>nos</em></strong></span> <span class='ocrx_word' id='word_1_735' title='bbox 2869 4734 3086 4790; x_wconf 87' lang='lat' dir='ltr'><strong><em>autem</em></strong></span> <span class='ocrx_word' id='word_1_736' title='bbox 3131 4724 3381 4790; x_wconf 87' lang='lat' dir='ltr'><strong><em>Christi</em></strong></span> <span class='ocrx_word' id='word_1_737' title='bbox 3439 4728 3498 4808; x_wconf 87' lang='lat'><strong><em>(1</em></strong></span> <span class='ocrx_word' id='word_1_738' title='bbox 3545 4723 3693 4790; x_wconf 87' lang='lat' dir='ltr'><strong><em>Cor.</em></strong></span> <span class='ocrx_word' id='word_1_739' title='bbox 3735 4729 3792 4803; x_wconf 89' lang='lat'><strong><em>3,</em></strong></span> <span class='ocrx_word' id='word_1_740' title='bbox 3833 4725 3973 4808; x_wconf 85' lang='lat'><strong><em>23):</em></strong></span> <span class='ocrx_word' id='word_1_741' title='bbox 4030 4726 4278 4792; x_wconf 86' lang='lat' dir='ltr'><strong><em>frustra</em></strong></span> <span class='ocrx_word' id='word_1_742' title='bbox 4318 4745 4476 4791; x_wconf 84' lang='lat' dir='ltr'><strong><em>vero</em></strong></span> <span class='ocrx_word' id='word_1_743' title='bbox 4537 4726 4676 4792; x_wconf 83' lang='lat' dir='ltr'><strong><em>coli</em></strong></span> 
     </span>
     <span class='ocr_line' id='line_1_105' title="bbox 2705 4811 4679 4983; baseline 0.002 -108"><span class='ocrx_word' id='word_1_744' title='bbox 2705 4813 2961 4983; x_wconf 47' lang='grc' dir='ltr'><strong>336]ίὶ</strong></span> <span class='ocrx_word' id='word_1_745' title='bbox 2989 4811 3102 4960; x_wconf 68' lang='grc' dir='ltr'><strong>611)δί</strong></span> <span class='ocrx_word' id='word_1_746' title='bbox 3148 4811 3461 4979; x_wconf 57' lang='lat' dir='ltr'><strong><em>dqcentur</em></strong></span> <span class='ocrx_word' id='word_1_747' title='bbox 3504 4811 3866 4887; x_wconf 89' lang='lat' dir='ltr'><strong><em>doctrinae,</em></strong></span> <span class='ocrx_word' id='word_1_748' title='bbox 3927 4811 4267 4876; x_wconf 85' lang='lat' dir='ltr'><strong><em>hominum</em></strong></span> <span class='ocrx_word' id='word_1_749' title='bbox 4311 4822 4679 4896; x_wconf 75' lang='lat' dir='ltr'><strong><em>praecepta</em></strong></span> 
     </span>
    </p>
   </div>
   <div class='ocr_carea' id='block_1_15' title="bbox 2851 5070 3110 5078">
    <p class='ocr_par' dir='ltr' id='par_1_15' title="bbox 2851 5070 3110 5078">
     <span class='ocr_line' id='line_1_106' title="bbox 2851 5070 3110 5078; baseline -0.008 0"><span class='ocrx_word' id='word_1_750' title='bbox 2851 5070 3110 5078; x_wconf 73' lang='lat'>--——-—</span> 
     </span>
    </p>
   </div>
   <div class='ocr_carea' id='block_1_16' title="bbox 2845 5186 3126 5268">
    <p class='ocr_par' dir='ltr' id='par_1_16' title="bbox 2845 5186 3126 5268">
     <span class='ocr_line' id='line_1_107' title="bbox 2845 5186 3126 5268; baseline 0.004 -29"><span class='ocrx_word' id='word_1_751' title='bbox 2845 5187 2905 5268; x_wconf 71' lang='grc'><strong><em>1)</em></strong></span> <span class='ocrx_word' id='word_1_752' title='bbox 2943 5186 3126 5240; x_wconf 72' lang='lat' dir='ltr'><strong><em>Instit.</em></strong></span> 
     </span>
    </p>
   </div>
   <div class='ocr_carea' id='block_1_17' title="bbox 2709 5184 4676 5310">
    <p class='ocr_par' dir='ltr' id='par_1_17' title="bbox 2709 5184 4676 5310">
     <span class='ocr_line' id='line_1_108' title="bbox 3209 5184 4676 5259; baseline 0.005 -20"><span class='ocrx_word' id='word_1_753' title='bbox 3209 5227 3221 5239; x_wconf 95' lang='lat'><strong><em>.</em></strong></span> <span class='ocrx_word' id='word_1_754' title='bbox 3268 5184 3370 5241; x_wconf 69' lang='lat'><strong><em>427</em></strong></span> <span class='ocrx_word' id='word_1_755' title='bbox 3407 5203 3513 5258; x_wconf 74' lang='lat' dir='ltr'><strong><em>seq.</em></strong></span> <span class='ocrx_word' id='word_1_756' title='bbox 3719 5186 3782 5255; x_wconf 80' lang='grc'><strong><em>2)</em></strong></span> <span class='ocrx_word' id='word_1_757' title='bbox 3824 5186 3918 5242; x_wconf 75' lang='lat' dir='ltr'><strong><em>Sic</em></strong></span> <span class='ocrx_word' id='word_1_758' title='bbox 3963 5189 4157 5256; x_wconf 66' lang='lat' dir='ltr'><strong><em>leqiw</em></strong></span> <span class='ocrx_word' id='word_1_759' title='bbox 4201 5205 4262 5240; x_wconf 79' lang='lat' dir='ltr'><strong><em>m</em></strong></span> <span class='ocrx_word' id='word_1_760' title='bbox 4307 5188 4676 5259; x_wconf 54' lang='lat' dir='ltr'><strong><em>caeduis-0,</em></strong></span> 
     </span>
     <span class='ocr_line' id='line_1_109' title="bbox 2709 5255 3097 5310; baseline 0.003 -2"><span class='ocrx_word' id='word_1_761' title='bbox 2709 5255 2995 5310; x_wconf 62' lang='lat' dir='ltr'><strong><em>hemum</em></strong></span> <span class='ocrx_word' id='word_1_762' title='bbox 3031 5270 3097 5309; x_wconf 70' lang='lat' dir='ltr'><strong><em>ex</em></strong></span> 
     </span>
    </p>
   </div>
   <div class='ocr_carea' id='block_1_18' title="bbox 3277 5256 3919 5325">
    <p class='ocr_par' dir='ltr' id='par_1_18' title="bbox 3277 5256 3919 5325">
     <span class='ocr_line' id='line_1_110' title="bbox 3277 5256 3919 5325; baseline -0.003 -13"><span class='ocrx_word' id='word_1_763' title='bbox 3277 5256 3521 5325; x_wconf 84' lang='lat' dir='ltr'><strong><em>caedere,</em></strong></span> <span class='ocrx_word' id='word_1_764' title='bbox 3560 5258 3594 5310; x_wconf 83' lang='lat' dir='ltr'><strong><em>i.</em></strong></span> <span class='ocrx_word' id='word_1_765' title='bbox 3632 5272 3673 5311; x_wconf 85' lang='lat' dir='ltr'><strong><em>e.</em></strong></span> <span class='ocrx_word' id='word_1_766' title='bbox 3711 5256 3919 5313; x_wconf 84' lang='lat' dir='ltr'><strong><em>cedere.</em></strong></span> 
     </span>
    </p>
   </div>
  </div>
 </body>
</html>
