4984 5975
104 5544 107 5563 —
104 5168 111 5503 4-——-—-—v—=·--—-
104 5082 107 5143 -ᾼ

670 371 801 432 487
1274 327 1289 350 '
1386 356 1436 419 .’
2170 358 2692 427 (1οΝ81111811
2734 359 3023 426 PAULI
3064 358 3193 424 111.
4401 330 4408 337 ’
4541 366 4651 428 488

684 555 821 620 01111
857 549 1273 629 convocandi,
1310 549 1603 634 cogendi,
1642 547 1927 614 habendi
1972 569 2197 614 curam
2231 549 2537 630 habeant,
2575 556 2640 614 et

689 662 835 706 eam
880 637 962 703 ad
1006 646 1373 703 extremum
1417 643 1915 718 prosequantur.

861 809 951 875 Et
998 813 1304 891 quantum
1346 808 1431 872 ad
1461 810 1894 887 protestantes,
1937 807 2285 872 incutiatur
2325 805 2491 887 ipsis
2532 805 2641 869 hoc

690 895 946 963 concilio
988 894 1312 959 maximus
1351 898 1568 958 terror.

860 1013 1229 1080 Concilium
1281 1011 1714 1079 christianum
1778 1018 2214 1093 protestantes
2270 1032 2355 1075 ex
2419 1011 2641 1076 animo

690 1106 1039 1184 appetunt,
1097 1098 1414 1181 pontificii
1461 1105 1537 1162 ut
1599 1117 1923 1162 summam
1966 1105 2176 1162 status
2233 1097 2337 1161 sui
2389 1104 2643 1180 pestem

690 1177 993 1252 horr‘ent:
1047 1185 1214 1250 utris
1268 1185 1403 1249 iam
1459 1183 1692 1247 terrori
1741 1182 2038 1247 futurum
2079 1184 2167 1248 sit
2220 1181 2421 1247 indici
2472 1182 2643 1248 serio

690 1270 1108 1339 concilium?.
1190 1270 1284 1335 Et
1349 1290 1389 1333 a
1443 1289 1569 1352 quo
1626 1278 1789 1333 tunc
1842 1259 1966 1332 sibi
2024 1277 2457 1352 protestantes
2506 1289 2643 1338 1118-

691 1363 904 1434 tuant,
948 1357 1064 1440 qui
1106 1377 1255 1421 cum
1300 1354 1441 1420 sola
1483 1352 1980 1419 antichristiana
2021 1353 2346 1437 pontificis
2386 1353 2645 1419 romani

949 1440 1051 1506 ‘de
1105 1441 1352 1506 bellum
1405 1438 1688 1524 gerunt?
1788 1439 1958 1503 Ι1111111
2016 1447 2237 1504 autem
2291 1439 2647 1505 concilium

694 1551 732 1595 c
821 1529 835 1544 ⁸
876 1529 1130 1592 tianum
1184 1525 1297 1591 ille
1339 1525 1672 1601 admittet,
1729 1544 1930 1606 quum
1972 1523 2272 1591 abdicare
2314 1546 2385 1591 se
2428 1524 2645 1608 ponti-

694 1616 893 1679 ficatu
936 1612 1317 1680 decreverit.
1406 1611 1516 1675 Ita
1559 1609 1669 1674 vel
1711 1610 1899 1674 hoste
1942 1612 2296 1693 composito
2340 1610 2447 1676 vel
2491 1608 2645 1675 sub-

693 1700 829 1766 lata
882 1698 1033 1763 belli
1098 1698 1376 1763 materia
1428 1696 1637 1762 securi
1700 1703 1859 1761 tunc
1925 1705 2171 1772 essent,
2235 1695 2350 1761 sed
2406 1716 2485 1761 ea
2539 1716 2646 1761 res

694 1783 989 1851 nondum
1031 1784 1369 1848 maturuit.
1460 1780 1684 1862 Quare
1737 1789 2188 1863 exspectemus
2244 1780 2328 1847 ab
2369 1802 2445 1846 80
2489 1781 2645 1845 8011-

693 1879 837 1936 tum
872 1869 1223 1936 artificium
1265 1877 1339 1932 ut
1374 1867 1592 1932 varias
1635 1865 2023 1931 indictiones
2043 1867 2437 1950 promulget,
2480 1887 2648 1948 quae

696 1956 769 2019 in
818 1954 1087 2022 totidem
1128 1952 1341 2019 bullas
1384 1959 1638 2017 exeant.

878 2127 1003 2208 Qui
1044 2126 1317 2191 videntes
1357 2143 1488 2189 rem
1527 2124 1692 2187 serio
1726 2123 2004 2200 tractari,
2046 2124 2341 2188 tinwbvmt
2381 2124 2523 2188 suis
2555 2144 2651 2188 re-

697 2214 816 2277 bus
856 2217 914 2276 et
953 2212 1046 2276 sio
1085 2214 1263 2275 erunt
1307 2208 1752 2275 tractabiliores
1793 2213 1850 2273 et
1888 2208 2095 2291 mayis
2136 2207 2475 2274 obedientes
2515 2229 2649 2274 ma-

696 2296 1023 2363 iestatibus
1059 2296 1214 2372 suis,
1257 2300 1327 2358 ut
1366 2295 1475 2375 qui
1516 2295 1788 2358 sentiant
1827 2292 1950 2358 sibi
1993 2314 2124 2359 esse
2156 2295 2651 2377 resipiscendum

696 2388 752 2448 et
792 2381 1175 2448 redeundum
1219 2380 1305 2446 ad
1343 2401 1448 2445 cor
1467 2430 1481 2458 ‚
1535 2385 1589 2444 et
1638 2379 1860 2461 forsan
1903 2380 2145 2444 venient
2182 2381 2313 2462 ipsi
2355 2384 2466 2445 aut
2506 2381 2649 2444 mit-

694 2474 820 2534 tent
860 2467 946 2533 ad
980 2466 1323 2544 concilium,
1356 2465 1736 2547 praesertim
1776 2464 1838 2529 si
1879 2465 2260 2548 coynoverint
2297 2467 2654 2532 maiestates

693 2575 853 2620 suas
906 2552 1061 2617 nolle
1117 2551 1392 2634 amplius
1434 2553 1580 2633 pati
1633 2549 1915 2616 haereses
1973 2551 2044 2615 in
2106 2551 2486 2630 Germania,
2539 2553 2649 2618 sed

696 2639 845 2706 velle
886 2644 957 2702 ut
998 2639 1135 2719 ipso
1178 2638 1447 2717 coneilio,
1491 2637 1600 2702 hoo
1641 2641 1728 2701 est
1769 2637 1948 2719 reyia
1990 2637 2100 2700 via
2142 2638 2408 2702 vivatur.

871 2776 934 2838 A
988 2774 1345 2839 christiano
1397 2773 1639 2838 iudicio
1684 2793 1817 2837 non
1862 2780 2297 2856 protestantes
2313 2825 2328 2851 ,
2374 2772 2489 2840 sed
2535 2774 2648 2857 qui

698 2859 1042 2926 Christum
1076 2861 1293 2943 ipsum
1331 2858 1553 2923 sibiae
1576 2860 1713 2925 suis
1749 2858 1984 2923 studiis
2011 2858 2346 2924 adversari
2377 2867 2645 2937 norunt,

698 2954 993 3012 metuere
1016 2946 1142 3012 sibi
1176 2944 1403 3011 solent.
1464 2945 1771 3011 Audeant
1789 2945 1862 3010 in
1888 2951 2183 3028 apertam
2204 2944 2422 3012 lucem
2445 2946 2648 3012 semel

696 3031 961 3115 prodire
1004 3031 1320 3115 pontificii
1364 3037 1431 3096 et
1473 3031 1817 3097 concilium
1859 3029 2060 3096 indici
2097 3032 2332 3112 sinant,
2381 3037 2500 3111 [fol.
2540 3038 2648 3112 27]

699 3117 892 3201 quale
913 3118 1271 3199 scripturae
1292 3124 1358 3181 et
1392 3138 1672 3182 canones
1706 3117 2186 3199 praescribunt:
2225 3118 2281 3183 si
2317 3125 2457 3183 tum
2541 3139 2647 3183 ro-

702 3210 1019 3269 testantes
1066 3202 1371 3280 aberunt,
1428 3202 1652 3268 licebit
1693 3213 1770 3267 ut
1823 3211 1997 3267 totus
2039 3203 2214 3269 orbis
2268 3203 2415 3269 illos
2522 3204 2649 3269 ’cat

699 3308 935 3354 causae
978 3309 1133 3354 suae
1171 3286 1483 3367 diffidere,
1527 3288 1867 3371 lucemque
1911 3288 2169 3353 concilii
2210 3287 2356 3355 ideo
2397 3288 2646 3373 fugere,

699 3373 873 3458 quod
919 3374 1041 3439 sibi
1076 3375 1248 3439 male
1282 3373 1521 3440 conscii
1556 3375 1709 3452 sint,
1747 3376 1966 3457 itaque
1990 3396 2109 3439 suo
2138 3376 2429 3458 ipsorum
2456 3397 2645 3458 prae-

696 3459 939 3526 iudicio
983 3481 1126 3526 sese
1169 3458 1590 3525 damnabunt.
1676 3458 1799 3527 Sin
1834 3460 2117 3526 aderunt
2157 3481 2458 3526 errorum
2492 3483 2647 3527 con·

692 3545 874 3626 vieti,
918 3544 1090 3630 quod
1130 3545 1317 3612 facile
1361 3546 1501 3625 erit,
1536 3546 1644 3611 vel
1684 3547 1756 3611 in
1798 3546 1977 3611 viam
2010 3547 2505 3626 revocabuntur,
2542 3547 2651 3612 vel

695 3632 983 3698 ecclesiis
1028 3632 1260 3697 merito
1301 3632 1930 3709 exterminabuntur,
1976 3633 2365 3714 praesertim
2401 3634 2455 3698 si
2491 3654 2646 3699 con-

694 3718 917 3783 cilium
970 3726 1244 3802 cogatur
1298 3738 1381 3782 ex
1445 3718 1568 3800 piis
1621 3717 1829 3783 sancti
1907 3738 1989 3783 ue
2042 3716 2376 3798 iudicibus,
2441 3719 2648 3784 doctis

698 3802 784 3868 ad
823 3825 1103 3887 regnum
1140 3802 1411 3881 Christi,
1457 3824 1588 3867 non
1629 3804 1861 3886 aucupi
1909 3825 1986 3869 us
2022 3802 2107 3868 ad
2140 3803 2496 3887 captandas
2529 3825 2649 3887 per

698 3888 1043 3955 simoniam
1085 3897 1152 3953 et
1206 3888 1548 3972 sacrilegia
1588 3890 1839 3973 opimas
1881 3889 2288 3973 praelaturas
2344 3890 2647 3969 intentis;

702 3994 786 4038 ex
828 3973 909 4038 iis
951 3976 1062 4056 qui
1105 3976 1353 4040 sincero
1414 3972 1854 4040 restituendae
1900 3975 2129 4040 domus
2174 3976 2301 4040 Dei
2358 3976 2496 4041 zelo
2540 3996 2645 4040 ar-

700 4058 915 4135 deant,
939 4080 1072 4123 non
1109 4060 1349 4125 furiosa
1382 4059 1652 4126 libidine
1687 4060 2113 4126 stabiliendae
2148 4061 2452 4127 immanis
2487 4083 2646 4126 suae

699 4144 1030 4228 potentiae
1064 4147 1362 4229 flagrent,
1398 4154 1472 4212 ut
1507 4146 1819 4211 scelerate
1858 4147 2302 4229 flagitioseque
2323 4168 2442 4230 pro
2461 4167 2647 4211 more

699 4251 821 4296 suo
866 4238 931 4294 et
989 4231 1216 4314 opibus
1271 4232 1719 4298 ecclesiasticis
1772 4231 2186 4297 luxurientur
2230 4243 2297 4297 et
2339 4232 2646 4298 ecclesias

700 4317 1032 4381 licentiose
1087 4318 1488 4400 opprimant;
1549 4341 1634 4384 ex
1678 4320 1759 4382 iis
1816 4318 2095 4401 denique
2139 4319 2250 4401 qui
2294 4317 2533 4383 dociles
2576 4340 2645 4383 se

697 4411 765 4465 et
806 4399 1234 4484 obsequentes
1277 4402 1431 4469 dare
1475 4404 1744 4469 Christo
1788 4404 2020 4487 parati,
2065 4425 2196 4468 non
2241 4402 2419 4468 aliud
2461 4405 2645 4487 sequi

698 4487 771 4551 in
815 4488 1031 4551 animo
1076 4487 1361 4553 habeant
1404 4510 1598 4572 quam
1655 4489 1825 4573 quod
1868 4488 1997 4553 ille‘
2023 4488 2341 4571 docuerit;
2386 4512 2520 4554 non
2563 4510 2644 4554 ex

695 4573 781 4637 iis
824 4573 936 4655 qui
979 4573 1232 4639 clausas
1288 4574 1369 4638 ad
1421 4597 1681 4640 omnem
1725 4576 2070 4640 veritatem
2126 4597 2316 4641 aures
2330 4628 2345 4654 ,
2395 4578 2646 4641 animos

697 4668 931 4725 contra
954 4658 1297 4725 Christum
1330 4662 1594 4743 eiusque
1629 4662 1907 4727 verbum
1942 4659 2301 4727 obstinatos
2337 4662 2642 4726 afferunt.

699 4745 875 4810 Nam
919 4753 984 4809 et
1024 4744 1250 4810 inania
1291 4746 1431 4811 sine
1474 4766 1547 4811 re
1588 4748 1871 4826 nomina,
1915 4746 2264 4829 larvasque
2300 4748 2379 4812 ab
2414 4748 2646 4829 impie·

698 4832 859 4896 tatis
917 4832 1106 4896 sociis
1158 4831 1501 4913 impositae
1555 4832 1772 4897 nullos
1829 4834 2162 4916 episcopos
2217 4839 2284 4896 ct
2335 4834 2646 4900 ecclesiae

700 4918 1029 4999 praelatos
1072 4916 1324 4982 faciunt
1339 4968 1353 4994 ,
1400 4919 1495 4982 ita
1536 4918 1734 4983 nullis
1774 4939 2026 5002 quoque
2066 4917 2281 4984 locum
2315 4919 2385 4984 in
2430 4920 2644 4984 conci-

698 5002 787 5067 lio
819 5002 1174 5069 christiano
1206 5003 1468 5067 faciunt.
1540 5000 1675 5068 Sed
1708 5004 1951 5069 multos
1985 5004 2231 5069 scilicet
2263 5026 2346 5070 ex
2380 5005 2645 5088 puriore

700 5087 818 5151 illa
851 5096 1006 5154 nota
1038 5090 1320 5171 reperiet
1352 5088 1423 5152 in
1458 5110 1655 5173 grege
1689 5096 1806 5154 8110
1848 5089 2184 5173 pontifex?
2257 5088 2435 5171 Quid
2470 5089 2646 5174 quod

700 5179 959 5239 tantam
1002 5174 1095 5239 illi
1151 5173 1567 5239 formidinem
1608 5175 1821 5240 iniicit
1876 5176 2052 5241 mala
2094 5177 2515 5255 conscientia,
2572 5183 2646 5240 ut

692 5278 784 5325 118
842 5261 964 5326 sub
1022 5261 1529 5343 corruptissimis
1577 5258 1836 5343 quidem
1878 5259 2197 5327 iudicibus
2241 5262 2490 5345 sibique
2530 5259 2644 5325 ad·

2743 545 2938 611 dictis
2974 553 3147 610 stare
3170 567 3240 611 se
3262 566 3450 629 posse
3473 545 3798 611 confidat?
3836 545 4016 612 Hinc
4049 552 4297 630 reputa,
4321 568 4442 629 quo
4463 550 4654 615 animo

2744 631 2828 696 ad
2868 631 3238 715 legitimum
3283 651 3661 696 consessum
3705 632 3794 697 sit
3833 631 4280 697 descensurus.

2915 800 3040 866 Est
3060 805 3120 866 et
3144 802 3381 868 rationi
3409 822 3757 883 consonam,
3788 823 3982 883 quum
4003 823 4104 868 res
4128 803 4441 887 reliyionis
4466 805 4657 884 etfidei

2733 888 3094 970 pertineant
3131 889 3219 953 ad
3261 908 3467 953 omnes
3504 886 4013 953 Christianorum
4043 890 4419 969 provincias,
4460 896 4525 954 ut
4554 911 4660 956 om-

2746 975 2926 1038 nium
2968 974 3126 1037 votis
3168 978 3606 1055 componantur
3646 994 3724 1037 ex
3766 994 4030 1055 quorum
4070 974 4322 1040 oonsilio
4360 980 4414 1039 et
4454 978 4660 1041 autori-

2746 1064 2870 1124 tate
2913 1059 2975 1123 si
3020 1059 3177 1139 quid
3223 1060 3294 1122 in
3337 1059 3635 1142 reliqtone'
3679 1061 3797 1124 erit
3837 1061 4211 1125 mutandum
4250 1060 4343 1124 vel
4395 1062 4662 1143 carmen-⁹

2748 1146 2900 1209 dum
2915 1193 2930 1223 ,
2977 1144 3048 1209 id
3094 1145 3455 1209 immutetur
3494 1150 3550 1210 et
3591 1146 3961 1230 corriyatur.

2920 1263 3099 1330 Sane
3143 1286 3522 1343 consonum,
3564 1286 3687 1331 nec
3730 1284 4019 1348 unquam
4062 1265 4170 1331 vel
4192 1266 4273 1332 ab
4315 1286 4446 1331 una
4484 1265 4659 1333 eccle-

2747 1353 2842 1416 sia
2867 1357 3357 1433 componentur,
3393 1348 3714 1433 siquidem
3747 1373 3829 1415 ex
3875 1353 4069 1416 verbo
4096 1349 4226 1415 Dei
4268 1349 4336 1415 id
4366 1353 4493 1430 fiat,
4524 1354 4660 1435 quin

2748 1436 3206 1502 communibus
3268 1437 3562 1500 omnium
3607 1435 4139 1502 Christianorum
4202 1437 4376 1502 votis
4435 1459 4658 1521 compo-

2747 1531 3010 1587 nantur.
3059 1522 3206 1588 Hoc
3250 1522 3427 1586 enim
3468 1523 3800 1605 perpetuis
3821 1523 4496 1605 consentientibusque
4517 1526 4660 1589 votis

2749 1608 2986 1690 ubique
3031 1616 3356 1672 terrarum
3399 1608 3757 1691 suspirant,
3810 1614 3887 1672 ut
3928 1606 4178 1673 Christi
4223 1608 4473 1692 religiO,
4521 1631 4659 1691 quas

2750 1692 2865 1757 diu
2908 1692 3066 1758 adeo
3108 1693 3346 1758 misere
3398 1691 3681 1775 collapsa
3734 1693 4100 1775 afflictaque
4143 1694 4294 1773 fuit,
4352 1693 4660 1777 aliquando

2751 1780 3075 1844 excitetur
3117 1785 3186 1842 et
3227 1779 3411 1860 quasi
3453 1778 3850 1860 postliminio
3895 1800 4159 1844 reversa
4201 1800 4481 1862 suaeque
4519 1781 4660 1845 inte-

2751 1865 2972 1948 gritati
3019 1885 3094 1929 80
3118 1863 3391 1946 puritati
3427 1865 3731 1929 restituta
3757 1866 3980 1949 vigeat
4014 1886 4089 1930 80
4125 1866 4372 1931 floreat.
4441 1866 4659 1931 Verum

2751 1951 2806 2015 si
2851 1970 3028 2014 unus
3064 1949 3337 2031 quilibet
3372 1948 3789 2015 Christianus
3825 1947 4022 2015 simul
4057 1969 4132 2015 ac
4166 1950 4436 2015 Domini
4468 1971 4660 2016 vocem

2751 2033 3059 2113 audierit,
3118 2055 3506 2118 quocunque
3559 2042 3831 2101 vocatur
3884 2035 4064 2118 sequi
4117 2034 4338 2113 debet,
4395 2036 4572 2101 etiam
4617 2038 4662 2102 si

2750 2129 2926 2186 totus
2968 2121 3142 2187 orbis
3185 2120 3497 2185 reclamet
3540 2140 3615 2185 ac
3658 2129 4012 2206 repugnet,
4068 2115 4280 2186 multo
4319 2122 4528 2186 minus
4564 2124 4661 2185 im·

2749 2205 2960 2290 pediri
3019 2216 3133 2272 aut
3174 2204 3497 2271 retardari
3548 2204 3771 2285 debet,
3828 2208 3883 2271 si
3938 2207 4074 2273 sint
4124 2209 4241 2291 qui
4298 2229 4368 2272 88
4433 2207 4659 2272 comites

2750 2290 3107 2375 adiungere
3165 2299 3574 2357 cunctentur.
3666 2289 3860 2372 Quod
3914 2292 3971 2358 si
4024 2291 4147 2357 hoc
4200 2293 4442 2375 privati
4482 2294 4660 2357 cuius-

2751 2399 2879 2460 que
2903 2380 3023 2456 [fol.
3061 2383 3170 2457 28]
3208 2378 3495 2443 officium
3529 2387 3647 2456 est,
3685 2376 3840 2461 quid
3874 2378 4160 2444 ecclesiis
4196 2386 4302 2444 est
4335 2377 4662 2445 faciendum

2751 2471 2868 2528 aut
2892 2461 3268 2528 nationibus
3296 2462 3531 2546 quibus
3556 2463 3880 2529 Dominus
3904 2466 4179 2529 veritate
4208 2485 4331 2531 sua
4364 2463 4582 2543 illucet,
4601 2471 4662 2527 ut

2752 2570 2822 2614 se
2844 2549 2914 2613 in
2939 2556 3187 2614 rectam
3204 2550 3377 2614 viam
3400 2549 3763 2631 recipiant?
3806 2550 3919 2614 An
3939 2571 4070 2614 non
4091 2550 4413 2632 protinus,
4436 2559 4660 2633 postpo-

2750 2635 2876 2700 sito
2898 2638 3191 2699 omnium
3214 2634 3554 2700 hominum
3577 2643 3897 2718 respectu,
3920 2636 4251 2717 suscipere
4274 2636 4505 2701 debent
4521 2630 4662 2717 quod

2751 2718 3144 2785 mandatur?
3193 2720 3423 2802 Neque
3453 2718 3631 2784 enim
3657 2720 4024 2786 timendum
4065 2732 4166 2786 est
4205 2743 4292 2787 118
4337 2724 4407 2787 111
4442 2743 4510 2786 80
4549 2740 4662 2784 rem

2749 2807 3100 2889 ingratam,
3145 2811 3324 2870 taceo
3359 2806 3682 2884 iniuriam,
3719 2805 3867 2871 aliis
3902 2806 4188 2874 ecclesiis
4227 2809 4507 2874 facturae
4538 2806 4660 2871 sint.

2753 2889 3004 2957 Omnes
3044 2891 3220 2955 enim
3261 2890 3329 2954 id
3372 2889 3765 2970 Christiani,
3811 2912 4040 2957 omnes
4096 2893 4408 2959 ecclesiae
4450 2890 4662 2958 Christi

2749 2977 3039 3062 primum
3079 2978 3150 3042 in
3193 2976 3366 3042 votis
3408 2975 3672 3056 habent,
3719 2988 3796 3042 ut
3818 2976 4142 3057 Christus,
4185 2980 4360 3045 sicut
4399 3000 4557 3044 1111118
4584 2985 4663 3041 est

2752 3063 3057 3128 dominus
3101 3068 3169 3128 et
3209 3063 3555 3146 magister,
3601 3064 3695 3127 ita
3735 3063 3973 3147 ubique
4018 3086 4168 3130 cum
4217 3086 4474 3132 summa
4509 3084 4663 3129 reve·

2753 3149 2971 3214 rentia
3033 3156 3101 3213 et
3154 3147 3570 3213 observantia
3625 3148 3948 3214 audiatur.
4049 3148 4186 3216 Sed
4255 3174 4376 3217 nec
4439 3151 4662 3234 spiritus

2752 3234 3021 3311 Christi,
3068 3235 3125 3300 si
3165 3233 3522 3311 invocetur,
3568 3232 3796 3300 deesse
3831 3235 4118 3302 ecclesiis
4161 3237 4524 3314 sustinebit,
4562 3253 4662 3318 quo

2752 3319 3024 3385 docente
3079 3341 3214 3385 non
3259 3328 3519 3384 tantum
3562 3319 3967 3405 intelligant,
4023 3321 4181 3405 quid
4239 3321 4658 3406 recipiendum,

2751 3403 2991 3489 quidve
3034 3403 3456 3471 reiiciendum
3500 3405 3604 3484 sit,
3649 3406 3766 3470 sed
3809 3408 4006 3471 etiam
4050 3407 4134 3471 ad
4177 3408 4359 3490 pacis
4401 3406 4661 3472 unitatis-

2750 3512 2876 3574 que
2911 3491 3202 3557 studium
3246 3490 3633 3575 dirigantur.
3725 3489 3839 3558 Sic
3882 3494 3996 3558 fiet
4037 3502 4114 3558 ut
4153 3496 4381 3578 agnita
4412 3493 4661 3577 priorum

2752 3576 3171 3643 ecclesiarum
3214 3578 3680 3659 resipiscentia,
3727 3578 4117 3660 posteriores
4161 3601 4234 3644 se
4277 3578 4541 3643 libenter
4574 3595 4660 3640 ac·

2752 3662 3181 3728 commodent.
3284 3663 3377 3727 Et
3431 3663 3600 3727 sicut
3628 3662 3676 3747 ¹)
3732 3683 3810 3728 88
3865 3685 4028 3746 quae
4077 3665 4339 3730 restitui
4401 3663 4661 3748 flagitant

2749 3756 3209 3831 protestantes,
3256 3750 3347 3814 sic
3384 3747 3557 3812 clare
3590 3750 3665 3811 in
3705 3747 3944 3815 divinis
3976 3749 4187 3816 literis
4232 3750 4484 3829 tradita,
4560 3765 4659 3811 uae

2748 3840 3042 3900 correcta
3061 3833 3297 3900 volunt
3329 3840 3467 3897 tam
3504 3840 3728 3915 aperte
3776 3855 3817 3899 a
3837 3834 3981 3900 Deo
4015 3835 4386 3918 improbata
4417 3846 4481 3900 et
4512 3769 4659 3897 ‹iam-

2748 3931 2921 3998 nata,
2950 3930 3022 3983 ut
3044 3919 3284 3983 multos
3319 3927 3664 4003 propterea
3695 3922 4060 3997 convenire,
4094 3942 4223 4005 quo
4258 3922 4520 3987 obscura
4549 3917 4658 4001 ple-

2748 4005 2900 4070 nius
2941 4003 3375 4085 illustrentur,
3421 4004 3716 4070 involuta
3758 4006 4187 4089 explicentur,
4231 4004 4429 4072 dubia
4459 4004 4660 4070 confir-

2748 4099 3038 4168 mentur,
3077 4090 3242 4155 nihil
3298 4111 3566 4155 necesse
3621 4092 3720 4156 sit.
3811 4093 3905 4155 At
3959 4102 4038 4156 ut
4092 4092 4498 4158 commodum
4544 4107 4659 4154 esse

2750 4175 2979 4241 demus
3044 4175 3270 4260 plures
3335 4177 3637 4242 nationes
3713 4174 3794 4242 de
3874 4177 4335 4245 reformatione
4407 4194 4659 4244 commu·

2750 4262 2924 4327 niter
2981 4262 3368 4339 consultare,
3428 4284 3513 4326 an
3570 4272 3671 4328 est
3728 4273 3947 4327 tamen
4012 4281 4360 4347 propterea
4415 4263 4522 4327 11111
4568 4273 4658 4322 aut

2748 4347 2936 4412 alteri
3010 4346 3570 4430 perseverandum
3644 4348 3716 4411 in
3771 4349 4135 4415 manifestis
4203 4350 4523 4434 religionis
4578 4344 4658 4407 vi·

2748 4433 2877 4511 tiis,
2915 4433 3203 4516 adeoque
3248 4434 3319 4498 in
3369 4431 3631 4516 repulsa
3665 4433 3854 4518 regni
3891 4432 4161 4513 Christi,
4256 4436 4366 4501 uia
4408 4447 4658 4525 88818188

2746 4520 3045 4584 nationes
3101 4520 3494 4585 Antichristi
3549 4528 3689 4584 arte
3748 4528 3864 4584 aut
3916 4522 3982 4585 vi
4033 4522 4210 4603 impe
4262 4523 4416 4597 tae,
4474 4534 4658 4582 cons]-

2746 4604 2908 4669 lium
2972 4605 3097 4671 hoc
3152 4606 3479 4688 suscipere
3533 4605 3599 4668 in
3657 4606 4027 4687 praesentia
4084 4607 4194 4671 vel
4263 4628 4398 4672 non
4462 4601 4659 4668 volunt

2749 4689 2858 4754 vel
2902 4711 3035 4755 non
3068 4691 3390 4774 possunt?

2751 4875 2812 4881 -
2857 4875 2878 4880 -
2919 4876 2952 4881 -
2987 4874 3154 4884 -..ἡ-’-

2885 4996 2943 5063 1)
2973 5067 2984 5078 ·
3175 4999 3264 5080 hie
3298 5003 3598 5080 sequuntur
3632 4997 3815 5049 Mnus
3848 5014 3991 5081 sarta
4024 4999 4182 5053 nobis
4217 4999 4478 5052 videntur.
4544 4992 4656 5070 Seu-5

2745 5073 3286 5204 &ganam-ergone?
3310 5081 3488 5188 {ter-vd
3529 5108 3772 5189 autorem
3819 5062 4657 5215 ipszgpssgmff

2745 5205 2976 5261 hmani
3005 5203 3221 5273 aliquid
3243 5219 3474 5271 passum
3507 5219 3621 5258 esse
3653 5204 3937 5260 eredimus.
4008 5204 4156 5273 Quid
4186 5207 4242 5258 si
4265 5221 4399 5272 pro.-
4435 5209 4573 5265 sicut,
4587 5212 4652 5250 re-

2739 5287 3094 5344 poneremus.-
3132 5273 3326 5328 simul?
