4984 5975
606 319 726 382 331

603 511 800 594 Non
843 505 1375 617 concupisces
1413 531 1770 585 uxorem
1797 501 2160 613 proximi
2204 500 2358 606 tui,
2404 512 2561 583 etc.

776 672 928 755 Quo
965 670 1292 735 Dominus
1336 670 1598 734 frenum
1636 667 2106 753 cupiditatibus
2146 667 2387 732 nostris
2423 686 2562 730 om-

602 761 793 828 nibus
834 757 1061 834 iniicit,
1107 775 1274 839 quae
1307 755 1601 821 caritatis
1646 755 1811 819 fines
1847 753 2273 819 transsiliunt.
2344 750 2562 833 Quid-

604 844 761 931 quid
796 845 972 910 enim
1038 847 1301 926 praeter
1334 838 1700 907 dilectionis
1736 839 2052 925 regulam,
2090 858 2284 922 opere
2320 837 2560 903 admit·

604 939 742 998 tere
778 935 1127 1015 praecepta
1170 926 1300 992 alia
1328 932 1578 1004 vetant,
1613 926 1753 1006 hoc,
1796 926 2013 990 animo
2033 925 2374 1025 concipere
2406 943 2560 1007 pro-

603 1018 804 1084 hibet.
875 1012 1164 1080 Proinde
1208 1013 1331 1078 hoc
1375 1018 1721 1096 praecepto
1755 1010 1995 1090 odium,
2040 1009 2311 1086 invidia,
2357 1008 2560 1073 male-

604 1102 916 1180 volentia,
975 1120 1108 1164 non
1154 1118 1340 1164 secus
1383 1105 1578 1181 atque
1622 1103 1816 1162 antea
1870 1094 2324 1174 homicidium»,
2372 1093 2559 1159 dam-

604 1195 866 1255 nantur.
955 1184 1224 1262 Libido,
1270 1192 1339 1249 et
1377 1183 1653 1249 interior
1696 1182 1907 1248 cordis
1964 1182 2309 1265 spurcitia,
2355 1200 2561 1263 aeque

605 1297 681 1341 ac
724 1273 1058 1348 scortatio,
1116 1268 1564 1354 prohibentur.
1649 1267 1775 1335 Ubi
1816 1269 1998 1352 prius
2041 1268 2364 1351 rapacitas
2381 1318 2396 1344 ,
2441 1287 2559 1330 va-

603 1359 843 1436 ffities,
896 1358 1005 1424 hic
1061 1356 1368 1422 avaritia:
1415 1354 1525 1419 ubi
1569 1353 2052 1432 maledicentia,
2099 1353 2207 1418 hic
2252 1351 2559 1436 maligni-

607 1457 709 1512 tas
754 1446 899 1528 ipsa
954 1442 1400 1525 compescitur.
1477 1439 1800 1506 Videmus
1842 1459 2042 1522 quam
2086 1439 2172 1503 sit
2211 1437 2557 1522 generalis,

604 1550 927 1616 quamque
978 1528 1174 1612 longe
1234 1547 1308 1591 ac
1359 1526 1494 1591 late
1547 1533 1772 1609 pateat
1814 1524 2011 1589 huius
2067 1523 2362 1588 mandati
2408 1543 2559 1588 sen-

606 1617 832 1682 tentia.
921 1612 1295 1680 Mirabilem
1342 1613 1519 1676 enim
1575 1610 1852 1694 requirit
1894 1610 2202 1675 affectum
2237 1610 2448 1688 Deus,
2495 1617 2563 1673 et

605 1703 886 1768 &atrum
930 1720 1220 1765 amorem
1264 1719 1467 1783 supra
1506 1696 1772 1761 modum
1816 1694 2156 1761 ardentem
2170 1746 2188 1774 ,
2233 1715 2430 1778 quem
2473 1715 2559 1760 ne

606 1787 743 1854 ulla
794 1783 1055 1870 quidem
1109 1806 1191 1850 cu
1237 1783 1490 1862 iditate,
1549 1791 1777 1848 contra
1845 1781 2130 1865 proximi
2181 1780 2427 1846 bonum
2483 1801 2560 1845 ac

607 1871 1049 1949 commodum,
1235 1876 1261 1932 t
1322 1870 1612 1934 excitari.
1699 1867 1885 1933 Haec
1959 1867 2164 1952 igitur
2226 1865 2560 1950 praecepti

607 1979 891 2027 summa:
960 1958 1052 2022 sic
1119 1977 1238 2021 nos
1292 1974 1435 2020 esse
1500 1954 1823 2019 animatos
1880 1952 2148 2030 debere,
2216 1959 2294 2017 ut
2346 1972 2560 2035 neque

608 2045 761 2123 ulla,
806 2050 1068 2128 praeter
1111 2038 1475 2106 dilectionis
1510 2040 1743 2125 legem,
1790 2037 2146 2121 cupiditate
2183 2037 2555 2103 titillemur:

609 2139 678 2197 et
733 2128 1007 2195 reddere
1065 2127 1447 2209 unicuique,
1491 2124 1662 2208 quod
1705 2144 1900 2191 suum
1943 2134 2071 2204 est,
2129 2123 2560 2190 libentissime

606 2217 822 2301 parati
881 2216 1102 2281 simus.
1199 2212 1283 2277 Id
1337 2219 1559 2276 autem
1601 2210 2118 2293 uniuscuiusque
2161 2229 2305 2275 esse
2360 2229 2560 2292 repu-

608 2301 883 2368 tandum
917 2307 1035 2378 est,
1080 2297 1252 2381 quod
1295 2296 1394 2361 illi
1436 2318 1520 2362 ex
1562 2296 1772 2364 officio
1818 2303 2042 2361 nostro
2085 2295 2414 2360 debemus.

1236 2501 1522 2568 LEGIS
1565 2502 1920 2569 SUMMA.

780 2639 1116 2723 Quorsum
1160 2647 1383 2705 autem
1425 2640 1734 2705 universa
1776 2638 1943 2722 legis
1987 2644 2336 2722 praecepta
2380 2657 2564 2721 spec-

609 2739 752 2794 tent
796 2728 955 2792 satis
1012 2725 1372 2792 declaravit
1419 2723 1727 2790 Christus
1766 2724 2072 2789 dominus
2118 2731 2358 2801 noster,
2407 2722 2565 2787 dum

611 2819 758 2894 [pag.
811 2817 912 2890 14]
959 2819 1165 2875 totam
1209 2810 1419 2894 legem
1466 2810 1716 2875 duobus
1771 2810 2092 2894 capitibus
2135 2808 2565 2893 comprehen-

610 2919 753 2965 sam
795 2919 936 2963 esse
981 2896 1217 2962 docuit.
1293 2896 1389 2962 Ut
1433 2895 1774 2960 dominum
1802 2895 2017 2960 Deum
2067 2902 2371 2960 nostrum
2417 2893 2567 2960 dili-

613 3006 845 3071 gamus
889 3006 970 3049 ex
1016 2991 1154 3048 toto
1199 2980 1390 3048 corde
1435 2988 1675 3059 nostro,
1722 3001 1805 3046 ex
1850 2990 1986 3047 tota
2022 2981 2262 3061 anima,
2310 3003 2394 3047 ex
2432 2990 2571 3046 tota

612 3072 875 3137 virtute.
945 3068 1231 3147 Deinde,
1288 3074 1362 3132 ut
1414 3067 1789 3150 proximum
1845 3088 2172 3145 amemus,
2242 3087 2447 3151 aeque
2491 3086 2569 3132 ac

615 3177 739 3222 nos
789 3157 967 3239 ipsos
1021 3153 1289 3240 (Matth.
1330 3156 1430 3232 22,
1473 3154 1603 3237 37).
1688 3151 1904 3235 Quam
1958 3153 2569 3236 interpretationem

617 3264 702 3308 ex
757 3243 900 3325 ipsa
953 3240 1097 3324 lege
1157 3240 1450 3322 sumpsit.
1535 3239 1708 3304 Nam
1765 3240 1946 3322 prior
1989 3261 2144 3323 pars
2189 3239 2458 3321 Denter.
2509 3243 2567 3304 6.

615 3328 875 3412 legitur,
922 3326 1131 3391 altera
1172 3326 1389 3391 Levit.
1441 3329 1536 3388 19.
2101 3357 2110 3367 ·

678 3531 912 3614 Qun)
955 3531 1090 3596 Ex
1129 3527 1375 3596 soLA
1419 3530 1674 3596 LEGE
1719 3531 1848 3595 AD
1889 3529 2072 3597 Nos
2117 3531 2515 3596 REDEAT.

782 3669 893 3734 En
951 3688 1187 3735 verum
1238 3668 1447 3733 iustae
1520 3689 1594 3734 ac
1658 3676 1924 3733 sanctae
1980 3669 2155 3734 vitae
2210 3688 2399 3733 exem
2444 3668 2565 3746 lar,

615 3756 905 3839 adeoque
946 3756 1166 3838 imago
1207 3753 1500 3819 iustitiae
1544 3754 1751 3837 ipsius
1795 3753 2309 3820 absolutissima·
2437 3762 2467 3817 t
2511 3756 2569 3819 si

612 3842 754 3924 quis
799 3843 937 3907 vita
986 3840 1200 3941 legem
1244 3840 1373 3906 Dei
1414 3840 1840 3923 expresserit,
1884 3839 1946 3905 ei
1981 3838 2066 3905 ad
2104 3839 2568 3923 perfectionem

609 3946 830 3993 coram
887 3927 1173 3991 Domino
1223 3925 1390 3990 nihil
1449 3925 1537 3989 sit
1590 3923 1987 3990 defuturum.
2069 3925 2262 4007 Quod
2306 3935 2380 3990 ut
2423 3927 2569 4009 ipse

611 4018 922 4078 testatum
964 4012 1188 4089 faciat,
1244 4031 1381 4076 non
1425 4012 1699 4076 eximias
1740 4010 1936 4077 modo
1981 4012 2158 4076 vitae
2200 4014 2566 4093 praesentis

611 4095 1114 4176 benedictiones,
1157 4117 1322 4180 quae
1365 4098 1586 4162 Levit.
1613 4100 1714 4162 26.
1761 4104 1829 4162 et
1872 4097 2143 4162 Denter.
2186 4100 2287 4161 27.
2337 4119 2564 4164 recen-

612 4189 866 4249 sentur:
925 4180 1039 4247 sed
1094 4193 1400 4248 aeternae
1466 4182 1667 4247 etiam
1724 4183 1897 4249 vitae
1953 4183 2567 4249 remunerationem

611 4268 953 4352 pollicetur
986 4268 1086 4347 iis,
1131 4268 1243 4350 qui
1275 4268 1491 4355 legem
1535 4290 1726 4334 suam
1758 4268 2197 4354 impleverint.
2266 4269 2568 4335 Rursum

613 4361 918 4419 aeternae
961 4355 1190 4418 mortis
1231 4353 1547 4419 ultionem
1603 4356 1672 4419 in
1713 4375 1938 4419 omnes
1984 4356 2404 4436 pronunciat,
2452 4356 2566 4438 qui

614 4461 744 4505 non
800 4437 1226 4522 impleverint
1288 4460 1480 4523 opere
1535 4460 1958 4524 quaecunque
2017 4440 2149 4505 illis
2202 4440 2565 4507 mandavit.

612 4525 834 4592 Moses
889 4546 1174 4608 quoque,
1217 4525 1363 4609 lege
1407 4527 1850 4612 promulgata,
1895 4526 2149 4592 coelum
2197 4546 2272 4591 ac
2318 4535 2569 4591 terram

617 4609 1078 4691 attestabatur,
1124 4611 1296 4695 quod
1339 4612 1578 4696 populo
1621 4614 1866 4679 bonum
1909 4633 1986 4677 ac
2028 4610 2280 4676 malum
2297 4665 2313 4690 ,
2361 4614 2569 4678 vitam

617 4719 693 4763 ac
735 4704 1016 4762 mortem
1058 4697 1511 4780 proposuisset.
1578 4700 1836 4764 Verum
1880 4698 2137 4763 etiamsi
2184 4699 2358 4765 viam
2393 4699 2569 4764 vitae

617 4782 947 4862 ostendat,
991 4782 1352 4849 videndum
1395 4792 1649 4864 tamen,
1696 4784 1852 4869 quid
1896 4805 1973 4849 ea
2018 4780 2572 4851 demonstratione

619 4868 806 4935 nobis
850 4868 1144 4942 conferre
1185 4870 1407 4951 possit.
1477 4868 1654 4936 Sane
1699 4872 1757 4936 si
1801 4871 2110 4936 voluntas
2163 4879 2390 4935 nostra
2434 4880 2574 4935 tota

618 4956 687 5021 in
732 4954 1171 5021 obedientiam
1216 4953 1477 5020 divinae
1523 4957 1879 5022 voluntatis
1935 4956 2217 5021 formata
2256 4957 2574 5040 composi-

617 5048 814 5124 taque
856 5041 1043 5119 foret,
1081 5040 1276 5125 plane
1316 5040 1399 5105 ad
1434 5040 1711 5107 salutem
1749 5043 2080 5108 sufficeret
2115 5042 2255 5107 sola
2289 5042 2575 5128 cognitio

618 5127 800 5213 legis.
881 5130 974 5193 At
1014 5148 1216 5210 quum
1242 5136 1483 5192 natura
1525 5135 1766 5206 nostra,
1812 5128 2096 5197 carnalis
2140 5138 2206 5194 et
2248 5138 2573 5211 corrupta,

617 5235 768 5280 cum
810 5212 1140 5297 spirituali
1184 5212 1312 5278 Dei
1367 5213 1513 5298 lege
1557 5212 1884 5279 hostiliter
1927 5221 2205 5298 pugnet,
2266 5237 2385 5281 nec
2432 5215 2577 5281 eius

2270 304 2948 374 OATEOEISMUS.

4490 306 4609 369 332

2666 494 3010 578 disciplina
3064 493 3421 578 quidquam
3464 494 3882 572 emendetur,
3938 499 4143 559 restat
4185 500 4262 558 ut
4303 493 4413 558 lex
4458 494 4610 576 ipsa,

2666 602 2835 664 quae
2897 581 2968 644 in
3032 579 3313 646 salutem
3378 580 3531 645 data
3593 591 3765 659 erat,
3831 581 3885 647 si
3962 577 4292 646 auditores
4346 578 4615 644 idoneos

2666 674 2873 732 nacta·
2910 665 3171 744 fuisset,
3230 666 3298 730 in
3358 667 3607 748 peccati
3664 674 3731 732 et
3781 667 4012 731 mortis
4065 665 4471 733 occasionem
4513 686 4612 730 ce·

2666 752 2794 817 dat.
2863 751 3417 835 Quandoquidem
3472 752 3649 816 enim
3705 773 3930 818 omnes
3984 752 4122 817 eius
4176 760 4205 815 t

2666 858 2770 903 res
2804 836 2969 903 'esse
3024 838 3503 914 convincimur,
3567 859 3698 920 quo
3752 836 3884 903 Dei
3938 838 4261 903 iustitiam
4318 840 4469 916 [pag.
4515 840 4611 915 15]

2663 923 2901 990 clarius
2944 931 3225 1003 reserat,
3283 944 3357 988 eo
3414 931 3711 988 nostram
3762 945 3845 989 ex
3890 923 4168 990 adverso
4206 923 4614 1006 iniquitatem

2663 1010 2877 1094 magis
2920 1008 3181 1093 detegit.
3262 1010 3556 1074 Rursum
3601 1031 3730 1092 quo
3780 1010 4048 1075 maioris
4090 1030 4208 1076 nos
4251 1017 4614 1092 transgres-

2664 1095 2863 1161 sionis
2908 1092 3352 1178 deprehensos
3397 1101 3606 1174 tenet,
3664 1116 3740 1160 eo
3785 1095 4107 1180 gravioris
4152 1094 4350 1161 simul
4395 1093 4613 1159 iudicii

2662 1200 2809 1246 reos
2862 1181 3015 1265 agit.
3109 1182 3207 1246 Ac
3263 1181 3525 1247 sublata
3578 1190 3884 1246 aeternae
3940 1181 4113 1247 vitae
4167 1181 4609 1265 promissione,

2662 1266 2802 1331 sola
2837 1266 3207 1416 mgledictio
3250 1274 3567 1350 superest,
3616 1287 3781 1350 quae
3825 1267 4013 1332 nobis
4048 1266 4352 1332 omnibus
4394 1286 4433 1329 a
4470 1264 4617 1349 lege

2662 1353 2883 1435 impen
2931 1359 3012 1417 et.

2748 1558 3083 1623 LEGEM
3126 1557 3539 1623 GRADUM
3580 1557 3810 1624 ESSE
3852 1559 3981 1624 AD
4028 1556 4532 1624 CHRISTUM.

2839 1693 3035 1775 Quod
3071 1702 3293 1760 autem
3332 1695 3625 1759 omnium
3649 1704 3947 1760 nostrum
3984 1695 4297 1778 iniquitas
4335 1704 4401 1759 et
4436 1693 4615 1760 dam-

2666 1780 2844 1844 natio
2892 1778 3056 1864 legis
3114 1779 3486 1846 testimonio
3540 1781 4004 1865 consignatur,
4065 1802 4197 1845 non
4240 1780 4388 1846 ideo
4432 1782 4507 1845 fit
4549 1787 4621 1846 ut

2665 1864 3122 1948 desperatione
3179 1865 3627 1945 concidamus,
3703 1887 3777 1932 ac
3834 1866 4173 1949 desponsis
4228 1866 4494 1945 animis,
4551 1867 4616 1931 in

2663 1951 3121 2101 ffiipffium
3176 1973 3572 2017 corruamus.
3652 1952 3789 2016 Nos
3846 1951 4111 2035 quidem
4170 1951 4405 2018 iudicio
4455 1952 4616 2037 legis

2816 2042 3004 2103 natos
3055 2057 3196 2103 esse
3235 2037 3563 2121 apostolus
3613 2044 3929 2117 testatur,
3976 2059 4104 2122 quo
4156 2059 4228 2103 os
4272 2059 4464 2104 omne
4506 2038 4615 2104 ob-

2664 2131 2985 2203 struatur,
3041 2131 3109 2188 et
3150 2122 3468 2188 obnoxius
3524 2121 3836 2189 reddatur
3876 2124 4091 2190 omnis
4145 2124 4433 2190 mundus
4476 2125 4616 2189 Deo

2665 2209 2886 2294 (Rom.
2932 2212 2990 2288 3,
3034 2211 3161 2294 19).
3227 2208 3414 2275 Idem
3450 2217 3673 2274 tamen
3708 2209 3864 2275 alibi
3900 2209 4102 2290 docet,
4138 2210 4359 2276 Deum
4394 2231 4616 2275 omnes

2666 2295 2787 2360 sub
2841 2295 3296 2361 incredulitate
3354 2294 3776 2374 conclusisse,
3850 2316 3982 2360 non
4037 2302 4114 2360 ut
4173 2295 4410 2379 perdat
4423 2348 4439 2376 ,
4506 2304 4619 2360 aut

2666 2380 2865 2445 etiam
2900 2382 3115 2465 perire
3150 2383 3355 2446 sinat:
3395 2380 3510 2446 sed
3545 2387 3621 2446 ut
3652 2381 3947 2446 omnium
3983 2381 4375 2447 misereatur
4399 2381 4614 2464 (Rom.

2674 2471 2769 2544 11,
2810 2468 2941 2550 32).
3020 2467 3347 2532 Dominus
3398 2487 3554 2551 ergo
3608 2475 3869 2534 nostrae
3924 2475 4067 2532 tum
4136 2463 4614 2546 imbecillitatis,

2669 2561 2828 2616 tum.
2870 2551 3301 2635 impuritatis,
3361 2571 3481 2634 per
3523 2553 3736 2636 legem
3781 2553 4178 2632 admonitos,
4234 2553 4503 2618 virtutis
4545 2575 4616 2620 ac

2669 2637 3150 2703 misericordiae
3196 2659 3354 2703 suae
3388 2637 3630 2703 fiducia
3664 2638 3930 2704 solatur.
3999 2637 4209 2722 quue
4242 2640 4316 2704 in
4352 2637 4616 2705 Christo

2669 2745 2805 2800 suo,
2849 2744 2969 2806 per
3012 2745 3206 2807 quem
3241 2724 3426 2788 nobis
3469 2744 3540 2789 se
3573 2724 3965 2790 benevolum
4005 2746 4080 2790 ac
4113 2726 4473 2809 propitium
4506 2747 4618 2809 pae-

2672 2819 2840 2874 trem
2884 2809 3169 2874 exhibet
3242 2809 3327 2874 In
3371 2808 3517 2893 lege
3552 2809 3730 2875 enim
3775 2831 3909 2875 non
3954 2809 4085 2876 nisi
4126 2811 4450 2894 perfectae
4490 2813 4617 2875 ius-

2670 2895 2872 2973 titiae,
2918 2917 3051 2978 qua
3092 2915 3213 2960 nos
3247 2916 3474 2961 omnes
3509 2894 3804 2961 destituti
3847 2917 4093 2976 sumus,
4136 2906 4612 2962 remunerator:

2672 2988 2900 3047 contra
2943 2989 3162 3047 autem
3179 3034 3193 3060 ,
3241 3003 3507 3048 severus
3551 2983 3873 3049 scelerum
3915 2981 4117 3048 iudex
4161 3003 4201 3048 a
4245 2994 4450 3068 paret.
4537 2984 4617 3049 In

2672 3066 2941 3133 Christo
2996 3076 3215 3134 autem
3234 3118 3249 3146 ,
3314 3067 3512 3133 facies
3565 3069 3705 3133 eius
3758 3069 4011 3153 gratiae
4068 3089 4143 3135 ac
4277 3070 4619 3155 nignitatis

2672 3152 2900 3237 plena,
2959 3175 3031 3219 er
3171 3154 3447 3219 miseros
3504 3155 3705 3219 etiam
3750 3176 3825 3221 ac
3879 3154 4186 3240 indignos
4229 3164 4614 3239 peccatores,

2672 3239 2936 3306 relucet.
3074 3261 3149 3305 oc
3192 3240 3367 3305 enim
3412 3239 3794 3305 admirabile
3838 3240 4198 3307 immensae
4233 3260 4390 3307 snae
4426 3240 4619 3307 dilee-

2671 3325 2867 3391 tionis
2910 3325 3282 3410 exemplum
3323 3326 3644 3410 praebuit,
3685 3324 3858 3410 quod
3888 3328 4224 3411 proprium
4263 3326 4472 3392 filium
4507 3347 4619 3393 no-

2671 3411 2773 3478 bis
2815 3412 3137 3495 exposuit,
3185 3431 3260 3477 ac
3303 3412 3373 3477 in
3416 3413 3557 3496 ipso
3600 3412 3944 3479 thesauros
3977 3412 4621 3497 omnesfclementiae

2671 3497 3108 3581 bonitatisque
3151 3519 3312 3563 suae
3354 3498 3732 3583 resignavit.

2713 3702 3200 3770 CHRISTUM
3243 3704 3468 3769 FIDE
3512 3705 3577 3768 A
3619 3702 3901 3772 NOBIS
3948 3703 4578 3771 APPREHENDL

2848 3839 3417 3922 Quemadmodum
3450 3840 3661 3905 filium
3694 3863 3890 3907 suum
3915 3841 4238 3941 evangelii
4270 3841 4474 3907 verbo
4509 3863 4623 3906 no-

2672 3927 2773 3992 bis
2817 3932 2966 4007 [pag.
3010 3930 3114 4005 16]
3169 3927 3361 3992 offert
3414 3927 3783 4013 misericors
3829 3938 4041 4011 pater:
4096 3933 4192 3992 ita
4232 3926 4363 3993 fide
4407 3929 4626 4011 ipsum

2673 4012 3160 4095 amplectimur,
3207 4034 3283 4078 ac
3327 4013 3509 4096 quasi
3555 4012 3782 4078 datum
3827 4014 4258 4099 agnoscimus.
4325 4013 4627 4079 Verbum

2672 4097 2939 4181 quidem
2983 4098 3195 4181 ipsum
3265 4098 3591 4183 evangelii
3659 4121 3887 4165 omnes
3942 4100 4013 4164 in
4057 4098 4307 4165 Christi
4358 4100 4624 4183 partici-

2672 4185 3004 4267 pationem
3058 4192 3274 4249 vocat:
3334 4192 3404 4249 at
3461 4185 3729 4268 plurimi
3796 4184 4249 4251 incredulitate
4303 4183 4628 4251 obcaecati

2673 4278 2740 4334 et
2792 4269 3124 4349 obdurati,
3181 4278 3320 4336 tam
3376 4270 3775 4354 singularem
3833 4272 4117 4356 gratiam
4161 4278 4623 4354 aspernantur.

2644 4353 2813 4422 uSoli
2859 4376 3016 4441 ergo
3070 4355 3298 4421 fideles
3345 4356 3615 4423 Christo
3658 4358 3998 4433 fruuntur,
4057 4357 4167 4442 qui
4212 4356 4295 4421 ad
4353 4377 4425 4423 se
4470 4358 4626 4422 mis-

2673 4463 2822 4506 sum
2865 4441 3205 4524 recipiunt,
3252 4443 3363 4525 qui
3406 4442 3531 4508 sibi
3575 4443 3887 4508 donatum
3930 4464 4064 4508 non
4107 4452 4457 4526 respuunt,
4518 4442 4627 4525 qui

2674 4535 3018 4593 vocantem
3054 4535 3436 4612 sequuntur.

2713 4733 2839 4797 DE
2885 4730 3419 4799 ELECTIONE
3463 4734 3582 4799 ET
3626 4730 4595 4800 PRAEDESTINATIONE.

2850 4870 2933 4934 In
2978 4868 3103 4936 hoc
3145 4879 3365 4935 antem
3400 4868 3774 4937 discrimine
3817 4871 4095 4937 sublime
4130 4870 4341 4936 divini
4375 4872 4633 4938 consilii

2679 4975 2992 5021 arcanum
3027 4957 3397 5023 necessario
3432 4956 3983 5023 considerandum
4017 4963 4133 5023 est.
4192 4956 4278 5022 In
4312 4957 4419 5023 his
4455 4959 4636 5023 enim

2679 5041 2835 5107 solis
2891 5039 3157 5106 demum
3225 5042 3411 5108 verbi
3463 5044 3591 5108 Dei
3657 5064 3886 5109 semen
3950 5043 4237 5109 radicem
4293 5043 4502 5125 ducit,
4561 5066 4639 5111 ac

2678 5127 3044 5201 fructificat,
3091 5148 3251 5210 quos
3295 5127 3620 5195 Dominus
3662 5130 3787 5195 sibi
3829 5128 3998 5195 filios
4042 5130 4356 5213 regnique
4390 5131 4639 5197 coeles-

2680 5212 2767 5277 tis
2813 5211 3131 5305 haeredes
3148 5265 3165 5293 ,
3221 5222 3488 5281 aeterna
3533 5235 3650 5282 sua
3690 5216 4035 5293 electione,
4080 5214 4636 5299 praedestinavit:
