4984 5975
519 291 645 354 399

516 479 719 543 finem
742 477 919 542 hunc
942 476 1153 554 habet,
1177 482 1254 541 ut
1270 477 1478 540 vitam
1501 496 1721 541 coram
1739 476 1882 540 Deo
1907 475 2328 543 traducamus
2352 498 2470 560 pu-

516 584 663 627 ram
683 571 749 626 et
769 562 1198 644 impollutam,
1234 562 1324 626 sic
1360 570 1425 625 et
1457 562 1743 645 gratuita
1776 562 2168 627 iustificatiO.
2217 564 2468 628 Verum

517 650 695 714 enim
717 656 814 711 est
846 646 1012 712 illud
1034 647 1245 724 Pauli,
1279 667 1399 712 nos
1435 647 1709 711 minime
1741 645 1824 711 ad
1856 647 2337 713 immunditiem
2356 671 2470 713 vo-

440 734 447 738 ’
517 741 696 799 catos
718 755 878 810 esse,
918 732 1031 797 sed
1057 732 1139 796 ad
1171 733 1588 797 sanctitatem
1613 735 1676 814 (l
1706 733 1934 803 Thess.
1960 739 2019 812 4,
2048 736 2134 817 7).
2190 735 2470 799 Interim

515 826 893 885 constanter
942 819 1066 882 hoc
1121 818 1510 894 retinemus„
1569 818 1901 883 hominem
1957 842 2087 884 non
2131 821 2323 884 modo
2369 841 2469 884 se-

514 905 649 970 mel
703 906 909 988 gratis
964 905 1384 970 iustificatum
1402 955 1416 982 ,
1475 903 1656 968 nullo
1713 925 1987 987 operum
2040 907 2298 983 merito,
2356 904 2470 971 sed

515 990 641 1056 hac
684 991 977 1073 gratuita
1021 990 1273 1054 iustitia
1316 989 1601 1053 hominis
1645 991 1925 1054 salutem
1967 999 2280 1074 perpetuo
2317 1013 2468 1055 con-

517 1084 711 1142 stare.
778 1076 1009 1159 Neque
1062 1077 1260 1139 etiam
1315 1075 1508 1139 aliter
1563 1076 1705 1139 fieri
1748 1097 1968 1158 posse,
2016 1087 2090 1141 ut
2132 1087 2470 1160 acceptum

516 1163 606 1228 sit
645 1163 790 1226 Deo
832 1161 1046 1227 ullum
1084 1162 1369 1226 hominis
1409 1182 1590 1244 opus,
1636 1161 1765 1226 nisi
1806 1182 1924 1244 per
1968 1184 2114 1227 eam
2157 1164 2470 1246 approbe-

517 1253 646 1312 tur.
717 1245 1164 1328 Quamobrem
1217 1246 1644 1313 vehementer
1668 1248 1716 1329 ¹)
1773 1249 2258 1330 obstupefactus
2301 1269 2466 1325 sum,

516 1354 721 1418 quum
778 1331 953 1415 apud
1017 1340 1083 1397 te
1139 1332 1457 1416 legerem,
1516 1334 1853 1397 caritatem
1909 1335 2271 1417 principem
2329 1354 2469 1398 esse

517 1439 595 1485 ac
650 1419 1056 1501 potissimam
1107 1417 1337 1483 salutis
1391 1426 1654 1483 nostrae
1708 1441 1988 1484 causam.
2039 1411 2099 1484 Ο
2146 1419 2469 1495 Sadolete,

516 1504 665 1589 quis
690 1504 806 1569 abs
840 1513 906 1568 te
942 1524 1226 1586 unquam
1256 1504 1450 1568 talem
1488 1523 1713 1568 vocem
1737 1506 2219 1588 exspectasset?
2278 1504 2472 1570 Caeci

515 1591 805 1674 profecto
860 1591 985 1672 ipsi
1042 1590 1282 1655 certius
1338 1591 1407 1652 in
1453 1590 1737 1655 tenebris
1789 1591 2062 1673 palpant
2103 1591 2232 1656 Dei
2276 1591 2472 1654 mise-

516 1675 899 1754 ricordiam,
956 1696 1153 1758 quam
1207 1683 1282 1739 ut
1335 1675 1567 1739 salutis
1624 1697 1779 1740 suae
1824 1678 2263 1759 principatum
2306 1675 2472 1741 cari-

516 1762 640 1825 tati
685 1761 904 1826 ausint
949 1781 1272 1844 arrogare.
1352 1758 1485 1841 Qui
1529 1782 1684 1825 vero
1728 1763 1834 1826 vel
1878 1763 2232 1827 scintillam
2271 1783 2472 1826 unam

515 1846 764 1912 habent
824 1846 1085 1912 divinae
1130 1846 1324 1924 lucis,
1373 1848 1666 1910 sentiunt
1708 1868 1841 1911 non
1886 1848 2016 1912 alia
2055 1870 2127 1912 rc
2171 1859 2472 1912 constare

500 1933 642 2000 sibi
684 1933 963 1998 salutem
983 1983 997 2008 ,
1045 1952 1241 2014 quam
1287 1930 1456 2013 quod
1500 1941 1656 1996 sunt
1699 1955 1739 1997 a
1782 1933 1927 1998 D‘eo
1972 1932 2277 2016 adoptati.
2345 1933 2475 1997 Est

518 2018 697 2084 enim
730 2026 998 2082 aeterna
1041 2017 1236 2094 salus,
1286 2017 1652 2082 haereditas
1695 2018 1990 2084 coelestis
2034 2021 2257 2103 patris,
2305 2039 2471 2102 quae

519 2103 674 2169 solis
731 2102 872 2169 eius
926 2102 1080 2168 filiis
1136 2113 1236 2167 est
1289 2115 1690 2185 praeparata.
1766 2105 2005 2183 Porr0,
2073 2107 2219 2187 quis
2274 2104 2471 2168 aliam

520 2188 850 2271 adoptioni
909 2195 1169 2253 nostrae
1231 2208 1494 2254 causam
1564 2190 1879 2273 assignet,
1938 2197 2055 2270 [fol.
2109 2196 2216 2270 31]
2272 2207 2472 2272 quam

518 2295 683 2357 quae
725 2274 970 2357 passim
1012 2296 1054 2338 a
1095 2276 1420 2356 scriptura
1464 2275 1919 2358 praedicatur?
1988 2275 2182 2357 Quod
2226 2274 2473 2342 seilicet

517 2381 653 2426 non
707 2362 957 2443 priores
1011 2359 1436 2426 dilexerimus
1481 2382 1662 2440 eum,
1707 2361 1823 2427 sed
1862 2363 2037 2427 ultro
2078 2363 2149 2425 in
2191 2362 2483 2447 gratiam*

517 2467 593 2512 ac
636 2445 1158 2511 benevolentiam
1204 2444 1287 2510 ab
1328 2461 1409 2510 eo·
1450 2447 1690 2529 recepti
1733 2449 1957 2513 simus.

690 2531 798 2597 Ab
841 2532 964 2597 hac
1009 2532 1318 2597 caecitate
1363 2550 1550 2596 error
1588 2533 1789 2597 etiam
1830 2533 1944 2598 illo
1987 2534 2266 2615 emergit
2299 2530 2473 2614 quod

516 2617 938 2701 poenitentiis
995 2625 1062 2681 et
1116 2618 1668 2683 satisfactionibus
1726 2620 1979 2701 expiari
2037 2625 2303 2702 peecata
2358 2615 2473 2681 do-

519 2723 642 2769 ces.
720 2702 851 2769 Ubi
911 2724 983 2766 er
1030 2724 1067 2767 o
1123 2705 1249 2767 erit
1302 2702 1417 2767 illa
1471 2704 1667 2769 unica
1723 2704 1942 2770 hostia
1997 2704 2376 2786 piacularis,
2433 2723 2473 2766 a

520 2808 650 2871 qua
704 2789 758 2853 si
805 2788 978 2853 disce
1022 2788 1187 2864 itur,
1232 2788 1487 2852 nullum
1543 2791 1810 2853 omnino
1854 2790 2179 2871 piaculum
2223 2797 2473 2853 restare

520 2880 805 2938 testatur
839 2873 1205 2955 scriptura?
1273 2874 1596 2937 Percurre
1630 2873 1945 2958 quidquid
1979 2874 2300 2939 habemus
2331 2895 2475 2937 ora-

520 2958 820 3026 culorum
877 2958 1035 3022 Dei:
1083 2960 1137 3024 si
1181 2960 1413 3025 unicus
1467 2957 1718 3024 Christi
1761 2961 2030 3044 sanguis
2072 2960 2316 3042 ubique
2357 2979 2475 3041 pro

519 3044 985 3110 satisfactionis
1028 3044 1264 3127 preti0,
1311 3065 1429 3126 pro
1472 3046 1938 3126 pacificatione,
1982 3066 2101 3128 pro
2146 3046 2476 3109 ablutione

519 3129 927 3213 proponitur,
973 3150 1101 3210 qua
1143 3129 1539 3196 confidentia
1581 3138 1839 3196 tantum
1877 3131 2196 3196 honorem
2241 3131 2324 3195 ad
2359 3138 2477 3195 tua

520 3236 721 3297 opera
762 3215 1124 3279 transferre
1174 3214 1416 3280 audes?
1482 3215 1622 3281 Nec
1667 3223 1794 3291 est,
1840 3217 2012 3299 quod
2058 3216 2475 3299 sacrilegium

521 3301 649 3366 hoc
702 3299 1011 3365 ecclesiae
1066 3301 1194 3365 Dei
1248 3299 1592 3366 adscribas.
1660 3302 1943 3380 Habuit,
2002 3304 2236 3379 fateor,
2282 3312 2473 3366 vetus

521 3385 799 3451 ecclesia
844 3407 996 3450 suas
1040 3387 1540 3452 satisfactiones:
1588 3409 1720 3451 non
1763 3388 1911 3453 illas
1951 3397 2192 3465 tamen,
2239 3386 2474 3469 quibus

519 3473 666 3537 Deo
719 3472 990 3536 litarent
1045 3480 1448 3554 peccatores,
1505 3493 1701 3555 seque
1756 3494 1799 3537 a
1841 3496 2016 3539 noxa
2056 3472 2473 3550 redimerent,

521 3557 638 3624 sed
691 3558 959 3640 quibuS,
1032 3565 1099 3622 et
1153 3579 1351 3640 quam
1418 3560 1893 3641 profitebantur
1955 3559 2475 3643 resipiscentiam

520 3664 657 3709 non
686 3664 828 3709 esse
851 3645 1070 3708 fictam
1109 3644 1563 3727 approbarent,
1601 3655 1667 3710 et
1702 3646 1841 3710 eius
1868 3647 2272 3723 offensionis,
2310 3665 2475 3727 quae

520 3752 605 3796 ex
642 3750 871 3795 eorum
904 3737 1168 3812 peccato
1213 3730 1495 3795 excitata
1530 3740 1687 3807 erat,
1734 3733 2118 3796 memoriam
2162 3731 2471 3796 delerent.

518 3816 672 3881 Non
725 3816 903 3879 enim
955 3815 1378 3897 quibuslibet,
1438 3816 1552 3880 sed
1604 3817 1687 3881 iis
1732 3816 1954 3895 mode,
1999 3818 2111 3900 qui
2155 3819 2224 3880 in
2273 3837 2474 3900 grave

522 3899 612 3964 ali
656 3898 786 3964 uod
838 3901 1165 3983 flagitium
1217 3901 1504 3984 prolapsi
1549 3908 1770 3981 erant,
1816 3903 2070 3967 solenni
2105 3904 2239 3966 ritu
2284 3922 2475 3985 prae-

480 4014 488 4027 .
523 3984 992 4051 scribebantur.

693 4070 776 4134 In
820 4070 1251 4136 eucharistiae
1294 4094 1510 4149 causa,
1549 4072 1615 4136 id
1652 4072 2094 4155 reprehendis,
2133 4071 2305 4155 quod
2338 4074 2475 4137 Do-

521 4157 780 4221 minum
837 4156 1054 4237 ipsum
1110 4158 1438 4236 universi,
1486 4165 1554 4222 et
1596 4157 1889 4222 divinam
1931 4160 2004 4222 in
2049 4180 2125 4223 eo
2170 4160 2475 4240 spiritua-

520 4243 781 4323 lemque
806 4243 1159 4321 potentiam
1197 4245 1395 4326 (quae
1420 4265 1687 4327 prorsus
1715 4244 1919 4309 libera
1942 4253 2010 4308 et
2032 4244 2293 4308 infinita
2328 4244 2474 4322 est),

521 4328 594 4392 in
634 4325 908 4409 angulos
943 4348 1287 4409 corporeae
1323 4338 1614 4407 naturae,
1653 4351 1817 4411 quae
1861 4330 1999 4394 suis
2033 4329 2340 4395 cancellis
2378 4336 2479 4393 est
2527 4344 2532 4355 ·

522 4410 1042 4494 circumscripta,
1093 4434 1408 4478 conamur
1453 4414 1805 4479 includere.
1863 4416 1955 4480 Et
2008 4416 2151 4498 quis
2204 4415 2474 4479 tandem

524 4497 871 4563 calumniis
918 4497 1042 4561 erit
1075 4499 1268 4564 finis?
1333 4500 1471 4566 Nos
1517 4500 1757 4566 diserte
1802 4522 2060 4584 semper
2104 4502 2325 4566 testati
2366 4522 2476 4565 su-

522 4604 672 4648 mus
723 4581 1019 4647 divinam
1063 4582 1315 4649 Christi
1358 4608 1491 4651 non
1536 4586 1729 4651 modo
1776 4588 2168 4669 potentiam,
2215 4587 2330 4652 sed
2375 4608 2476 4650 es-

524 4669 805 4735 sentiam
858 4689 1115 4750 quoque
1168 4669 1443 4736 diffundi
1497 4694 1616 4755 per
1668 4673 1919 4747 omnia,
1973 4673 2175 4738 nullis
2237 4671 2477 4737 finibus

522 4753 821 4820 limitari:
878 4764 955 4817 tu
1008 4762 1229 4819 autem
1295 4760 1690 4839 exprobrare
1759 4758 1948 4823 nobis
2014 4779 2145 4822 non
2200 4757 2475 4835 dubitas,

524 4841 727 4906 fuisse
783 4841 853 4905 in
908 4838 1187 4923 angulos
1244 4861 1587 4926 corporeae
1631 4851 1904 4909 naturae
1951 4866 1989 4909 a
2032 4843 2218 4909 nobis
2263 4845 2476 4910 inclu-

526 4925 709 4991 sam?
773 4923 907 5006 Qui
949 4925 1084 4991 sic?
1154 4925 1329 5007 Quia
1369 4948 1603 5013 corpus
1645 4930 1784 4996 eius
1827 4929 2157 4996 noluimus
2199 4931 2477 4995 terrenis
2525 4952 2531 4979 ·

663 5199 722 5270 1)
758 5202 1122 5270 vehementer,
1159 5216 1259 5255 σπι.
1298 5198 1434 5254 1576
1469 5216 1606 5272 seqq.

2260 285 2628 353 RESPON
2636 286 2789 353 SIO

4405 291 4537 354 400

2577 475 2920 540 elementis
2975 476 3309 541 vobiscum
3365 476 3648 560 affigere.
3707 474 3832 552 At,
3880 476 3937 541 si
3980 496 4111 558 qua
4150 474 4275 541 tibi
4320 476 4534 541 since-

2575 562 2790 626 ritatis
2845 582 3001 626 cura
3055 573 3254 640 esset,
3310 581 3445 626 non
3510 563 3771 645 ignoras
3835 562 4151 643 profecto,
4206 571 4532 645 quantum

2573 649 2751 711 inter
2776 648 2907 711 ista
2932 648 3059 711 duo
3093 648 3384 713 intersit:
3422 646 3693 712 localem
3730 647 4019 729 corporis
4054 646 4306 712 Christi
4340 667 4532 729 prae-

2574 734 2852 798 sentiam
2897 753 2936 796 a
2979 753 3146 816 pane
3186 735 3509 798 removeri
3552 741 3620 796 et
3659 733 4071 815 spiritualem
4115 732 4366 797 Christi

2573 822 2849 884 tentiam
2894 820 3338 885 circumscribi
3381 819 3669 900 corporis
3713 818 4036 883 cancellis.
4107 818 4245 884 Nec
4290 818 4532 902 dogma

2573 905 2751 970 istud
2806 911 3107 970 nostrum
3164 903 3441 969 debuisti
3495 905 3807 969 novitatis
3863 904 4284 982 insimulare,
4329 925 4538 987 quum
4621 935 4628 940 „

2575 993 2643 1055 in
2679 992 2953 1056 ecclesia
2989 1011 3248 1072 semper
3281 990 3579 1054 habitum
3612 1010 3732 1072 pro
3780 990 4074 1055 confesso
4122 990 4334 1054 fuerit.
4399 987 4540 1055 Sed

2574 1078 2726 1159 quia
2768 1077 3122 1160 disputatio
3167 1077 3329 1142 haec
3372 1096 3492 1140 sua
3534 1075 3986 1158 magnitudine
4036 1075 4281 1139 librum
4327 1097 4540 1141 unum

2573 1163 2906 1245 impleret,
2978 1163 3183 1228 satius
3247 1170 3376 1238 est,
3448 1180 3576 1243 quo
3642 1169 3825 1225 tanta
3890 1161 4188 1226 molestia
4254 1177 4407 1226 uter
4451 1182 4536 1226 ue

2551 1257 2880 1324 ‚nostrum
2922 1248 3281 1325 eximatur,
3325 1247 3685 1331 Augustini
3729 1247 4098 1329 Epistolam
4144 1246 4227 1311 ad
4273 1247 4417 1326 Dar
4462 1267 4539 1312 a·

2575 1356 2737 1398 num
2759 1334 2966 1418 legas:
2993 1334 3107 1397 ubi
3135 1334 3439 1417 reperies,
3462 1333 3783 1416 quomodo
3807 1354 3981 1398 unus
4004 1332 4308 1415 idemque
4331 1331 4531 1397 Chri-

2577 1427 2719 1484 stus
2764 1428 2831 1486 et
2873 1439 3028 1483 suae
3072 1419 3437 1484 divinitatis
3480 1418 3910 1500 amplitudine
3955 1417 4210 1484 coelum
4244 1428 4536 1482 terram-

2576 1527 2703 1586 que
2747 1505 3037 1581 excedat,
3084 1513 3152 1569 et
3186 1505 3548 1570 secundum
3590 1503 4066 1582 humanitatem
4110 1526 4244 1568 non
4289 1505 4539 1587 ubique

2577 1592 2662 1655 sit
2717 1590 3012 1656 diffusus.
3082 1591 3328 1654 Veram
3381 1589 3598 1656 carnis
3655 1611 3731 1655 ac
3774 1591 4116 1674 sanguinis
4168 1590 4538 1656 communi-

2576 1677 2916 1750 cationem,
2956 1696 3120 1758 quae
3155 1676 3460 1741 fidelibus
3501 1677 3572 1740 in
3616 1696 3819 1741 coena
3861 1675 4230 1753 exhibetur,
4277 1676 4538 1760 magni-

2576 1765 2698 1828 fice
2741 1760 3205 1845 praedicamus.
3273 1763 3442 1826 Eam
3487 1782 3752 1827 caruem
3795 1782 3950 1826 vere
3994 1761 4214 1826 cibum
4257 1782 4401 1826 esse
4437 1761 4540 1825 vi-

2579 1858 2713 1927 tae,
2771 1849 3162 1931 sanguinem
3216 1847 3407 1911 illum
3451 1867 3606 1912 vere
3659 1856 3914 1929 potum,
3962 1846 4203 1912 diserte
4247 1847 4540 1912 ostendi·

2578 1956 2754 1999 mus:
2811 1955 3085 2016 quorum
3140 1954 3275 1997 non
3329 1933 3721 2015 imaginaria
3763 1936 4186 2014 conceptione
4230 1941 4543 1997 contenta

2578 2022 2665 2085 sit
2706 2021 2945 2096 anima,
2992 2018 3107 2084 sed
3141 2018 3388 2084 efficaci
3431 2019 3711 2083 veritate
3754 2020 4030 2083 fruatur.
4076 2018 4534 2084 Praesentiam

2579 2106 2855 2180 Christi:
2916 2127 3045 2187 qua
3109 2125 3230 2169 nos
3283 2104 3383 2168 illi
3436 2105 3839 2180 inseramur,
3898 2126 3938 2168 a
4002 2123 4204 2169 coena
4261 2104 4538 2169 minime

2577 2190 3005 2256 excludimus.
3072 2189 3302 2272 Neque
3348 2211 3503 2253 vero
3547 2191 3756 2272 ipsam
3815 2190 4276 2270 obscuramus,
4334 2189 4532 2254 modo

2580 2282 2696 2356 [fol.
2755 2282 2863 2355 32]
2928 2274 3098 2340 absit
3153 2276 3379 2341 localis
3434 2275 3981 2358 circumscripti0,
4023 2274 4217 2339 modo
4261 2296 4349 2339 ne
4396 2274 4538 2360 glo-

2574 2365 2824 2427 riosum
2860 2361 3115 2427 Christi
3149 2381 3384 2443 corpus
3421 2360 3505 2425 ad
3547 2368 3815 2425 terrena
3859 2359 4183 2424 elementa
4225 2359 4541 2427 detraha-

2577 2460 2716 2524 tur,
2761 2448 2954 2512 modo
2998 2467 3084 2511 ne
3126 2448 3196 2511 in
3242 2446 3585 2512 Christum
3628 2448 3920 2529 fingatur
3961 2446 4152 2529 panis
4196 2448 4542 2512 transsub-

2578 2534 2880 2598 stantiari
2896 2585 2911 2610 ,
2953 2540 3028 2597 ut
3073 2532 3306 2598 deinde
3346 2552 3464 2615 pro
3520 2531 3789 2597 Christo
3834 2532 4159 2596 adoretur.
4227 2533 4541 2616 Dignita-

2579 2629 2714 2683 tem
2765 2640 3084 2700 usumque
3150 2618 3448 2700 mysterii
3493 2619 3730 2699 quibus
3786 2639 4132 2700 possumus
4163 2618 4420 2702 -elogiis
4455 2618 4539 2683 il-

2576 2704 2964 2769 lustramus:
3011 2711 3258 2786 quanta
3292 2702 3527 2768 deinde
3570 2703 3653 2767 ad
3688 2723 3812 2767 nos
3848 2703 4102 2767 utilitas
4137 2703 4382 2780 redeat,
4424 2703 4538 2769 de-

2578 2790 2918 2854 claramus,
2988 2788 3176 2868 Quae
3220 2790 3440 2853 omnia
3480 2810 3681 2871 prope
3716 2788 3890 2872 apud
3925 2809 4043 2853 vos
4081 2787 4538 2874 negliguntur.

2578 2876 2951 2941 Praeterita
3005 2875 3213 2952 enim,
3258 2896 3425 2956 quae
3481 2875 3587 2939 hic
3639 2872 3828 2939 nobis
3883 2875 4248 2953 confertur,
4293 2874 4542 2940 ‘divina

2578 2960 3034 3035 beneficentia,
3081 2961 3433 3043 praeterito
3478 2961 3644 3025 tanti
3707 2959 4004 3041 beneficii
4050 2959 4348 3045 legitimo
4388 2982 4538 3041 usu,

2580 3045 2816 3129 quibus
2857 3046 3216 3129 plurimum
3263 3046 3531 3112 decebat
3565 3048 3922 3125 immorari,
3960 3047 4119 3112 satis
4162 3047 4439 3127 habetis,
4485 3049 4545 3114 si

2581 3132 2862 3215 populus
2898 3132 2980 3196 ad
3021 3134 3285 3216 signum
3320 3132 3596 3211 visibile,
3638 3132 3779 3197 sine
3815 3133 3955 3197 ulla
3988 3133 4352 3216 spiritualis
4396 3155 4545 3219 my-

2583 3218 2768 3282 sterii
2818 3217 3285 3301 intelligentia,
3334 3217 3767 3302 obstupescat.
3837 3218 4032 3299 Quod
4087 3225 4310 3283 autem
4365 3240 4546 3286 cras-

2582 3324 2720 3369 sam
2746 3304 2946 3381 illam,
2974 3326 3170 3386 quam
3199 3305 3507 3384 statuitis,
3532 3304 4332 3369 transsubstantiationem
4355 3305 4546 3371 dam-

2579 3391 2917 3465 navimus3
2955 3388 3126 3472 quod
3162 3389 3488 3471 stupidam
3524 3390 3706 3455 illam
3741 3388 4182 3455 adorationem
4217 3412 4386 3474 quae
4424 3392 4546 3456 ho-

2579 3477 2837 3540 minum
2893 3484 3147 3540 mentes
3200 3476 3267 3539 in
3328 3475 3669 3540 elementis
3724 3474 4003 3553 detinet,
4062 3476 4135 3539 in
4195 3475 4544 3543 Christum

2580 3582 2926 3645 assurgere
2991 3582 3126 3625 non
3195 3562 3380 3637 sinit,
3435 3580 3815 3645 perversam
3869 3582 4012 3626 esse
4077 3561 4420 3628 docuimus
4474 3572 4544 3627 et

2580 3648 2881 3730 impiam,
2936 3645 3007 3709 id
3049 3667 3184 3710 non
3229 3647 3524 3726 fecimus,
3573 3647 3697 3711 nisi
3746 3647 4148 3731 suffragante
4190 3647 4383 3713 nobis
4425 3670 4544 3714 ve-

2582 3735 2740 3797 teris
2784 3732 3094 3797 ecclesiae
3138 3751 3487 3798 consensu:
3532 3734 3721 3799 cuius
3777 3733 4010 3798 umbra
4053 3734 4301 3799 frustra
4344 3756 4542 3800 cona-

2580 3820 2673 3967 ribs
2714 3817 3149 3895 foedissimaS,
3195 3819 3430 3900 quibus
3475 3819 3584 3884 hic
3643 3816 3988 3897 laboratis,
4038 3820 4541 3902 superstitiones

2580 3926 2618 3968 o
2663 3912 2728 3967 te
2777 3924 2904 3968 ere.
3287 3920 3288 3923 ’

2732 3925 2833 4053 gIn
2870 3988 3216 4053 auriculari
3253 3989 3658 4054 confessione
3690 3989 3875 4054 illam
3907 3990 4278 4056 Innocentii
4318 3991 4538 4077 legem

2581 4074 3122 4157 improbavimus,
3168 4095 3336 4156 quae
3377 4076 3563 4140 iubet
3605 4062 3956 4157 quotannis
3998 4098 4538 4161 unumquemque

2579 4160 2845 4243 proprio
2899 4159 3221 4226 sacerdoti
3278 4180 3620 4225 recensere
3687 4161 3907 4226 omnia
3957 4172 4239 4245 peccata.
4317 4163 4403 4228 In
4457 4186 4540 4230 ea

2579 4267 2772 4329 porro
2809 4245 3186 4329 abroganda
3219 4267 3383 4329 quas
3422 4248 3707 4312 rationes
3744 4250 4004 4329 sequuti
4047 4249 4270 4327 simus,
4308 4270 4539 4315 recen-

2581 4354 2725 4396 sere
2767 4331 3037 4415 longum
3073 4332 3255 4396 foret.
3324 4334 3494 4397 Rem
3538 4340 3763 4397 tamen
3804 4333 4004 4399 fuisse
4048 4335 4386 4415 nefariam,
4427 4335 4538 4401 vel

2580 4417 2733 4487 inde
2789 4428 3085 4499 apparet,
3140 4418 3312 4500 quod
3369 4418 3509 4482 diro
3563 4418 3674 4483 illo
3719 4425 4042 4484 tormento
4096 4420 4346 4486 solutae
4386 4423 4540 4504 piae

2582 4504 3051 4581 conscientiae,
3122 4514 3282 4569 tunc
3354 4504 3764 4587 acquiescere
3817 4504 4083 4569 demum
4141 4507 4214 4570 in
4272 4505 4540 4573 divinae

2583 4590 2832 4673 gratiae
2873 4588 3115 4654 fiducia
3156 4582 3529 4672 coeperunt,
3576 4612 3781 4672 quum
3824 4600 4020 4655 antea
4063 4600 4378 4675 perpetua
4413 4613 4540 4657 an-

2582 4676 2827 4739 xietate
2872 4684 3296 4740 aestuassent.
3368 4675 3461 4740 Ut
3501 4683 3750 4739 taceam
3788 4677 4051 4741 interim
4097 4686 4210 4755 tot,
4255 4698 4414 4760 quas
4458 4679 4538 4743 in

2527 4762 2532 4873 1
2583 4760 2924 4825 ecclesiam
2964 4761 3375 4842 importavit,
3420 4760 3655 4838 clades,
3701 4782 3869 4844 quae
3910 4763 4147 4826 merito
4188 4762 4371 4828 illam
4415 4785 4541 4830 110-

2582 4846 2682 4910 bis
2741 4845 3206 4911 exsecrabilem
3253 4844 3525 4910 reddere
3578 4845 3873 4912 debeant.
3956 4846 4149 4929 Quod
4197 4859 4420 4913 autem
4463 4851 4542 4916 in

2578 4931 2953 5014 praesentia
2985 4932 3223 5016 agitur,
3269 4929 3394 4997 hoc
3426 4930 3627 4996 habe:
3665 4953 3875 5015 neque
3910 4931 4161 4999 Christi
4200 4935 4538 5015 mandato,

2577 5038 2700 5082 nec
2740 5016 2985 5082 veteris
3037 5015 3343 5081 ecclesiae
3395 5017 3694 5082 instituto
3750 5020 3953 5085 fuisse
3994 5019 4327 5085 traditam.
4395 5022 4541 5087 Lo—

2579 5123 2687 5168 cos
2740 5103 3102 5183 scripturae
3158 5122 3385 5169 omnes
3459 5103 3670 5168 valide
3737 5106 4134 5171 extorsimus
4198 5107 4537 5191 sophistis,

2578 5208 2740 5271 quos
2793 5185 2877 5251 ad
2931 5207 3078 5251 eam
3121 5187 3506 5271 detorquere
3549 5189 4000 5255 moliebantur.
4072 5189 4260 5272 Quae
4303 5204 4536 5259 autem
