4984 5975
433 303 555 365 327

434 490 692 555 afflictis
736 496 802 552 et
845 486 1162 570 perculsis
1207 484 1378 550 ultro
1423 501 1494 547 se
1537 481 1810 565 profert:
1858 501 1933 545 ac
1974 499 2113 558 nos,
2149 479 2386 562 quibus

436 576 745 660 gradibus
789 571 1098 656 expedire
1143 567 1571 634 imbecillitati
1613 574 1876 633 nostrae
1918 566 2122 643 novit,
2164 566 2245 630 ab
2281 584 2386 628 er-

437 682 584 726 rore
628 661 695 723 in
736 660 911 723 viam
956 664 1219 733 rectam,
1267 659 1560 727 amorte
1601 653 1673 717 in
1718 653 1954 731 vitam,
2001 673 2041 716 a
2081 652 2273 716 ruina
2315 651 2386 714 in

437 746 749 821 salutem,
807 765 845 809 a
890 764 960 807 rc
1009 765 1091 808 no
1137 739 1378 807 diaboli
1421 740 1488 803 in
1534 759 1815 823 regnum
1861 758 2055 803 suum
2100 743 2380 802 revocat.

437 830 662 912 Quum
697 831 904 914 igitur
1006 829 1285 904 ominus,
1314 848 1475 909 quos
1521 825 1587 889 in
1612 825 1791 889 vitae
1818 822 2115 889 coelestis
2154 822 2384 886 haere-

436 915 709 980 ditatem
775 916 1122 980 restituere
1187 913 1522 997 dignatur,
1585 911 1667 975 iis
1733 908 2035 974 omnibus
2101 909 2387 991 primum

436 990 612 1066 h'unc
649 1001 925 1085 gradum
963 1007 1226 1078 statuat,
1274 1006 1348 1063 ut
1379 1005 1793 1080 peccatorum
1830 1016 2099 1060 suorum
2145 996 2385 1092 [pag-7]

436 1088 831 1153 conscientia
867 1086 1194 1151 vulnerati
1238 1095 1304 1148 ct
1355 1082 1641 1167 pondere
1693 1081 1981 1165 fatigati,
2040 1080 2123 1145 ad
2183 1082 2388 1162 ipsius

436 1174 738 1237 timorem
780 1174 1170 1259 excitentur,
1216 1170 1430 1254 legem
1473 1167 1657 1233 nobis
1690 1167 1979 1251 primum
2016 1185 2202 1231 suam
2237 1185 2388 1248 pro-

434 1260 634 1341 ponit,
682 1280 846 1341 quae
889 1258 969 1323 ad
1016 1278 1161 1322 eam
1206 1254 1648 1340 cognitionem
1693 1273 1813 1318 nos
1860 1258 2180 1318 exerceat.

989 1462 1114 1527 DE
1160 1461 1414 1527 LEGE
1460 1457 1825 1526 DOMINI„

611 1601 695 1666 In
737 1600 881 1684 lege
916 1599 1043 1664 Dei
1087 1597 1560 1681 perfectissima
1600 1596 1798 1661 totius
1833 1595 2122 1659 iustitiae
2158 1593 2389 1679 regula

440 1685 754 1763 traditur,
820 1705 1047 1768 quam,
1115 1686 1362 1766 optima
1417 1684 1669 1748 ratione
1727 1687 2063 1746 aeternam
2120 1680 2391 1745 Domini

438 1772 847 1838 voluntatem
892 1769 1222 1853 appellare
1260 1770 1431 1834 licet.
1522 1768 1693 1832 Nam
1728 1766 1863 1832 illic
1907 1766 2157 1832 duabus
2202 1765 2391 1831 tabu-

439 1858 523 1922 lis
564 1856 876 1940 quidquid
916 1877 962 1921 a
1005 1856 1193 1922 nobis
1248 1855 1553 1937 requirit,
1611 1853 1692 1917 ad
1749 1852 2017 1935 plenum
2077 1861 2144 1915 et
2196 1851 2390 1934 liqui-

440 1943 596 2007 dum
657 1942 1038 2025 complexus
1102 1942 1219 2006 est.
1308 1941 1568 2017 Priore,
1630 1939 1777 2022 quis
1841 1937 1965 2002 sibi
2029 1937 2391 2003 maiestatis

441 2049 598 2094 suae
655 2028 874 2093 cultus
927 2026 1268 2113 probetur:
1319 2026 1554 2105 altera,
1611 2045 1775 2108 quae
1834 2023 2123 2089 caritatis
2179 2023 2393 2089 officia

489 2115 739 2178 roximo
804 2112 1166 2179 debeantur
1180 2164 1194 2190 ,
1267 2114 1493 2195 paucis
1555 2108 1884 2176 mandatis
1948 2109 2389 2194 praescripsit.

440 2135 613 2265 {lam
658 2220 814 2283 ergo
858 2198 1232 2264 audiamus:
1290 2206 1433 2262 tum
1483 2205 1738 2282 postea,
1794 2194 1951 2278 quid
1995 2216 2077 2261 ex
2123 2216 2199 2261 ea
2244 2194 2393 2260 doo-

440 2285 652 2350 trinae
705 2284 1093 2368 capiendum
1110 2337 1125 2362 ,
1183 2284 1377 2349 simul
1436 2283 1593 2367 quid
1651 2284 1900 2348 fructus
1954 2281 2393 2366 colligendum

442 2371 528 2435 sit
571 2371 775 2449 nobie,
820 2369 1201 2436 videbimus.

1164 2659 1466 2727 EXODI
1509 2660 1668 2726 XX.

2098 287 2775 357 CATEGHISMUS.

2438 1812 2445 1921 l

2440 1934 2445 1975 1

441 2801 696 2886 EGO
745 2803 1363 2911 sumadominus
1394 2803 1630 2884 Deus
1674 2813 1901 2905 tuus,
1947 2800 2093 2910 qui
2136 2799 2392 2882 eduxi
2440 2832 2446 2881 ε

442 2935 530 3006 te
594 2923 699 3006 de
761 2935 992 3007 terra
1056 2923 1443 3034 Aegypti
1519 2922 1623 3003 de
1700 2921 1947 3003 domo
2027 2919 2389 3002 servitu-

443 3044 579 3125 tis.
706 3044 898 3127 Non
972 3044 1322 3126 habebis
1401 3043 1630 3124 Deos
1710 3040 2026 3122 alienos
2112 3068 2393 3120 coram

1162 3162 1370 3278 facie
1435 3191 1643 3243 mea.

612 3313 779 3378 Pars
835 3309 1031 3374 huius
1089 3310 1421 3392 praecepti
1476 3309 1620 3375 vice
1677 3319 1777 3375 est
1833 3307 2254 3390 praefationis
2320 3308 2392 3371 in

444 3407 647 3462 totam
701 3399 932 3482 legem.
1022 3395 1194 3460 Nam
1251 3394 1408 3459 dum
1464 3416 1533 3461 se
1588 3394 1925 3460 dominum
1966 3395 2185 3458 Deum
2240 3414 2392 3458 nos-

443 3493 620 3548 trum
666 3504 805 3548 esse
850 3481 1269 3563 pronunciat,
1331 3501 1481 3545 eum
1527 3502 1597 3546 se
1642 3501 1783 3546 esse
1828 3480 2071 3558 innuit,
2132 3481 2244 3563 qui
2289 3480 2391 3545 ius

444 3568 686 3634 habeat
738 3564 1205 3652 praecipiendi,
1261 3575 1328 3632 et
1381 3568 1569 3632 cuius
1623 3567 1983 3649 praeceptis
2026 3564 2393 3632 obedientia

445 3654 774 3719 debeatur.
868 3649 1440 3732 Quemadmodum
1496 3673 1613 3735 pcr
1659 3651 2040 3736 prophetam
2103 3651 2289 3736 (Mal.
2340 3658 2388 3729 Ι,

452 3741 521 3824 6)
580 3761 771 3804 suum
828 3737 949 3801 ait:
1011 3737 1066 3801 si
1122 3758 1243 3820 ego
1301 3747 1508 3821 pater,
1567 3739 1676 3803 ubi
1735 3737 1960 3803 amor?
2051 3735 2126 3803 Si
2183 3735 2390 3802 domi-

448 3847 577 3889 nus
620 3823 733 3888 ubi
776 3820 1012 3887 timor?
1058 3823 1251 3888 simul
1299 3823 1683 3890 beneficium
1726 3834 2216 3894 commemorat.
2261 3845 2389 3906 quo

447 3920 673 3973 nostra
715 3910 785 3973 in
908 3905 1118 3973 titudo
1173 3919 1510 3993 arguatur,
1567 3911 1693 3975 nisi
1748 3909 1891 3974 eius
1934 3911 2077 3974 voci
2135 3909 2391 3976 auscul-

447 4005 682 4059 tamus.
773 3928 923 4075 ὄξει
986 3996 1159 4059 enim
1230 3994 1630 4079 benignitate
1682 3994 2011 4061 iudaicum
2078 4017 2161 4079 po
2210 3995 2390 4060 ulum

450 4079 649 4144 semel
731 4100 813 4144 ex
886 4082 1176 4165 Aegypti
1247 4086 1394 4161 [pag.
1449 4085 1514 4160 s]
1614 4082 1933 4146 servitute
2013 4083 2129 4146 vin
2178 4083 2388 4160 cavit,

448 4164 675 4231 eadem
722 4186 975 4249 quoque
1018 4187 1241 4232 servos
1296 4188 1446 4232 suos
1497 4186 1723 4232 omnes
1778 4189 1813 4231 e
1869 4179 2185 4250 perpetua
2231 4164 2390 4231 fide-

448 4252 610 4316 lium
666 4253 998 4336 Aegypto,
1070 4251 1193 4318 hoo
1262 4264 1391 4328 est,
1464 4274 1500 4317 e
1556 4254 1801 4335 peccati
1854 4261 2177 4335 potestate
2229 4252 2390 4316 libe—

447 4347 569 4403 rat.
610 4357 621 4364 ·
660 4336 853 4419 Quod
900 4345 1116 4401 autem
1164 4336 1319 4403 deos
1364 4338 1608 4403 alienos
1653 4331 1896 4403 habere
1940 4347 2135 4416 vetat,
2183 4338 2389 4422 signi-

446 4425 627 4501 ficat,
684 4444 797 4502 ne,
841 4423 1011 4505 quod
1055 4423 1181 4489 Dei
1227 4425 1565 4507 proprium
1606 4435 1730 4504 est,
1789 4424 1975 4489 alteri
2020 4444 2210 4507 quam
2268 4424 2389 4488 sibi

447 4507 844 4575 deferamus:
892 4517 960 4573 et
1001 4507 1214 4586 addit,
1259 4530 1474 4575 coram
1521 4511 1683 4575 facie
1730 4532 1878 4575 sua:
1927 4530 2055 4592 quo
2099 4531 2227 4574 non
2276 4531 2390 4574 ex-

448 4608 638 4660 terna
692 4594 882 4660 modo
936 4595 1343 4670 confessione
1386 4597 1603 4661 Deum
1650 4618 1721 4662 se
1898 4595 2061 4674 osci,
2120 4594 2236 4661 scd
2288 4596 2392 4662 in-

446 4681 591 4745 timi
636 4679 847 4746 cordis
883 4681 1159 4746 veritate
1196 4681 1419 4746 haberi
1456 4682 1647 4760 velle,
1693 4680 1810 4747 dec
1835 4688 1992 4747 aret.
2058 4681 2241 4746 Haec
2278 4703 2393 4745 au-

445 4775 579 4832 tem
634 4764 765 4830 Dei
822 4767 1016 4831 unius
1073 4767 1341 4849 propria
1397 4778 1578 4842 sunt,
1641 4789 1807 4851 quae
1858 4769 1998 4833 sine
2056 4766 2393 4850 sacrilegio

447 4852 789 4917 transferri
828 4851 955 4917 alio
992 4860 1345 4934 nequeant:
1391 4863 1469 4917 ut
1512 4853 1722 4919 solum
1768 4855 1984 4935 ipsum
2027 4851 2393 4930 adoremus,

444 4940 513 5002 in
549 4939 763 5020 ipsum
787 4946 923 5003 tota
956 4936 1193 5002 fiducia
1225 4960 1466 5021 speque
1502 4940 1987 5016 recumbamus,
2023 4939 2168 5021 ipsi,
2205 4935 2394 5021 quid-

446 5023 600 5107 quid
646 5045 922 5107 usquam
968 5025 1205 5089 bonum
1256 5032 1685 5107 sanctumque
1728 5033 1856 5104 est,
1915 5032 2255 5107 acceptum
2298 5024 2392 5088 fe-

444 5129 699 5186 ramus,
747 5110 1091 5193 omnisque
1137 5110 1445 5173 bonitatis
1489 5132 1563 5175 ac
1605 5111 1970 5175 sanctitatis
2006 5107 2265 5174 laudem
2309 5107 2392 5172 ad

440 5197 661 5279 ipsum
704 5196 1082 5262 referamus.

4314 283 4442 348 328

2491 483 2689 566 Non
2767 481 3020 565 facies
3099 480 3252 563 tibi
3332 480 3726 591 sculptile
3807 510 3958 562 nec
4043 478 4438 562 similitu-

3197 601 3503 705 dinem,
3567 614 3721 683 etc.

2661 749 3238 832 Quemadmodum
3306 750 3604 833 proximo
3671 748 4014 825 mandatO,
4084 749 4302 814 Deum
4367 771 4438 816 se

2491 859 2696 902 unum
2744 858 2885 902 esse
2920 836 3402 920 pronunciavit,
3445 836 3536 899 ita
3571 856 3749 901 nunc
3782 833 3993 918 qualis
4032 837 4138 911 sit,
4183 843 4250 899 et
4283 858 4444 934 quo-

2492 920 2686 988 modo
2722 921 3054 1001 colendus,
3094 922 3463 987 denunciat.
3554 919 3870 986 Prohibet
3913 942 4089 1005 ergo,
4134 943 4219 986 ne
4261 924 4445 987 simi-

2490 1007 2845 1074 litudinem
2871 1008 3074 1073 ullam
3110 1008 3235 1074 sibi
3272 1008 3726 1090 affingamus.-
3750 1005 3957 1072 Cuius
3993 1007 4085 1071 rei
4119 1007 4445 1074 rationem

2492 1091 2710 1159 reddit
2753 1095 2947 1159 Deut.
2985 1100 3043 1157 4.
3092 1104 3159 1158 et
3214 1092 3388 1177 apud
3431 1092 3715 1159 Iesaiam
3768 1093 3903 1177 (40,
3956 1094 4089 1174 18):
4152 1095 4305 1175 quia
4347 1093 4444 1158 nil

2494 1180 2706 1245 simile
2751 1180 3014 1263 spiritui
3057 1201 3204 1246 cum
3249 1199 3535 1261 corpore.
3627 1179 3796 1243 Tum
3838 1177 4070 1243 deinde
4116 1187 4311 1256 vetat,
4357 1201 4446 1245 ne

2492 1287 2694 1348 quam
2736 1266 3108 1350 imaginem,
3156 1264 3489 1348 religionis
3535 1286 3748 1342 causa,
3796 1264 4206 1330 honoremus.
4287 1265 4445 1331 Dis-

2494 1371 2720 1418 camus
2764 1372 2919 1435 ergo
2963 1372 3046 1416 ex
3089 1350 3214 1416 hoc
3258 1360 3630 1433 praeceptO,
3677 1350 4086 1433 spiritualem
4131 1370 4273 1416 esse
4313 1351 4444 1417 Dei

2438 1500 2443 1521 ,
2492 1436 2775 1503 cultum:
2836 1437 2990 1519 quia
3030 1446 3108 1502 ut
3149 1438 3287 1520 ipse
3330 1437 3599 1518 spiritus
3644 1446 3773 1512 est,
3831 1437 3923 1500 ita
3961 1436 4098 1502 coli
4153 1437 4444 1519 postulat

2492 1523 2566 1587 in
2610 1525 2844 1605 spiritu
2886 1534 2954 1587 et
2996 1524 3270 1589 veritate
3314 1522 3571 1607 (Io-ann.
3611 1528 3668 1597 4,
3710 1524 3838 1604 23).
3906 1520 4187 1588 Subiicit
4219 1532 4447 1588 autem

2494 1607 2874 1672 horribilem
2919 1609 3506 1685 comminationem,
3553 1629 3681 1689 qua
3720 1606 3941 1672 innuit
3982 1629 4178 1690 quam
4224 1610 4443 1692 gravi-

2494 1706 2598 1758 ter
2649 1693 2843 1758 huius
2899 1692 3190 1758 mandati
3251 1695 3768 1777 transgressione
3823 1691 4212 1759 offendatur.
4305 1693 4446 1778 Eyo

2494 1800 2636 1844 sum
2680 1779 2996 1845 Dominus
3039 1779 3235 1859 Deus,
3278 1785 3379 1844 etc.
3410 1780 3457 1862 ¹)
3549 1779 3682 1844 Hoc
3723 1799 3862 1844 vero
3894 1779 4162 1859 perinde
4205 1785 4321 1860 est,
4367 1801 4447 1847 ac

2494 1867 2555 1929 si
2589 1866 2829 1945 diceret,
2874 1887 2940 1930 se
2973 1865 3172 1930 solum
3207 1886 3352 1944 esse,
3399 1867 3468 1928 in
3503 1885 3623 1946 quo
3662 1865 3914 1930 haerere
3948 1865 4291 1945 debeamus,
4334 1886 4446 1932 nec

2497 1955 2828 2016 consortem
2868 1951 3037 2031 ferre
3080 1971 3297 2032 posse.-
3357 1950 3660 2015 vindicem
3713 1952 3901 2015 etiam
3947 1952 4238 2033 futurum
4287 1970 4442 2018 suae

2497 2037 2847 2101 maiestatis
2882 2058 2956 2100 ac
2984 2038 3251 2120 ylarius.-
3292 2039 3353 2102 si
3387 2037 3498 2118 qui
3531 2056 3670 2101 eam
3712 2037 3797 2100 ad
3838 2036 4157 2118 smdptilia
4197 2042 4309 2102 aut
4340 2058 4446 2103 res

2500 2122 2667 2187 alias
2700 2122 3104 2203 bransfoeant,
3149 2143 3359 2204 neque
3403 2121 3472 2186 id
3517 2121 3698 2187 brevi
3734 2132 3847 2186 aut
3882 2121 4164 2206 simplici
4201 2128 4347 2204 [pag.
4372 2127 4440 2203 9]

2500 2206 2814 2284 vindicta,
2872 2206 2985 2272 sed
3031 2230 3197 2292 quae
3242 2210 3307 2272 in
3353 2207 3551 2283 filios,
3610 2216 3878 2289 nepotes
3932 2217 3999 2272 et
4053 2218 4447 2292 pronepotes

2499 2294 2586 2357 sit
2619 2292 3096 2377 protendenda:
3134 2295 3246 2378 qui
3284 2293 3532 2360 scilicet
3563 2302 3880 2376 paternae
3915 2294 4273 2378 impietatis
4295 2295 4446 2359 imi·

2500 2388 2740 2444 tatores
2783 2392 2994 2444 erunt.
3093 2380 3619 2461 Quemadmodum
3650 2384 4021 2459 perpetuam
4061 2401 4328 2462 quoque,
4375 2381 4446 2445 in

4108 2465 4449 2550 beniynita-

3979 2573 4075 2616 em
4116 2572 4301 2617 suam
4343 2573 4448 2619 ou-

2500 2464 2765 2549 longam
2808 2465 3281 2548 posteritatem,
3328 2466 3411 2530 iis
3454 2466 3951 2530 misericordiam
3992 2486 4067 2530 ac

2499 2556 2617 2614 tem
2657 2570 2842 2616 suam
2883 2551 3133 2629 ambibat,
3178 2552 3288 2633 qui
3323 2571 3391 2614 se
3434 2550 3721 2633 diliyunt,
3769 2572 3844 2617 ac

2496 2636 2781 2701 stodiunt.
2874 2636 3001 2701 Ubi
3048 2634 3524 2701 misericordiae
3582 2657 3739 2701 suae
3783 2658 3936 2721 amp
3961 2636 4283 2702 itudinem
4333 2661 4446 2703 no-

2442 2770 2445 2787 .
2496 2720 2597 2786 bis
2640 2719 3081 2799 commendat,
3138 2742 3333 2804 quam
3380 2723 3451 2786 in
3495 2721 3674 2787 mille
3716 2725 4171 2806 generationes
4215 2738 4447 2789 exten-

2498 2805 2622 2904 dit3
2668 2827 2866 2904 quum
2912 2808 3367 2890 generationes
3411 2805 3733 2872 duntaxat
3784 2820 4065 2891 quatuor
4118 2809 4451 2875 vindictae

2497 2902 2867 2974 assignarit.
3545 2902 3552 2907 ·

2496 3068 2693 3150 Non
2773 3069 3219 3180 usurpabis
3296 3100 3603 3153 nomen
3682 3071 3997 3154 domini
4074 3072 4238 3154 Dei
4315 3073 4448 3156 tui

3227 3222 3314 3273 m
3383 3220 3746 3310 vanum.-

2673 3339 2798 3405 Ubi
2843 3349 3055 3417 vetat,
3103 3361 3187 3403 ne
3231 3360 3413 3404 sacro
3459 3360 3577 3404 suo
3623 3342 3886 3406 nomine
3931 3342 3998 3406 in
4042 3342 4450 3421 iuramentis,

2499 3424 2602 3490 vel
2648 3422 2729 3489 ad
2773 3425 3002 3489 inanes
3046 3446 3272 3509 nugas,
3323 3425 3427 3490 vel
3470 3426 3554 3490 ad
3597 3427 4046 3492 confirmanda
4087 3427 4450 3506 mendacia,

2498 3510 2859 3576 abutamur.
2951 3510 3331 3576 Iuramenta
3396 3512 3573 3575 enim
3629 3534 3760 3576 non
3818 3523 4079 3578 nostrae
4135 3513 4242 3578 vel
4296 3514 4448 3580 libi-

2499 3597 2654 3674 dini,
2693 3597 2795 3662 vel
2835 3596 3177 3679 voluptati,
3223 3595 3338 3662 sed
3380 3598 3591 3662 iustae
3634 3599 4010 3665 necessitati
4047 3600 4296 3665 servire
4332 3598 4450 3665 de-

2496 3681 2678 3747 bent:
2739 3683 2848 3747 ubi
2902 3681 3009 3747 vel
3055 3681 3324 3748 Domini
3377 3682 3586 3767 gloria
3633 3682 4048 3762 vindicanda,
4114 3685 4214 3750 vel
4267 3706 4450 3751 asse-

2495 3767 2770 3832 rendum
2817 3767 2989 3851 quod
3032 3770 3100 3832 in
3147 3768 3661 3834 aedificationem
3705 3779 3965 3853 spectet.
4035 3772 4135 3836 Ac
4178 3772 4453 3838 omnino

2495 3852 2816 3937 prohibet,
2864 3876 2947 3919 ne
2991 3873 3250 3919 sacrum
3296 3875 3491 3919 suum
3527 3877 3766 3920 nomen
3810 3855 3944 3921 ulla
3979 3857 4050 3920 in
4089 3879 4159 3921 re
4194 3857 4452 3940 pollua-

2495 3959 2674 4016 mus,
2730 3941 2892 4022 quin
2932 3940 3148 4023 potius
3191 3940 3403 4023 ipsum
3458 3951 3840 4007 reverenter
3882 3951 3950 4005 et
3993 3963 4141 4008 cum
4186 3964 4456 4009 summa

2439 4041 2443 4080 i
2498 4023 2838 4110 dignitate,
2886 4047 3003 4108 pro
3048 4026 3189 4091 eius
3225 4028 3588 4105 sanctitate,
3636 4047 4046 4111 usurpemus,
4093 4029 4230 4093 sive
4266 4029 4452 4093 iure·

2496 4133 2673 4190 mus,
2731 4112 2868 4177 sive
2911 4133 3363 4195 quemcunque
3408 4111 3489 4176 de
3533 4133 3609 4176 eo
3654 4134 4020 4178 sermonem
4067 4112 4448 4180 habeamus.

2497 4196 2779 4278 Quando
2826 4207 3049 4262 autem
3086 4199 3464 4281 potissimus
3500 4220 3657 4263 usus
3694 4197 4056 4282 usurpandi
4094 4198 4293 4264 huius
4330 4222 4454 4264 no·

2497 4283 2695 4348 minis
2745 4283 3150 4350 invocatione
3200 4285 3595 4361 continetur,
3651 4305 3793 4349 eam
3849 4286 4038 4351 nobis
4097 4285 4203 4350 hic
4256 4307 4452 4369 prae-

2497 4369 2622 4451 cipi
2667 4369 3129 4454 intelligamus.
3221 4371 3507 4435 Demum
3550 4390 3828 4453 poenam
3873 4370 4086 4448 edicit,
4132 4392 4216 4436 ne
4250 4372 4452 4437 ultio-

2498 4475 2648 4519 nem
2694 4475 2764 4519 se
2808 4455 3096 4539 effugere
3140 4477 3328 4539 posse
3369 4454 3717 4534 confidant,
3764 4456 3874 4539 qui
3918 4457 4222 4540 periuriis
4265 4457 4452 4522 aliis-

2498 4561 2622 4623 que
2682 4539 3101 4625 blasphemiis
3181 4542 3596 4607 sanctitatem
3676 4543 3776 4607 sui
3864 4542 4148 4606 nominis
4231 4545 4450 4625 profa-

2497 4627 2736 4691 narint.

2783 4787 3265 4869 Recordare
3328 4785 3496 4867 diei
3560 4784 3936 4892 Sabbati,
4002 4799 4155 4869 eto.

2669 4936 2832 4999 Tres
2890 4936 3086 4999 fuisse
3142 4934 3337 4999 huius
3392 4933 3682 5001 mandati
3728 4956 3958 5002 causas
4001 4937 4452 5004 observamus.

2498 5020 2729 5085 Voluit
2783 5021 2955 5084 enim
3003 5019 3356 5099 Dominus,
3412 5020 3534 5086 sub
3578 5021 3704 5086 diei
3760 5023 4020 5105 septimi
4066 5023 4283 5107 quiete
4333 5045 4453 5106 po·

2637 5208 2694 5270 1)
2735 5207 2916 5261 luerit.
2946 5223 3077 5275 paq.
3111 5205 3180 5260 57
3217 5208 3355 5272 (Ea.
3393 5207 3569 5276 1536).
