4984 5975
365 337 479 400 321

361 529 486 587 tur.
579 520 762 603 Quin
806 528 1031 596 nostra
1085 521 1486 588 confessione
1540 525 1943 603 continetur,
2001 524 2305 591 observa-

361 609 625 673 ticnem‘
652 605 913 673 divinae
952 606 1118 691 legis
1157 608 1627 692 impossibilem
1662 631 1819 675 esse.
1888 610 1980 675 Et
2013 617 2172 677 sunt
2206 619 2306 675 ta-

359 714 512 759 men
568 694 681 776 qm‘
737 692 955 776 palam
1010 693 1324 773 fremant,
1381 716 1500 760 nos
1553 695 1936 779 simpliciter
1988 696 2308 780 populum

360 778 444 845 ad
483 776 988 862 promittendam
1030 778 1195 863 legis
1230 779 1677 863 impletionem
1711 790 2118 847 sacramento
2155 782 2306 847 ade-

362 865 562 950 gisse:
600 869 943 949 propterea
976 864 1148 947 quod
1185 885 1254 929 se
1290 867 1759 932 confessionem
1796 877 2170 943 servaturos
2203 869 2305 931 iu-

359 963 611 1028 rarunt,
656 950 726 1014 in
771 971 900 1033 qua
943 948 1051 1014 lex
1094 948 1368 1015 Domini
1411 954 1882 1036 comprehensa
1923 954 2104 1019 foretss
2171 953 2306 1017 Ne-

362 1056 486 1119 que
530 1036 917 1118 respiciunt,
964 1034 1122 1119 quid
1165 1034 1243 1101 de
1286 1036 1430 1121 lege
1475 1038 1619 1121 ipsa
1662 1037 1922 1103 disertis
1968 1039 2185 1106 verbis
2225 1039 2304 1103 il-

357 1121 442 1188 lic
478 1118 805 1186 doceatur.
864 1120 1010 1184 Iam
1046 1121 1129 1186 ad
1152 1143 1267 1188 vos
1302 1122 1717 1205 peculiariter
1750 1144 2117 1190 sermonem
2152 1146 2305 1190 con-

360 1207 696 1284 vertimus,
722 1227 760 1271 o
781 1205 1073 1285 Fratres,
1101 1207 1213 1290 qui
1234 1207 1537 1293 regendis
1560 1210 2032 1293 pascendisque
2056 1209 2307 1275 Christi

359 1292 667 1371 ecclesiis,
714 1292 984 1375 spiritus
1029 1293 1235 1357 sancti
1281 1295 1585 1377 auspiciis
1628 1297 1783 1361 estis
1819 1293 2159 1379 designati.
2228 1292 2306 1361 Si

358 1380 473 1443 uni
508 1378 805 1461 principi,
853 1376 1166 1444 adversus
1201 1379 1480 1444 eundem
1516 1380 1792 1460 hostem,
1832 1402 1964 1446 uno
2002 1380 2156 1446 belli
2193 1403 2304 1466 ge-

356 1485 524 1543 rere,
552 1463 600 1546 ¹)
646 1461 878 1530 iisdem
921 1466 990 1528 in
1027 1464 1256 1531 castris
1293 1465 1667 1545 militamus,
1712 1468 1795 1532 iis
1832 1465 2132 1533 omnibus
2168 1487 2304 1531 me-

354 1550 743 1615 minerimus
777 1548 862 1613 ad
897 1550 1303 1615 concordiam
1341 1552 1968 1635 unanimitatemque
2003 1575 2135 1617 non
2169 1573 2304 1616 me-

357 1635 665 1701 diocriter
709 1656 829 1699 nos
872 1635 1149 1700 incitari.
1238 1636 1390 1701 Non
1434 1645 1534 1702 est
1576 1645 1751 1704 certe
1794 1639 1981 1722 parvi
2022 1637 2303 1716 honoris,

397 1719 533 1786 uod
594 1720 727 1786 dux
786 1727 1012 1787 tantus
1072 1722 1208 1787 suis
1263 1721 1601 1788 ordinibus
1656 1745 1776 1790 nos
1832 1722 2141 1807 dignatus
2185 1732 2303 1789 est.

491 1806 647 1871 inde
680 1806 1114 1891 ingratissimi
1161 1828 1419 1888 sumus,
1456 1809 1587 1873 nisi
1623 1831 1744 1874 nos
1778 1809 1874 1874 illi
1911 1810 2306 1876 devovemus

354 1901 551 1958 totos.
623 1891 816 1973 Quod
855 1899 930 1956 ut
961 1893 1095 1971 fiat,
1140 1914 1273 1959 non
1318 1895 1507 1960 modo
1543 1895 1855 1974 studium,
1902 1893 1985 1960 ad
2019 1895 2309 1980 gerenda

356 1979 505 2044 eius
546 1979 829 2061 negotia,
875 1978 1045 2044 bona
1085 1977 1215 2054 fide
1250 1981 1603 2063 applicare,
1649 1980 1764 2046 sed
1798 1992 2072 2064 utroque
2109 1982 2305 2046 ctiam

355 2065 550 2129 oculo
606 2063 674 2127 in
736 2064 876 2129 eius
931 2070 1168 2128 nutum
1222 2066 1465 2130 intueri
1523 2068 1846 2132 convenit.
1935 2067 2306 2149 Utrumque

354 2157 586 2215 autem
630 2148 822 2213 valde
861 2150 1318 2215 necessarium.
1405 2150 1570 2216 Inde
1614 2154 1792 2216 enim
1834 2159 1910 2217 ut
1943 2151 2304 2235 plurimum

352 2234 725 2316 certamina
742 2232 1079 2312 ebulliunt,
1105 2234 1281 2317 quod
1302 2258 1371 2301 se
1394 2238 1610 2320 ipsum
1631 2237 1924 2320 quisque,
1951 2257 2085 2302 non
2108 2236 2303 2303 Chri-

348 2331 544 2387 stum
588 2320 861 2403 quaerit.
950 2318 1090 2386 Nec
1142 2322 1429 2386 minores
1480 2321 1818 2387 interdum
1860 2323 2305 2388 contentiones

348 2402 758 2485 accendunt,
826 2406 938 2489 qui
1003 2402 1087 2469 ad
1130 2406 1546 2490 exsequenda
1588 2430 1707 2474 sua
1750 2409 1973 2473 munia
2024 2407 2309 2474 fideliter

350 2491 566 2557 animi
620 2490 835 2556 studio
900 2491 1167 2570 intenti,
1236 2513 1502 2558 sensum
1566 2500 1787 2559 tamen
1844 2515 2037 2559 suum
2095 2495 2306 2578 magis

350 2597 558 2661 quam
602 2574 787 2642 ducis
828 2576 1090 2659 signum
1134 2585 1516 2661 sequuntur.
1609 2577 2002 2663 Quanquam
2056 2580 2111 2644 si
2149 2601 2306 2645 vere

256 2695 267 2706 ·
352 2662 711 2738 aestimare
752 2661 993 2745 placet,
1052 2661 1219 2727 bene
1262 2664 1499 2747 agendi
1550 2665 1946 2748 principium
1990 2665 2307 2732 militibus

355 2757 481 2827 est,
529 2746 827 2831 deposita
869 2749 1047 2811 omni
1086 2750 1492 2814 contumacia
1506 2801 1521 2828 ,
1568 2771 1835 2834 prorsus
1879 2772 1918 2816 a
1963 2749 2145 2817 ducis
2200 2772 2304 2816 ar·

353 2833 560 2899 bitrio
602 2831 902 2917 pendere.
993 2831 1139 2899 Sibi
1182 2834 1359 2899 enim
1401 2836 1688 2917 profecto
1742 2835 1988 2914 studet,
2043 2837 2155 2919 qui
2199 2843 2306 2901 ut-

352 2941 622 3004 cunque
664 2918 789 2984 sibi
833 2918 1129 2985 addictus
1173 2926 1292 2987 est.
1358 2918 1553 3002 Quod
1597 2923 1650 2988 si
1696 2922 2076 3006 imperatori
2112 2920 2307 2988 Chri·
2355 2927 2360 2944 '

354 3016 463 3072 sto
510 3014 731 3071 nostra
775 3006 1083 3089 obsequia
1128 3008 1488 3090 approbare
1532 3008 1867 3091 cupimus,
1911 3009 2087 3092 piam
2130 3009 2308 3074 inter

353 3114 487 3171 nos
534 3091 1083 3174 conspirationem
1138 3093 1436 3158 ineamus
1514 3114 1776 3161 necesse
1844 3103 1962 3173 est,
2033 3116 2109 3159 ac
2166 3116 2307 3160 mu·
2357 3126 2360 3135 ’

354 3188 549 3243 tuam
605 3197 833 3260 pacem
898 3177 1234 3244 foveamus
1248 3229 1263 3258 ,
1329 3199 1527 3262 quam
1590 3180 1729 3245 suis
1795 3202 1929 3246 non
1977 3202 2307 3246 commen-

356 3264 479 3328 dat
522 3262 730 3341 modo,
776 3261 891 3328 sed
934 3264 1133 3328 etiam
1176 3265 1471 3348 inspirat.
1540 3264 1757 3346 Quid?
1806 3287 1891 3331 an
1932 3287 2064 3331 non
2103 3265 2308 3331 hostis

357 3370 621 3433 quoque
665 3350 804 3432 ipse
846 3347 1139 3414 diabolus
1174 3350 1429 3415 aculeos
1465 3350 1647 3416 nobis
1683 3350 1767 3416 ad
1801 3352 2310 3435 syncretismum

354 3434 694 3520 agendum
739 3432 1087 3501 admovere
1131 3434 1364 3501 debet?
1435 3436 1727 3502 Tametsi
1769 3437 1946 3500 enim
1981 3435 2175 3502 belua
2209 3444 2309 3501 est

354 3529 461 3587 tot
494 3522 800 3605 capitum,
825 3519 1128 3586 videmus
1163 3532 1383 3586 tamen
1416 3529 1493 3586 ut
1524 3520 1607 3586 ad
1639 3520 2089 3606 impetendum
2111 3521 2308 3588 Chri-

353 3608 445 3672 sti
492 3627 774 3691 regnum
815 3606 885 3670 in
940 3605 1219 3672 densum
1271 3628 1551 3675 cuneum
1594 3630 1664 3673 se
1708 3606 2150 3692 agglomeret?
2232 3606 2308 3674 si

352 3693 428 3757 in
476 3693 775 3777 principe
818 3690 1132 3772 odiorum,
1174 3694 1552 3772 factionum,
1589 3691 2034 3774 dissidiorum,
2091 3713 2169 3758 ea
2207 3701 2310 3759 est

351 3778 730 3845 consensio:
770 3783 1016 3861 quanto
1039 3800 1159 3844 nos
1193 3780 1482 3863 pressius
1517 3777 1767 3844 animos
1797 3786 1871 3844 et
1903 3780 2121 3863 copias
2157 3801 2309 3846 con-

349 3865 635 3950 iungere
670 3862 872 3942 decet,
918 3863 1030 3946 qui
1066 3885 1185 3948 pro
1220 3886 1374 3949 rege
1408 3864 1586 3948 pacis
1619 3864 1934 3931 adversus
1969 3886 2119 3931 eum
2160 3887 2309 3931 con—

349 3949 696 4035 ffigimus?
766 3948 920 4015 Huc
957 3970 1077 4014 nos
1110 3956 1177 4015 et
1204 3971 1467 4034 pugnae
1500 3952 1749 4034 species
1783 3951 2101 4017 hortatur.
2167 3949 2307 4017 Ad-

352 4057 596 4102 versus
642 4033 930 4100 Satanae
985 4035 1323 4102 mendacia
1383 4036 1617 4119 quibus
1658 4037 1858 4103 armis
1899 4037 2309 4116 instruimur,

352 4123 493 4188 nisi
537 4122 665 4187 Dei
700 4119 1018 4186 veritate?
1069 4106 1189 4187 ‘Ea
1232 4121 1504 4199 sublata,
1546 4120 1713 4187 nudi
1751 4128 1946 4205 atque
1990 4122 2313 4188 exarmati

348 4208 810 4291 relinquimur.
880 4208 1087 4290 Atqui
1131 4214 1207 4272 ut
1250 4228 1380 4272 una
1423 4217 1523 4273 est
1565 4216 1632 4272 et
1674 4207 1796 4273 sibi
1841 4216 2170 4287 constans,
2215 4208 2312 4273 ita

352 4294 609 4361 nostris
673 4293 1259 4359 concertationibus
1325 4292 1602 4358 distrahi
1668 4315 1738 4359 se
1804 4314 1938 4358 non
2002 4295 2308 4378 patietur.

349 4379 727 4457 Postremo,
754 4400 956 4461 quum
984 4378 1068 4444 ad
1095 4376 1573 4464 propugnanda
1603 4377 1831 4444 eadem
1846 4390 2070 4445 castra
2106 4378 2311 4444 simus

351 4464 681 4544 collocati,
725 4462 881 4546 quid
927 4464 1112 4530 nobis
1153 4465 1489 4543 volumuS,
1548 4461 1704 4531 dum
1749 4463 2080 4531 intestinis
2122 4485 2311 4548 prae-

348 4550 468 4617 liis
511 4549 1035 4615 tumultuamur?
1104 4549 1296 4632 Quod
1340 4552 1396 4617 si
1439 4571 1666 4634 parum
1716 4572 1834 4616 nos
1879 4550 2174 4616 afficiunt
2216 4558 2313 4614 tot

348 4638 681 4715 rationes,
748 4636 1039 4701 animum
1103 4636 1338 4702 saltem
1406 4636 1826 4702 advertamus
1883 4635 1966 4700 ad
2018 4635 2086 4701 id
2141 4633 2313 4719 quod

351 4721 674 4789 Christus
712 4721 983 4787 clamat:
1042 4721 1192 4786 Non
1236 4743 1425 4806 posse
1466 4722 1676 4788 servis
1720 4722 1857 4788 suis
1902 4721 2144 4788 vulnus
2188 4723 2312 4786 im·

348 4808 580 4893 primi,
625 4807 782 4891 quin
827 4808 967 4891 ipse
1005 4807 1127 4873 sibi
1170 4808 1489 4875 inflictum
1526 4808 1832 4891 imputet.
1922 4806 1983 4874 O
2029 4809 2083 4872 si
2128 4829 2312 4872 men-

416 4975 493 4981 m-.—
520 4974 557 4982 -ο

508 5083 564 5137 Ιὶ
606 5081 777 5149 Leve.-
809 5096 1023 5151 genere.

2021 335 2696 404 OATEOHISMUS.

4236 338 4362 403 322

2407 531 2546 589 tem
2586 531 2881 590 nostram
2922 524 3170 590 subiret
3213 522 3376 588 haec
3418 523 3743 606 cogitatio,
3788 524 4150 608 periculum
4195 546 4357 605 esse,

2408 631 2495 674 ne
2537 610 2609 674 in
2652 609 2995 676 Christum
3047 608 3520 692 impingamus,
3579 611 3827 692 quoties
3871 608 3955 674 ad
3998 612 4356 694 suscipien—

2409 695 2568 760 dum
2605 716 2756 761 cum
2798 695 2879 760 iis
2913 702 3246 759 certamen
3276 693 3645 774 titillamur,
3686 695 3756 759 in
3789 695 4024 778 quibus
4046 696 4150 762 vel
4185 697 4356 762 scin-

2409 781 2555 845 tilla
2605 801 2737 845 una
2790 780 3052 863 pietatis
3097 779 3362 845 emicat:
3420 786 3583 862 quot
3634 779 4030 863 pullulantia
4088 791 4355 847 conten-

2408 867 2668 932 tionum
2711 865 2966 932 semina
3020 866 3395 943 suffocaret,
3457 872 3616 948 quot
3671 866 4169 933 effervescentes
4221 867 4354 933 iras

2409 953 2878 1036 exstingueret,
2907 959 3068 1035 quot
3101 951 3473 1016 exorientes
3495 951 3675 1017 rixas
3709 951 4150 1036 opprimeret?
4218 953 4356 1017 Ve-

2405 1059 2558 1103 rum
2601 1044 2669 1103 et
2709 1057 2829 1102 nos
2870 1038 3025 1120 ipsi,
3071 1036 3280 1124 altera
3323 1057 3406 1100 ex
3451 1046 3668 1120 parte,
3716 1040 3891 1103 servi
3932 1039 4063 1103 Dei
4105 1059 4351 1104 sumus.

2407 1124 2620 1189 'Panto
2662 1122 2868 1207 igitur
2910 1124 3120 1207 magis
3164 1120 3527 1189 curandum
3571 1131 3672 1187 est
3711 1131 3787 1187 ut
3830 1122 4102 1188 Domini
4144 1125 4352 1190 nostri

2405 1209 2694 1293 insignia
2749 1216 2818 1273 et
2871 1217 3276 1286 ornamenta,
3336 1207 3706 1291 ubicunque
3759 1217 4106 1293 apparent,
4165 1231 4350 1276 reve-

2404 1315 2671 1360 reamur
2713 1302 2779 1359 et
2821 1295 3128 1360 colamus.
3218 1294 3323 1359 Ita
3374 1314 3493 1377 pro
3548 1315 3617 1358 se
3661 1316 3985 1378 quemque
4041 1297 4181 1361 iure
4236 1316 4353 1362 suo

2406 1380 2586 1445 ultro
2627 1378 2883 1459 cedere,
2925 1386 2995 1445 et
3035 1379 3322 1444 multum
3365 1379 3703 1444 remittere
3744 1401 3866 1464 par
3908 1389 4035 1446 est:
4082 1381 4209 1447 nisi
4254 1379 4351 1446 di-

2409 1465 2757 1551 gladiando
2811 1466 3114 1531 volumus
3171 1465 3300 1529 Dei
3355 1463 3529 1530 dona
3581 1468 3879 1549 concerpi
3934 1475 3999 1531 et
4050 1466 4351 1533 lacerari:

2408 1551 2644 1634 quibus
2687 1573 2845 1617 suus
2890 1551 3103 1615 honor
3145 1551 3372 1615 haberi
3416 1551 3675 1633 nequit,
3722 1552 3881 1634 quin
3924 1552 4118 1617 simul
4162 1551 4355 1617 detur

2408 1636 2605 1702 venia
2638 1637 2840 1715 vitiis,
2875 1635 3265 1720 quibuscum
3298 1635 3629 1721 permixta
3663 1648 3836 1702 sunt.
3904 1639 4201 1704 Eatenus
4238 1660 4352 1702 au-

2407 1729 2543 1788 tem
2567 1744 2768 1806 quum
2791 1721 3140 1806 procedere
3162 1722 3455 1804 aequitas
3490 1730 3717 1788 nostra
3750 1731 3818 1788 et
3850 1723 4207 1789 moderatio
4241 1723 4354 1789 de-

2406 1808 2585 1887 beat,
2631 1829 2826 1891 quam
2868 1807 3164 1893 graviter
3207 1806 3671 1890 delinquimus,
3731 1806 3887 1874 dum
3930 1808 4012 1875 ob
4050 1811 4352 1888 incertas,

2408 1900 2603 1977 atque
2647 1915 2755 1960 cas
2797 1892 3134 1959 interdum
3175 1892 3385 1970 nihili,
3432 1893 3950 1976 suspiciunculas
3996 1894 4352 1961 dissilimus

2409 1980 2489 2045 ab
2524 1980 2623 2058 iis,
2661 2000 2941 2064 quorum
2975 1977 3292 2044 habemus
3327 1979 3656 2062 pietatem,
3704 1980 4166 2060 sinceritatem,
4202 2002 4352 2064 pro-

2407 2063 2682 2131 bitatem
2723 2064 3073 2132 luculentis
3116 2062 3519 2131 documentis
3554 2073 3951 2148 compertam
3968 2066 3999 2130 *Ρ
4087 2066 4354 2150 Duplex

2407 2158 2632 2216 autem
2654 2150 3239 2216 animadvertimus
3262 2150 3709 2234 suspicionum
3743 2172 3972 2234 genus,
4013 2151 4187 2218 unde
4208 2153 4352 2235 plu-

2408 2237 2651 2301 rimum
2690 2236 3014 2301 malorum
3053 2243 3120 2300 et
3153 2235 3307 2302 olim
3345 2235 3591 2318 accepit
3628 2247 3692 2299 et
3740 2236 3932 2302 hodie
3971 2239 4206 2323 accipit
4252 2259 4355 2304 ec-

2407 2322 2621 2387 clesia.
2690 2321 2830 2386 Aut
2872 2321 3030 2385 dum
3073 2321 3539 2400 sinistrorsum,
3585 2342 3750 2404 quae
3793 2333 4116 2406 geruntur
4150 2344 4189 2388 a
4222 2325 4353 2389 fra·

2406 2407 2621 2473 tribus
2665 2406 3179 2491 symmystisque
3222 2408 3480 2485 nostris,
3516 2401 4068 2489 interpretamur?
4100 2430 4265 2493 quae
4298 2410 4356 2473 si

2409 2492 2678 2559 dextros
2719 2492 3159 2576 benignosque
3197 2492 3474 2557 arbitros
3512 2498 3706 2557 nacta
3740 2493 3892 2572 sint,
3938 2495 4009 2559 in
4041 2495 4357 2578 optimam

2406 2586 2661 2663 partem
2708 2579 2929 2661 accipi,
2978 2578 3083 2643 vel
3124 2587 3299 2643 certe
3344 2598 3600 2662 quoque
3636 2577 3829 2643 modo
3865 2582 4167 2646 excusari
4201 2601 4351 2664 pos·

2406 2667 2556 2731 sint.
2647 2667 2786 2730 Aut
2839 2663 2995 2728 dum
3050 2663 3132 2727 ad
3190 2662 3586 2729 hauriendos
3651 2663 4185 2749 imbibendosque
4243 2687 4355 2730 ru·-

2407 2771 2624 2816 mores
2646 2747 2971 2834 quoslibet
3003 2749 3283 2814 nimium
3318 2750 3505 2832 proni
3543 2750 3948 2815 inclinamus,
4018 2750 4205 2833 Quae
4239 2771 4355 2816 au·
4383 2797 4392 2806 -

2409 2845 2544 2901 tem
2580 2835 2732 2901 inde
2767 2844 3252 2918 consequantur
3272 2835 3466 2913 mala,
3504 2836 3791 2919 cogitare
3819 2837 4124 2902 malimus
4159 2858 4357 2921 quam

2408 2921 2711 3006 experiri.
2787 2921 3023 3007 ,Atque
3065 2917 3214 2985 ideo
3259 2920 3649 3006 cogitemus,
3707 2943 3833 3006 quo
3892 2922 4356 3008 praecavepdis

2408 3030 2671 3075 omnem
2713 3007 3170 3090 impendamus
3215 3026 3497 3090 operam.
3585 3006 3889 3089 Proinde,
3934 3009 4107 3092 quod
4144 3011 4356 3075 incre-

2410 3094 2592 3161 dibili
2635 3093 2804 3159 bono
2847 3093 3141 3159 futurum
3185 3092 3372 3157 nobis
3398 3100 3514 3170 est,
3557 3102 3785 3159 mutua
3820 3095 4036 3178 potius
4073 3097 4355 3163 benevo-

2404 3181 2613 3247 lentia
2658 3180 3060 3262 caritaoeque
3108 3187 3464 3258 certemus,
3511 3178 3837 3262 praesidio
3886 3181 3995 3245 alii
4032 3181 4179 3246 aliis
4215 3202 4356 3247 esse

2410 3264 2909 3345 contendamus,
2972 3264 3082 3328 alii
3141 3263 3301 3329 alios
3359 3263 3443 3328 ad
3498 3265 3782 3330 officium
3837 3274 3905 3332 et
3947 3266 4248 3349 exemplo
4292 3273 4359 3331 et

2410 3350 2865 3418 adhortatione
2908 3344 3357 3434 provocemus.
3447 3349 3575 3414 His
3620 3352 4051 3417 certaminum
4095 3360 4161 3416 et
4203 3372 4357 3417 con-

2409 3438 2781 3503 tentionum
2823 3435 3050 3500 formis
3104 3456 3238 3500 non
3277 3435 3623 3519 fatigatur,
3683 3457 3815 3500 non
3861 3446 4167 3515 vexatur,
4226 3459 4354 3502 non

2409 3522 2727 3607 affligitur
2777 3520 3075 3588 ecclesia:
3132 3519 3248 3586 sed
3291 3520 3568 3605 vigescit
3609 3522 3852 3603 potius,
3895 3522 4194 3598 florescit,
4240 3542 4357 3586 no-

2410 3608 2641 3693 visque
2675 3607 3095 3672 incrementis
3137 3607 3579 3672 confirmatur.
3641 3604 3716 3672 Si
3752 3606 4223 3672 coniunctionis
4244 3626 4359 3689 pa—

2411 3695 2634 3777 cisque
2689 3691 2984 3758 studium
3038 3699 3165 3770 est,
3225 3691 3558 3756 doctrinae
3602 3692 3820 3775 potius
3864 3692 4359 3774 animorumque

2410 3799 2766 3864 urgeamus
2813 3778 3130 3842 unitatem
3143 3828 3160 3856 ,
3207 3799 3402 3861 quam
3448 3777 3872 3843 caeremoniis
3926 3776 4007 3841 ad
4068 3796 4357 3861 unguem

2411 3861 2894 3931 conformandis
2946 3862 3268 3929 morosius
3322 3863 3718 3929 insistamus.
3809 3860 4360 3946 Indignissimum

2412 3958 2516 4017 est
2556 3950 2749 4028 enim,
2794 3959 2869 4014 ut
2904 3949 2976 4014 in
3019 3948 3252 4032 quibus
3294 3948 3661 4016 libertatem
3705 3945 4033 4013 Dominus
4076 3948 4358 4031 reliquit,

2412 4058 2541 4121 quo
2583 4036 2792 4101 maior
2835 4040 3009 4100 esset
3050 4033 3436 4100 aedificandi
3478 4032 3773 4113 facultas,
3820 4033 4126 4100 servilem
4172 4054 4359 4116 prae-

2414 4123 2611 4189 terita
2663 4119 3109 4187 aedificatione
3162 4120 3682 4186 conformitatem
3781 4140 4145 4184 uaeramus.
4233 4120 4359 4185 At-

2412 4209 2527 4292 qui
2582 4206 2692 4274 ubi
2747 4204 2832 4271 ad
2886 4226 3218 4270 summum
3274 4205 3438 4270 illud
3495 4202 3716 4268 tribun
3825 4210 4099 4291 ventum
4139 4206 4358 4284 fuerit,

2412 4293 2527 4360 ubi
2570 4291 2903 4358 reddenda
2944 4292 3069 4356 erit
3113 4290 3268 4356 olim
3313 4290 3663 4355 functionis
3707 4306 3970 4355 nostrae
4005 4290 4191 4369 ratio,
4239 4292 4361 4354 mi·

2411 4382 2592 4445 nima
2613 4379 2740 4445 erit
2760 4377 2841 4443 de
2863 4377 3285 4442 caeremoniis
3305 4376 3627 4460 quaestio:
3665 4397 3876 4458 neque
3912 4377 4178 4441 omnino
4202 4375 4363 4442 haec

2409 4467 2484 4531 in
2527 4464 2723 4530 rebus
2767 4463 3057 4529 externis
3101 4462 3554 4540 conformitas,
3608 4460 3722 4526 sed
3777 4462 4110 4546 legitimus
4165 4461 4361 4528 liber-

2413 4551 2571 4617 tatis
2615 4571 2775 4615 usus
2817 4548 2900 4614 ad
2945 4547 3270 4616 calculum
3313 4544 3680 4613 vocabitur:
3727 4546 4060 4631 legitimus
4097 4545 4363 4613 demum

2415 4633 2813 4714 censebitur,
2871 4636 2981 4718 qui
3028 4633 3111 4699 ad
3162 4633 3678 4698 aedificationem
3723 4633 4083 4715 plurimum
4133 4641 4362 4698 contu-

2412 4722 2582 4788 lerit.
2648 4722 2812 4786 'Pota
2853 4741 3008 4804 ergo
3049 4717 3432 4795 sollicitudo,
3478 4717 3838 4802 vigilantia,
3875 4717 4218 4797 industria,
4257 4739 4360 4782 se-

2415 4806 2661 4872 dulitas
2683 4814 2909 4872 nostra
2926 4807 2998 4869 in
3019 4805 3194 4870 hanc
3219 4802 3736 4869 aedificationem
3767 4804 4131 4870 incumbat:
4166 4825 4362 4886 quam

2415 4900 2674 4958 tantum
2732 4889 3077 4957 succedere
3132 4888 3441 4967 sciamus,
3503 4898 3828 4972 quantum
3881 4890 3951 4954 in
4008 4889 4178 4954 serio
4233 4887 4365 4955 Dei

2416 4981 2670 5057 timore,
2712 4977 2968 5043 sincera
3011 4977 3284 5058 pietate,
3330 4995 3713 5058 morumque
3755 4997 3887 5041 non
3932 4976 4085 5040 ficta
4123 4975 4368 5040 sancti·

2416 5071 2555 5130 tate
2595 5063 2957 5148 profectum
3004 5061 3218 5125 fuerit.

2224 5250 2499 5308 runs,

574 5336 795 5393 Galoim‘
816 5353 999 5408 opera.
1078 5335 1195 5394 Vol.
1233 5335 1295 5391 V.

3711 5328 3768 5369 ·‘
3889 5328 3950 5379 21
