4984 5975
339 368 405 430 29
681 350 688 357 “
1855 360 2148 428 LIBER
2187 361 2242 426 Ι.
2333 358 2636 428 CAPUT
2679 362 2735 426 Ι.

493 550 640 615 Vota
692 550 954 633 publiea
1016 553 1088 616 in
1150 557 1275 617 tuto
1328 550 1503 638 sunt]
1581 552 1722 619 Aut
1783 563 1938 617 vota
1980 550 2252 633 publica

336 636 588 722 appellat
642 657 809 719 quae
864 636 1116 702 solenni
1172 637 1305 701 ritu
1348 638 1906 721 concipiebantur‚
1963 638 2251 721 primum

336 725 403 790 ob
440 722 706 787 salutem
762 723 1074 806 principis
1088 774 1104 801 ,
1153 721 1388 788 deinde
1428 722 1509 787 ob
1551 723 1944 806 reipublicae
1986 743 2251 805 prospe-

333 810 564 875 ritatem
581 858 598 885 ,
644 816 721 873 ut
762 808 1294 892 supplicationes:

334 893 555 961 venalis
597 890 819 977 Satyr.
862 893 984 958 X.:

914 995 1023 1050 Sed
1056 997 1257 1051 multae
1293 998 1455 1052 urbes
1492 1006 1549 1051 et
1582 997 1800 1066 publica
1833 1004 1964 1052 vota

710 1064 987 1118 vicerunt.

332 1151 450 1217 Aut
493 1156 668 1215 certe
709 1158 866 1227 vota
914 1149 1177 1235 publica
1229 1150 1641 1232 simpliciter,
1699 1170 1863 1234 quae
1901 1151 2255 1232 unusquis—

333 1257 438 1320 que
490 1236 763 1300 caritate
831 1236 1081 1318 patriae
1145 1236 1443 1318 concipit.
1544 1236 1739 1301 Prior
1805 1237 2255 1319 interpretatio

331 1321 513 1405 magis
557 1321 880 1387 convenit.

307 1456 314 1467 .
479 1406 626 1471 Non
683 1406 852 1472 enim
897 1413 984 1472 est
1029 1407 1388 1488 pericolum
1441 1427 1520 1472 ne
1558 1412 1616 1471 te
1657 1408 1754 1471 tui
1795 1407 2004 1471 subita
2045 1408 2257 1489 capiat

333 1489 556 1578 oblivio]
617 1493 763 1557 Iam
815 1514 921 1558 res
966 1500 1158 1557 extra
1195 1492 1405 1557 aleam
1462 1493 1674 1575 posita
1714 1500 1841 1570 est,
1905 1493 2057 1576 quia
2116 1512 2254 1557 cer-

331 1585 452 1642 tum
489 1598 574 1641 ex
612 1577 832 1643 indole
875 1585 992 1657 est,
1036 1578 1229 1661 quale
1270 1578 1567 1643 futurum
1612 1579 1702 1642 sit
1740 1579 2078 1662 ingenium
2123 1578 2256 1642 Ne-

331 1663 505 1727 ronis:
569 1663 742 1729 sicut
796 1663 876 1729 de
927 1663 1220 1748 periculo
1261 1664 1675 1747 cogitabatur
1716 1684 1915 1746 quum
1960 1663 2258 1728 nondum

331 1769 390 1814 se
424 1746 675 1814 indoles
716 1748 1237 1832 deprompsisset.
1300 1744 1482 1837 Ergo
1518 1751 1910 1815 contrariam
1934 1750 2254 1814 rationem

332 1834 605 1917 sequitur
658 1835 1024 1900 contrarius
1087 1836 1372 1901 effectus.
1472 1835 1556 1899 In
1622 1834 1794 1902 hanc
1863 1836 2258 1900 sententiam

330 1918 528 1985 Cicero
597 1918 1009 1986 Dolabellae:
1076 1921 1215 1986 Nec
1277 1921 1429 1986 licet
1490 1919 1754 2004 quidem
1819 1919 1937 1984 tibi
1979 1921 2113 1985 iam
2156 1926 2258 1984 tot

328 2004 480 2071 rebis
520 2003 746 2090 gestis,
793 2026 929 2071 non
971 2007 1067 2070 tui
1111 2006 1389 2071 similem
1433 2026 1601 2091 esse²
1684 2004 1938 2083 Subita,
1984 2026 2115 2071 non
2152 2025 2255 2070 so-

327 2089 447 2155 lum
486 2093 864 2173 repentina,
931 2092 1044 2156 sed
1087 2084 1286 2156 etiam
1328 2091 1824 2158 inconsiderata.
1909 2089 2258 2174 Siquidem

285 2173 294 2185 ’
326 2196 469 2258 quae
515 2199 604 2242 ex
657 2184 951 2260 tempore
993 2178 1162 2242 fiunt
1175 2228 1190 2255 ,
1247 2178 1383 2242 fere
1426 2197 1558 2243 non
1604 2178 1850 2243 habent
1890 2177 2251 2243 consilium.

328 2260 465 2327 Ideo
503 2264 797 2329 subitum
838 2284 956 2345 pro
998 2263 1367 2329 inconsulto
1413 2267 1560 2342 [pag.
1604 2269 1709 2343 17]
1759 2263 2090 2345 accipitur.
2172 2259 2252 2342 Q.

1350 809 1897 892 quemadmodum
1939 808 2098 874 dicit
2139 809 2251 872 Iu-

326 2345 577 2414 Oassius
611 2347 912 2414 Ciceroni
952 2348 1062 2412 lib.
1099 2348 1260 2413 XII.
1289 2349 1530 2432 Epist:
1567 2349 1662 2415 Ut
1700 2348 1863 2414 haec
1897 2348 2257 2413 novissima
2325 2370 2334 2375 ·

328 2440 526 2499 ηοω-ει
573 2434 765 2514 facta,
810 2454 946 2498 non
988 2434 1222 2514 subita,
1267 2450 1388 2500 noc
1429 2434 1976 2513 inconvenientia,
2013 2433 2128 2499 sed
2170 2435 2255 2498 si-

325 2518 488 2583 milia
539 2519 677 2584 illis
735 2520 1237 2603 cogitationibus
1288 2540 1570 2601 quarum
1622 2529 1698 2585 tu
1752 2521 1940 2585 testis
1990 2541 2078 2585 es.
2166 2520 2260 2583 Et

327 2602 568 2671 Gellius
619 2612 813 2686 vocat
862 2606 1246 2671 subitariam
1310 2604 1658 2671 dictionem
1716 2607 2077 2670 orationem
2143 2627 2256 2670 ex·

325 2690 750 2773 temporalem.
849 2690 1212 2775 Eleganter
1268 2699 1489 2756 autem
1555 2690 1973 2775 designamus
2034 2691 2258 2757 incon-

324 2776 647 2854 amttam,
701 2796 907 2859 quum
962 2777 1155 2842 alicui
1207 2778 1495 2860 irrepere
1558 2777 1662 2842 sui
1725 2778 1932 2860 ipsius
1988 2775 2257 2843 oblivio-

323 2880 452 2925 nem
487 2862 788 2927 dicimus.
855 2862 1276 2928 Transfertur
1310 2861 1391 2927 ad
1433 2884 1537 2928 res
1570 2863 1985 2929 inanimatas.
2030 2862 2258 2928 Cicero

322 2945 507 3029 Epist.
549 2947 715 3012 IX.:
763 2946 907 3014 Nisi
953 2958 1019 3014 tc
1063 2948 1308 3026 amant,
1351 2948 1470 3014 tibi
1514 2956 1965 3029 assentantur,
2013 2957 2078 3014 et
2118 2956 2258 3013 tam

323 3029 420 3096 diu
461 3033 627 3098 dum
670 3033 855 3112 ades,
915 3044 1073 3100 sunt
1114 3034 1352 3099 oblitae
1395 3035 1514 3100 sui.
1605 3036 1751 3099 Hoc
1796 3045 1913 3113 est,
1955 3055 1997 3098 a
2034 3036 2257 3099 nativo

319 3118 568 3202 ingenio
614 3118 1035 3204 degenerant.
1102 3120 1453 3186 Caeterum
1495 3120 1754 3186 Plinius
1797 3120 1906 3186 lib.
1943 3120 2100 3184 VII.
2138 3139 2256 3184 na·

321 3205 535 3271 tui-alis
596 3204 911 3270 historiae
964 3205 1094 3270 alia
1147 3207 1413 3289 syntaxi
1468 3228 1634 3272 usus
1686 3214 1812 3283 est,
1894 3226 2089 3288 quam
2145 3205 2256 3272 hic

321 3284 587 3356 Seneca:
632 3291 744 3356 Ex
786 3291 1098 3374 praealto,
1143 3291 1378 3375 inquit,
1424 3299 1593 3358 tecto
1623 3291 1878 3375 lapsus,
1922 3292 2155 3362 matris
2190 3301 2264 3366 et,

321 3374 607 3441 affinium
645 3379 1285 3461 propinquorumque
1328 3378 1501 3460 cepit
1543 3376 1952 3460 oblivionem.

449 3461 668 3527 'Facit
715 3458 964 3543 quidem
1018 3463 1236 3527 avidos
1289 3464 1492 3528 nimia
1542 3463 1813 3544 felicitas
1911 3461 2257 3527 Sententia

319 3561 408 3609 est
445 3547 795 3626 catholica,
851 3567 1046 3631 quam
1109 3549 1473 3631 praemittit
1527 3548 1611 3614 ad
1662 3567 1816 3630 amp
1848 3548 2253 3627 'ficationem,

319 3639 382 3694 ut
418 3633 720 3699 miraculi
764 3634 903 3699 loco
945 3632 1324 3718 subiungat,
1369 3633 1745 3699 felicitatem
1787 3653 1974 3698 suam
2019 3633 2260 3717 populo

316 3734 576 3784 romano
628 3719 945 3785 sufficere.
1045 3720 1241 3784 Hanc
1296 3720 1688 3785 sententiam
1751 3720 2086 3803 eleganter
2141 3741 2255 3784 ex-

313 3802 528 3883 primit
586 3805 824 3869 Livius
877 3806 947 3870 in
1004 3805 1432 3887 praefatione:
1499 3804 1683 3869 Adeo
1737 3813 1981 3887 quanto
2033 3826 2256 3870 rerum

315 3888 547 3969 minus,
593 3898 782 3955 tanto
822 3892 1041 3955 minus
1083 3890 1458 3973 cupiditatis
1501 3899 1657 3955 erat.
1725 3890 1957 3973 Nuper
1991 3889 2257 3957 divitiae

316 3975 653 4041 παι-’11118111
668 4027 685 4055 ,
735 3983 804 4041 et
844 3974 1251 4043 abundantes
1295 3976 1663 4060 voluptates
1706 3975 2099 4054 desiderium
2143 3997 2256 4060 pe-

311 4059 568 4140 reundi,
621 4060 1071 4144 perdendique
1117 4062 1366 4141 omnia,
1430 4063 1759 4127 invexere.
1845 4063 1938 4126 Et
1988 4062 2255 4128 Curtius

313 4141 413 4209 lib.
457 4146 620 4212 VH.
677 4148 761 4211 in
815 4149 1107 4212 oratione
1161 4145 1563 4233 Scytharum
1631 4147 1714 4212 ad
1769 4147 2252 4213 Alexandrum:

311 4223 483 4309 Quid
527 4231 652 4297 tibi
694 4232 946 4298 divitiis
988 4252 1154 4317 opus
1197 4240 1315 4312 est,
1358 4254 1526 4316 quae
1566 4242 1631 4298 te
1675 4234 1923 4298 esurire
1965 4233 2252 4318 cogunt?

309 4311 574 4382 Primus
626 4320 921 4384 omnium
988 4318 1289 4384 satietate
1362 4319 1611 4401 parasti
1662 4319 1929 4383 famem:
1998 4325 2076 4385 ut
2126 4339 2255 4402 quo

350 4397 497 4467 lura
556 4403 866 4481 haberes,
927 4403 1207 4488 amplius
1249 4424 1418 4487 quae
1469 4426 1604 4468 non
1645 4403 1922 4469 haberes
1964 4405 2250 4489 cuperes.

365 4495 556 4552 otum
597 4497 697 4555 est
733 4488 900 4554 illud
943 4487 1167 4554 Ovidii
1208 4491 1283 4553 in
1325 4489 1379 4554 1.
1425 4490 1807 4554 Fastorum:

507 4589 809 4646 creverunt
842 4598 901 4646 et
936 4605 1086 4660 opes,
1122 4599 1178 4645 et
1211 4605 1374 4660 opum
1407 4591 1613 4646 furiosa
1646 4591 1866 4659 cupido:

617 4659 692 4715 Et
723 4676 886 4730 quum
921 4659 1236 4728 possideant
1267 4660 1512 4730 plurima,
1549 4661 1707 4728 plura
1739 4667 1946 4728 petunt.

506 4727 604 4782 Sic
635 4729 828 4798 quibus
859 4729 1108 4783 intumuit
1141 4728 1348 4784 suffusa
1379 4735 1569 4784 venter
1602 4730 1671 4783 ab
1705 4728 1866 4798 unda,

583 4794 700 4864 Quo
735 4797 861 4866 plus
898 4805 1022 4852 sunt
1054 4804 1236 4868 potae,
1269 4798 1393 4867 plus
1430 4798 1680 4862 sitiuntur
1714 4812 1901 4866 aquae.

305 4893 647 4967 Iuvenalis
687 4898 910 4986 Satyr.
955 4893 1179 4967 XIV.:

436 5001 659 5057 Crescit
689 5019 842 5058 amor
874 5003 1088 5072 nummi,
1123 5009 1381 5071 quantum
1415 5005 1536 5072 ipsa
1569 5003 1798 5072 pecunia
1833 5001 2039 5056 crescit.

475 5086 620 5154 Nec
656 5093 789 5153 tmn
829 5093 1197 5169 temperatae
1236 5088 1606 5169 miditatem
1690 5087 1949 5153 Nomen
2005 5087 2253 5170 cupidi-

299 5172 456 5237 tatis
499 5173 762 5238 variam
822 5173 1024 5240 habet
1077 5175 1545 5257 acceptionem,
1655 5175 1668 5188 '
1721 5193 1920 5240 ·vero
1973 5174 2256 5240 refertur

303 5253 384 5319 ad
437 5277 716 5324 sensum
771 5259 1188 5343 superiorem.
1278 5256 1392 5326 Sic
1443 5258 1815 5343 philosophi
1868 5267 2106 5327 vocant
2152 5281 2252 5326 se-

2319 3493 2329 3502 ·
2359 3462 2536 3530 serit.

2972 300 2983 341 Ι
4209 366 4292 428 30

2356 548 2505 614 dem
2572 547 3130 633 concupiscentiae
3144 601 3160 629 ,
3231 571 3397 633 quae
3459 550 3750 617 continet
3813 571 4038 618 omnes
4104 553 4307 619 animi

2355 636 2690 718 passiones
2703 686 2718 714 ,
2772 644 2839 701 et
2882 636 3027 701 illos
3068 637 3411 701 interiores
3465 637 3737 702 affectus
3779 637 4052 719 imperio
4104 639 4304 704 ratio-

2356 722 2460 785 nis
2506 741 2638 785 non
2685 721 3108 788 subiacentes.
3200 720 3393 803 Quod
3434 730 3512 786 ut
3553 722 3795 788 clarius
3834 723 3978 801 fiat,
4027 725 4304 807 accipia-

2355 827 2506 871 mus
2561 806 2981 889 partitionem
3034 808 3217 872 illam
3259 808 3533 891 Epicuri
3590 822 3790 891 quam
3834 808 4037 874 refert
4078 809 4313 875 Cicero·

2357 891 2465 955 lib.
2513 892 2565 955 I.
2613 891 2695 956 de
2736 892 3041 958 Finibus:
3091 893 3432 976 Cupiditas

2441 977 2779 1043 Naturalis
2820 986 2887 1042 et
2929 980 3296 1044 necessaria

2443 1062 2784 1132 Naturalis
2827 1086 2957 1129 non
2997 1066 3362 1132 necessaria

3634 979 3853 1045 Parvo
3895 977 4220 1061 parabilis.

3638 1064 3955 1131 Mediocri
3996 1073 4266 1149 sumptu

3841 1157 4160 1215 contenta.

2443 1233 2584 1300 Nec
2616 1235 2935 1300 naturalis
2969 1254 3088 1301 nec
3120 1235 3490 1303 necessaria
3643 1234 4080 1320 Inexplebilis.

2360 1320 2523 1385 'Pres
2582 1321 2788 1404 igitur
2838 1341 3040 1403 quum
3104 1323 3238 1385 sint
3293 1322 3725 1404 cupiditatum
3790 1322 4066 1405 speciest,
4132 1323 4306 1389 hunc

2361 1405 2574 1470 locum
2638 1406 2719 1471 de
2770 1407 2967 1472 tertia
3022 1408 3264 1491 specie,
3323 1428 3439 1472 seu
3493 1406 3572 1472 de
3628 1408 3820 1471 tertio
3863 1406 4155 1473 membro
4205 1409 4308 1473 in-

2359 1490 2731 1575 telligamus
2749 1544 2764 1571 ,
2825 1491 3177 1575 cupiditate
3220 1494 3465 1559 scilicet
3518 1493 3901 1558 insatiabili:
3966 1494 4177 1572 cuius,
4230 1500 4309 1558 ut

2361 1576 2453 1642 ait
2513 1576 2774 1657 Cicer0,
2843 1600 2965 1644 nec
3030 1577 3261 1643 modus
3315 1598 3435 1643 nec
3474 1576 3648 1643 ·‘finis
3723 1578 4011 1645 inveniri
4073 1588 4303 1662 potest.

2357 1664 2451 1727 Et
2501 1661 2755 1729 Seneca
2809 1666 2877 1728 in
2921 1664 3175 1743 multis,
3239 1673 3379 1728 tum
3435 1665 3645 1747 Epist.
3691 1665 3811 1729 V.:
3875 1664 4155 1729 Necesse
4209 1671 4311 1731 es‘t

2359 1750 2431 1813 in
2473 1749 2870 1814 immensum
2912 1757 3103 1815 exeat
3144 1748 3493 1833 cupiditas,
3551 1771 3718 1832 quae
3759 1750 4129 1814 naturalem
4170 1772 4309 1817 mo·

2362 1834 2519 1899 dum
2559 1836 2901 1901 transsilit.
3658 1864 3669 1873 “

2539 1920 2798 1985 Gradus
2840 1942 2883 1984 a
2923 1924 3174 2004 ’,παρηὶς
3209 1919 3343 2007 eta]
3392 1919 3507 1986 Sic
3540 1919 3717 1986 idem
3753 1921 3831 1986 de
3871 1921 4308 1987 consolatione

2361 2003 2444 2070 ad
2486 2005 2827 2071 Albinam:
2875 2006 3127 2072 Eadem
3171 2014 3410 2071 natura
3450 2009 3520 2070 in
3565 2006 3746 2071 omni
3790 2005 4109 2073 desiderio
4154 2013 4301 2089 [pag.

2367 2096 2471 2170 18]
2508 2090 2680 2174 quod
2713 2111 2850 2156 non
2886 2114 2969 2157 ex
3003 2093 3240 2174 inopia,
3277 2092 3394 2157 sed
3428 2113 3511 2158 ex
3545 2093 3706 2157 vitio
3740 2094 4050 2157 nascitur.
4098 2092 4307 2174 Quid-

2360 2177 2519 2327 qudid
2564 2179 2739 2326 eniim
2782 2177 2879 2242 illi
2923 2179 3341 2262 congesseris,
3387 2199 3519 2244 non
3561 2179 3713 2243 finis
3755 2177 4127 2261 cupiditatis
4162 2180 4306 2259 erit,

2360 2284 2429 2329 se
2519 2283 2637 2346 gra
2682 2284 2762 2328 us
3942 2278 3953 2286 ’

2540 2347 2843 2413 Omnibus
2896 2355 3103 2415 tamen
3156 2349 3393 2413 civibus
3478 2348 3735 2414 Sensus
3796 2356 3919 2414 est:
3989 2347 4309 2430 Quamvis
4436 2326 4449 2339 ς

2360 2454 2552 2499 nemo
2606 2434 2761 2499 boni
2817 2436 3129 2518 aequique
3196 2453 3351 2500 cons
3426 2443 3496 2499 at
3546 2436 3879 2500 fortunam
3944 2455 4150 2514 suam,
4207 2444 4306 2499 ta-

2363 2539 2516 2583 men
2569 2539 2883 2584 romanus
2936 2520 3215 2607 populus
3252 2523 3404 2585 ,iam
3448 2541 3585 2586 non
3640 2528 3855 2602 potest
3896 2519 4307 2586 dissimulare

2362 2625 2550 2670 suam
2601 2605 3004 2671 felicitatem:
3063 2625 3185 2671 nec
3229 2614 3328 2672 est
3370 2612 3558 2670 tanta
3598 2605 4009 2689 impudentia
4044 2606 4303 2688 praedi-

2362 2700 2488 2767 tus,
2534 2697 2613 2755 ut
2646 2691 3110 2774 cupiditatibus
3144 2691 3281 2757 suis
3322 2691 3588 2756 modum
3627 2712 3761 2756 non
3804 2692 4115 2774 imponat.
4182 2693 4307 2757 At-

2360 2798 2486 2860 que
2528 2774 2595 2841 id
2637 2777 2897 2858 quidem
2942 2797 3166 2843 omnes
3211 2777 3294 2842 ad
3338 2799 3543 2842 unum
3586 2779 4011 2855 confitentur,
4076 2798 4305 2843 omnes

2359 2881 2496 2926 uno
2539 2881 2652 2926 ore
2668 2912 2683 2939 ,
2728 2884 2858 2927 uno
2899 2883 3217 2929 consensu
3258 2862 3639 2945 praedicant
3657 2914 3672 2942 ,
3730 2883 3806 2927 se
3848 2861 3933 2927 ad
3973 2882 4307 2928 summum

2349 2949 2660 3013 fortunae
2703 2950 3092 3032 pervenisse.

2537 3033 2853 3116 Confessio
2886 3033 3310 3121 ‚exprimitufl
3382 3034 3622 3100 Verbis
3675 3058 3833 3100 usus
3892 3043 3991 3100 cst
4057 3034 4307 3119 signifi-

2358 3119 2771 3186 cantissimis.
2881 3119 3053 3185 Nam
3073 3172 3086 3198 ‚
3154 3129 3230 3184 ut
3292 3123 3388 3186 ait
3447 3121 3750 3186 Donatus
3812 3123 3883 3184 in
3950 3119 4303 3202 Adelphos,

2359 3206 2736 3286 confitetur,
2793 3208 2905 3289 qui
2948 3207 3224 3271 invitus:
3285 3217 3353 3272 et
3394 3208 3762 3289 exprimere
3810 3212 3913 3271 est
3952 3204 4306 3289 premendo

2360 3290 2652 3356 educere.
2765 3292 3110 3358 Terentius
3185 3294 3255 3357 in
3319 3292 3671 3357 Eunucho:
3751 3292 3906 3358 Una
3978 3291 4305 3357 mehercle

2356 3377 2525 3442 falsa
2563 3376 2664 3443 lac
2714 3379 2728 3386 “
2747 3378 2942 3455 mula,
2984 3398 3178 3459 quam
3222 3378 3441 3443 oculos
3476 3377 3745 3443 terendo
3784 3378 3902 3442 vix
3937 3378 4005 3442 vi
4039 3398 4305 3459 expres-

2359 3546 2442 3615 ad
2484 3544 2748 3628 αὸξησιν.
2832 3548 3031 3614 Libet
3071 3547 3199 3612 alia
3240 3549 3543 3632 exempla
3581 3548 3915 3627 subiicere,
3960 3568 4125 3631 quae
4166 3566 4305 3610 me-

2359 3636 2489 3700 lius
2533 3633 2718 3700 verbi
2759 3634 3146 3718 elegantiam
3202 3634 3564 3700 ostendant.
3653 3635 3887 3699 Livius
3935 3633 4102 3697 libro
4144 3632 4301 3696 111:

2360 3718 2496 3787 Sed
2538 3729 2614 3784 ut
2654 3721 3062 3817 exprimatur
3104 3720 3447 3817 confessiO,
3494 3719 3805 3820 domitam
3850 3716 4306 3799 subactamque

2358 3804 2899 3958 {ffioefflb‘issbogu
2923 3827 3089 3956 ...ἔξω
3107 3804 3813 3974 Ἔίῧζχξὲὲῖἔὲ,
3840 3802 4035 3953 {3³}
4050 3803 4305 3954 ..55:23

2359 3979 2450 4044 sis
2494 3981 2600 4043 'res
2641 3984 3043 4060 repetuntur.
3133 3975 3392 4041 Plinius
3434 3977 3502 4040 in
3545 3975 3984 4060 Panegyrico:
4043 3975 4306 4039 Abeant

2361 4084 2553 4132 voces
2597 4063 2749 4127 illae
2791 4081 2952 4145 quas
2999 4068 3216 4128 metus
3258 4060 3681 4144 exprimebat.
3772 4059 4192 4142 Tranquillus
4233 4061 4304 4124 in

2361 4150 2648 4215 Tiberio:
2712 4147 2934 4229 Quum
2982 4148 3155 4211 inter
3208 4147 3537 4229 proximos
3577 4147 3865 4213 versanti
3909 4154 3978 4210 et
4017 4145 4305 4228 trepida-

2359 4236 2540 4301 tione
2583 4234 2832 4299 deoecto
2875 4234 3219 4298 tormentis
3262 4252 3571 4315 expressa
3622 4231 3938 4297 confessio
3990 4238 4092 4296 est
4129 4231 4302 4316 cogi-

2359 4323 2482 4385 tati
2520 4321 2841 4386 facinoris.
2931 4318 3213 4386 Latinus
3254 4318 3536 4383 Pacatus
3578 4319 3650 4382 in
3692 4317 4100 4402 Panegyrico
4134 4316 4305 4381 dixit

2359 4414 2669 4472 excutere
2712 4405 3198 4480 confessionem.
3274 4404 3545 4470 Graecis
3587 4402 3712 4469 hoc
3762 4410 3865 4468 est
3894 4393 4298 4485 ἐκβιάζεσθαι.

2429 4505 2436 4518 ·
2536 4492 2667 4556 Neo
2717 4492 2825 4572 ρει·
3109 4490 3388 4555 accedere
3439 4509 3652 4571 posse,
3709 4488 3839 4554 nisi
3889 4493 3962 4552 at
3998 4492 4303 4571 perpetua

2355 4576 2511 4664 sint]
2557 4575 2828 4642 Nullum
2876 4581 2977 4641 est
3015 4595 3147 4640 non
3189 4574 3379 4639 modo
3421 4584 3827 4657 perpetuum,
3872 4573 3985 4640 sed
4028 4594 4114 4638 ne
4158 4572 4303 4654 diu-,-

2357 4671 2631 4727 turnum
2687 4660 2948 4744 quidem
2995 4655 3256 4726 bonum.
3353 4660 3472 4739 Et,
3529 4669 3607 4725 ut
3653 4662 3747 4726 ait
3785 4660 3898 4725 ille
3915 4710 3933 4737 ,
3958 4733 3963 4742 Ι
3984 4659 4147 4724 sorti
4189 4679 4303 4741 ap-

2358 4747 2605 4834 pendix
2659 4753 2761 4812 est
2812 4743 3181 4812 illaetabilis
3224 4746 3421 4810 omni.
3508 4746 3739 4829 Itaque
3779 4766 3917 4810 non
3957 4745 4178 4810 minus
4220 4744 4301 4809 de

2356 4833 2703 4918 retinenda
2774 4853 2967 4916 quam
3042 4831 3125 4896 de
3199 4831 3631 4914 comparanda
3704 4829 4121 4916 cogitandum
4182 4839 4299 4895 cst.

2357 4920 2554 4986 Hanc
2607 4918 2921 4984 nimirum
2977 4918 3409 4982 accessionem
3464 4918 3610 4982 iure
3668 4924 3891 5001 optare
3943 4922 4158 4999 potest
4196 4935 4300 4979 ro-

2357 5026 2591 5071 manus
2631 5003 2929 5088 populus,
2972 5023 3057 5067 ne
3099 5009 3251 5068 ante
3291 5009 3556 5086 tempus
3594 5011 3837 5087 pereat.

2531 5088 2747 5156 Malta
2798 5089 2942 5155 alos
2991 5093 3219 5171 coquant
3248 5089 3333 5154 ad
3383 5088 3542 5153 hanc
3593 5083 4052 5171 confessionem]
4108 5084 4300 5150 Nunc

2358 5175 2440 5242 ad
2495 5176 2780 5242 rationes
2824 5172 3156 5240 descendit
3195 5175 3429 5258 quibus
3470 5173 3752 5260 populus
3795 5191 4102 5237 romanus
4145 5190 4297 5234 con-

2357 5263 2663 5341 vincitur,
2708 5280 2793 5326 ne
2835 5260 3041 5344 possit
3084 5259 3267 5327 salva
3307 5261 3527 5325 fronte
3568 5278 3752 5325 suam
3788 5256 4163 5322 felicitatem
4196 5255 4297 5316 in-

2742 3466 2764 3527 i
2818 3462 3122 3527 Donatus
3165 3464 3633 3546 interpretatur
3688 3464 3962 3530 verbum
4024 3463 4304 3545 positum
4416 3543 4431 3548 ²
