4984 5975
398 279 463 340 s1
672 237 679 243 ’
1832 275 2122 342 LIBER
2166 277 2218 340 1.
2305 274 2610 343 oAPur
2652 276 2778 343 IX.
2835 280 2923 346 x.

396 485 505 529 nus
558 462 859 528 Tiberius
914 463 1090 529 Nero
1146 464 1383 529 Liviae
1438 463 1806 541 Drusillae,
1875 484 2042 548 quae
2094 473 2323 548 postea

392 552 676 632 Augusto
718 550 973 632 nupsit,
1028 552 1284 616 coniux.
1374 549 1549 616 Nam
1600 571 1684 615 ex
1739 571 1817 615 ea
1853 550 2152 615 Drusum
2205 570 2319 633 ge-

394 636 522 700 nuit
568 643 827 717 patrem
878 635 1284 702 Germanici:
1339 658 1423 700 ex
1466 656 1594 718 quo
1638 656 1907 701 rursum
1950 636 2320 720 Agrippina

395 721 599 806 genita
641 720 925 787 Neronis
967 729 1195 786 mater.
1285 721 1425 787 Nec
1478 722 1680 786 fuisse
1723 722 1986 805 proprie
2031 720 2318 786 abavum

392 805 752 889 adoptivum
794 806 982 873 facile
1034 808 1406 890 percipitur.
1497 808 1624 872 Est
1665 809 1843 872 enim
1887 806 2233 890 adoptatus
2278 829 2317 871 a

391 890 646 958 Claudio
688 899 920 975 patruo
965 914 1081 958 suo
1122 913 1392 980 magno,
1449 892 1661 958 Drusi
1713 901 1931 959 autem
1986 893 2151 972 filio,
2205 894 2316 976 qui

389 978 716 1062 privignus
758 987 902 1043 erat
946 980 1251 1062 Augusti.
1318 977 1470 1060 Qua
1512 978 1715 1043 etiam
1756 980 2026 1057 ratione,
2072 1001 2158 1045 ne
2202 997 2337 1062 per*

389 1064 749 1129 abusionem
804 1062 1063 1147 quidem
1082 1116 1097 1140 ,
1161 1064 1329 1131 abne
1375 1087 1446 1130 os
1508 1065 1736 1143 fuerit,
1788 1060 1921 1130 'sed
1976 1085 2313 1149 pronepos.

387 1150 521 1215 Uno
576 1158 799 1214 tamen
851 1147 1042 1215 modo
1086 1151 1227 1215 iure
1273 1172 1312 1215 a
1357 1150 1638 1234 optionis
1683 1151 1776 1215 sic
1818 1152 2037 1216 vocari
2080 1157 2314 1233 potest,

387 1232 540 1318 quod
601 1236 899 1302 Drusum
963 1237 1340 1320 privignum
1403 1257 1595 1302 suum
1650 1236 1935 1302 Neronis
1997 1257 2315 1319 proavum

388 1325 520 1400 [pag.
571 1327 678 1401 72]
740 1322 1111 1386 naturalem
1168 1321 1518 1405 adoptavit.
1611 1323 1879 1387 Tacitus
1920 1323 2031 1388 lib.
2077 1323 2312 1404 XIII.:

386 1406 541 1471 Cum
585 1407 848 1472 Nerone
894 1407 1092 1472 simul
1141 1409 1415 1473 tertium
1467 1408 1620 1472 iniit
1661 1409 2072 1474 consulatum
2115 1407 2316 1473 Vale-

381 1494 504 1558 rius
564 1493 868 1571 Messala,
935 1493 1122 1559 cuius
1183 1514 1505 1576 proavum
1572 1501 1898 1559 oratorem
1952 1493 2316 1560 Corvinum

385 1576 517 1643 divo
565 1580 867 1663 Augusto
923 1578 1130 1645 abavo
1174 1579 1459 1645 Neronis
1514 1579 1831 1663 collegam
1874 1581 1942 1644 in
1989 1601 2064 1645 eo
2108 1580 2316 1664 magi-

382 1674 583 1729 stratu
631 1665 832 1730 fuisse
888 1666 1077 1747 pauci
1128 1666 1261 1729 iam
1331 1687 1564 1730 senum
1625 1667 2083 1732 meminerant.
2173 1666 2318 1733 Hoc

381 1771 520 1815 vero
570 1751 1134 1817 animadversione
1174 1751 1474 1834 dignum,
1538 1751 1620 1816 ab
1663 1751 1891 1816 eodem
1936 1752 2161 1816 Tacito
2204 1751 2315 1816 lib.

379 1824 561 1900 XIV.
608 1836 812 1901 semel
849 1838 1230 1920 Augustum
1265 1836 1546 1903 Neronis
1592 1845 1859 1902 atavum
1898 1836 2026 1903 dici
2063 1838 2136 1902 in
2173 1859 2317 1902 ora-

380 1921 547 1987 tione
592 1921 882 1987 Senecae
926 1922 1011 1987 ad
1054 1922 1401 2002 Neronem,
1454 1923 1526 1987 in
1569 1925 1865 1989 oratione
1907 1923 2190 1989 Neronis
2234 1922 2320 1988 ad

379 2005 692 2073 Senecam
729 2029 928 2074 avum
964 2008 1297 2091 appellari,
1348 2009 1604 2075 Alciato
1640 2011 2050 2085 connivente,
2096 2021 2163 2073 et
2196 2011 2317 2074 mi-

376 2095 594 2159 nutias
633 2093 949 2176 quasdam
992 2094 1326 2159 interdum
1368 2103 1799 2161 consectante.

547 2177 854 2279 Cocceios]
900 2181 975 2244 L.
1022 2179 1366 2246 Cocceium
1404 2180 1719 2265 intelligo,
1764 2182 1874 2264 qui
1916 2180 2100 2262 prius
2144 2202 2320 2246 com-

374 2267 589 2330 munis
624 2264 902 2332 Octavio
947 2272 1014 2330 et
1045 2267 1336 2331 Antonio
1381 2267 1644 2344 amicus,
1692 2275 1882 2332 autor
1913 2266 2133 2330 fuerat
2167 2287 2320 2331 con-

378 2351 636 2416 ciliandi
680 2353 856 2416 inter
896 2372 1005 2416 eos
1048 2351 1345 2418 foederis.
1776 2423 1779 2429 ,

540 2436 831 2502 ,Duellios
917 2437 1101 2521 Lego
1159 2437 1464 2515 Deillios,
1526 2438 1707 2503 nullo
1765 2437 2127 2521 exemplari
2180 2438 2315 2503 suf-

376 2522 699 2607 fragante,
761 2545 830 2588 se
932 2544 1065 2587 non
1117 2524 1247 2600 levi
1302 2525 1693 2591 coniectura.
1782 2524 2087 2606 Eumque
2132 2524 2316 2589 Deil-

374 2605 523 2673 lium
587 2630 728 2675 esse
779 2610 1196 2692 interpretor,
1251 2630 1447 2692 quem
1488 2609 1777 2676 Messala
1819 2610 2148 2676 Corvinus
2206 2610 2317 2675 de-

377 2703 685 2760 sertorem
747 2694 1066 2760 bellorum
1124 2695 1416 2761 civilium
1461 2696 1764 2761 vocabat:
1819 2696 1973 2780 quia
2029 2696 2137 2780 (ut
2179 2698 2318 2778 ipse

378 2776 628 2846 Seneca
666 2779 775 2844 lib.
818 2781 873 2846 1.
920 2777 1188 2846 Suasor.
1235 2781 1489 2865 scribit)
1536 2804 1575 2846 a
1618 2781 1962 2848 Dolabella
2015 2782 2099 2847 ad
2155 2783 2316 2848 Cas·

378 2867 539 2931 sium
590 2868 967 2946 transierat,
1017 2867 1184 2931 inita
1237 2870 1535 2950 pactione
1581 2874 1656 2932 ut
1696 2866 2109 2933 Dolabellam
2152 2869 2317 2933 occi-

379 2950 573 3018 deret.
660 2951 918 3018 Deinde
981 2974 1020 3018 a
1078 2951 1308 3019 Cassio
1375 2953 1457 3018 ad
1511 2955 1907 3033 Antonium,
1967 2954 2318 3020 novissime

376 3038 449 3103 ab
488 3039 786 3104 Antonio
831 3037 916 3104 ad
957 3041 1332 3123 Augustum
1370 3042 1833 3124 transfugerat.
1901 3042 1984 3105 In
2019 3063 2145 3124 quo
2180 3040 2318 3106 loco

376 3123 649 3190 Deillius
686 3126 837 3189 'sine
880 3127 1327 3191 controversia
1358 3126 1619 3210 legitur.
1687 3128 1856 3191 Eius
1892 3148 2146 3210 quoque
2179 3148 2318 3191 me-

375 3211 567 3275 minit
606 3210 1004 3276 Plutarchus
1058 3212 1131 3290 ip
1174 3212 1334 3277 Vita
1354 3213 1679 3277 'Antoniiz
1738 3211 1854 3276 ubi
1908 3223 2133 3277 tamen
2177 3232 2318 3278 cor·-

376 3305 565 3379 rupte
603 3296 849 3380 legitur
886 3297 1119 3367 Delius
1163 3298 1232 3361 in
1280 3296 1658 3381 vulgaribus
1702 3297 2047 3364 codicibus.

552 3383 769 3448 Totam
820 3382 1118 3448 cohortem
1162 3385 1450 3464 primam
1501 3386 1823 3450 interioris
1880 3383 2314 3472 admissionis]

377 3465 567 3547 Quod
622 3469 907 3533 officium
962 3469 1135 3533 inter
1192 3469 1404 3536 aulica
1457 3471 1688 3535 munia
1753 3491 1886 3535 non
1949 3478 2318 3553 postremae

374 3552 491 3617 fuit
540 3552 910 3639 dignitatis,
969 3564 1288 3636 quantum
1341 3577 1461 3639 ego
1504 3556 1818 3639 intellige.
1911 3554 2090 3622 Sunt
2142 3558 2317 3622 enim

373 3637 475 3702 isti
518 3637 1042 3716 admissionales,
1089 3642 1199 3723 qui
1244 3639 1427 3706 aditu
1469 3641 1542 3706 in
1584 3642 1957 3708 cubiculum
2049 3643 2317 3727 rinoipis

376 3725 716 3805 prohibent
767 3746 930 3808 quos
987 3726 1250 3804 volunt,
1311 3735 1378 3792 et
1474 3749 1592 3792 uos
1646 3728 1879 3793 volunt
1936 3665 2314 3794 ad'mittunt.

376 3809 795 3894 Lampridius
849 3812 917 3875 in
970 3810 1385 3878 Alexandro:
1499 3814 1863 3878 alutaretur
1920 3835 2078 3879 vero
2132 3815 2317 3897 quasi

376 3915 544 3960 unus
586 3897 665 3962 de
711 3898 1150 3976 senatoribus,
1207 3907 1476 3982 patente
1518 3898 1695 3975 velo,
1744 3899 2316 3968 admissionalibus

374 3985 662 4062 remotis,
721 3992 837 4047 aut
881 3983 1035 4049 solis
1077 3984 1160 4049 iis
1202 3985 1316 4067 qui
1357 3985 1646 4049 ministri
1691 3985 1772 4050 ad
1817 3986 1988 4051 fores
2032 3987 2312 4053 fuerant.

375 4063 726 4134 Suetonius
768 4069 837 4134 in
881 4069 1312 4153 Vespasiano:
1369 4070 1728 4153 Trepidum
1769 4092 1923 4135 eum
1964 4071 2317 4138 interdicta

373 4172 567 4219 eausa
607 4155 729 4220 sub
772 4154 1065 4233 Nerone,
1111 4164 1663 4238 quaerentemque
1702 4157 2018 4239 quidnam
2071 4168 2313 4241 ageret,

372 4249 488 4303 aut
526 4261 650 4322 quo
696 4239 925 4317 abiret,
966 4241 1234 4324 quidam
1278 4264 1360 4307 ex
1406 4242 1617 4308 officio
1662 4243 2076 4309 admissionis
2119 4244 2316 4309 simul

373 4326 737 4407 expellens,
804 4326 1218 4392 Morbouiam
1283 4329 1463 4394 abire
1519 4328 1817 4393 iusserat.
1905 4329 2025 4393 Iis·
2056 4342 2316 4412 praeest

372 4413 683 4494 magister
741 4410 1209 4478 admissionum
1226 4466 1242 4492 ,
1310 4415 1496 4480 cuius
1561 4414 1865 4478 meminit
1926 4416 2316 4481 Ammianus

372 4494 796 4563 Marcellinus
851 4497 1019 4564 libro
1063 4499 1214 4564 XV.
1304 4500 1646 4564 Eiusmodi
1689 4499 1824 4564 fere
1868 4508 2058 4565 erant
2101 4510 2166 4566 et
2211 4523 2314 4567 re-

372 4580 567 4664 gibus
616 4582 1070 4649 Macedonum.
1171 4583 1445 4650 Curtius
1499 4585 1667 4650 libro
1724 4586 1873 4651 VI.:
1936 4584 2316 4654 Ceballinus

372 4674 525 4732 ante
564 4669 955 4734 vestibulum
1007 4671 1224 4755 regiae
1274 4673 1515 4755 (neque
1560 4672 1734 4736 enim
1776 4671 2043 4755 propius
2099 4673 2317 4739 aditus

373 4752 433 4816 ei
484 4753 779 4840 patebat)
846 4757 1138 4821 constitit
1204 4758 1550 4841 opperiens
1618 4758 1900 4839 aliquem
1967 4779 2050 4822 ex
2104 4760 2318 4842 prima

372 4839 635 4905 cohorte
698 4841 1084 4920 amicorum,
1148 4863 1276 4925 quo
1339 4841 1863 4908 introduceretur
1923 4842 2005 4908 ad
2070 4867 2312 4929 regem.

370 4924 462 4988 Et
518 4925 682 4992 libro
732 4928 927 4993 VIII.
985 4928 1144 4994 dicit
1199 4927 1635 4995 nobilissimos
1691 4931 1966 4994 iuvenes
2010 4930 2316 4996 Macedo-

372 5031 539 5075 num
580 5013 787 5078 solere
832 5014 1110 5080 describi
1152 5016 1223 5078 in
1266 5034 1412 5080 eam
1456 5015 1819 5095 cohortem,
1875 5017 1990 5099 qui
2034 5019 2317 5082 semina·-

368 5095 549 5160 rium
589 5107 774 5163 crant
822 5099 1090 5178 ducum,
1137 5101 1757 5185 praefectorumque.
1847 5100 2040 5183 Quod
2097 5111 2317 5169 autem

370 5180 576 5259 addit,
617 5184 951 5265 interioris,
994 5185 1331 5270 epitheton
1373 5186 1532 5253 facit
1565 5187 1649 5252 ad
1684 5188 2046 5271 emphasin.
2106 5190 2318 5256 Tran-

591 5286 808 5340 (Jatvini
830 5304 1013 5355 opera.
1078 5289 1189 5343 Vol.
1238 5289 1298 5343 V.

1722 5392 1735 5425 1

4300 288 4386 352 82

2424 464 2671 547 quillus
2725 465 2796 531 in
2854 467 3186 552 Caligula:
3254 468 3388 536 Sed
3457 491 3656 536 avum
3717 491 3942 536 meum
3997 481 4394 541 narrantem.

2422 571 2588 634 puer
2630 552 3006 633 audiebam,
3054 574 3317 620 causam
3361 557 3576 640 operis
3619 557 3701 622 ab
3745 558 4167 626 interioribus
4211 560 4378 627 auli-

2423 637 2517 702 cis
2560 637 2910 720 proditam.
3001 638 3257 706 Statius
3301 643 3516 726 primo
3561 642 3962 710 Thebaidos:

2732 741 2932 796 Lectus
2970 744 3197 797 concilio
3236 743 3413 799 divum
3451 752 3781 800 convenerat
3816 746 3951 801 ordo

2729 809 2993 864 Interiore
3032 811 3180 880 polo.

2419 892 2614 1044 331·ss
2655 906 2722 960 et
2780 896 3146 980 Vergilius:
3203 896 3438 963 domus
3489 899 3767 965 interior
3819 923 3939 985 pro
3983 903 4142 986 ipsis
4177 923 4382 986 pene·

2548 1002 2570 1043 1
2617 1001 2712 1045 us.

2598 1065 2771 1131 Nam
2806 1066 3140 1146 Domitios,
3179 1068 3511 1150 Messalas,
3547 1070 3830 1152 Asinios,
3880 1071 4229 1161 Cicerones]
4284 1075 4379 1140 Hi

2420 1171 2646 1217 omnes
2681 1161 2902 1235 partes
2947 1153 3159 1219 Cassii
3196 1163 3262 1220 et
3296 1147 3492 1220 Bruti
3529 1156 3908 1223 tuebantur:
3949 1158 4182 1242 quibus
4227 1182 4376 1244 pro-

2418 1237 2683 1320 fligatis,
2740 1238 3008 1322 quidam
3056 1242 3258 1305 etiam
3312 1241 3396 1306 ad
3440 1240 3595 1307 Sex.
3642 1244 4034 1327 Pompeium
4079 1249 4226 1324 [pag.
4267 1252 4374 1327 73]

2420 1323 2852 1389 transierunt:
2901 1323 3236 1392 Domitius
3278 1327 3542 1410 quidem
3583 1330 3760 1394 inter
3802 1333 4090 1396 conscios
4137 1330 4378 1397 Caesa·-

2419 1409 2646 1475 rianae
2689 1411 2890 1490 necis,
2934 1432 3332 1495 quamquam
3375 1414 3619 1492 insons,
3664 1414 3810 1499 lege
3853 1417 4061 1481 Pedia
4106 1416 4376 1483 damna-

2421 1502 2557 1573 tus,
2615 1494 2698 1561 ad
2749 1496 3040 1562 Brutum
3098 1507 3164 1562 et
3219 1497 3524 1565 Cassium
3578 1522 3648 1566 se
3693 1501 3997 1566 contulit:
4047 1525 4087 1567 a
4141 1504 4376 1586 quibus

2420 1588 2757 1665 acceptam
2799 1581 3073 1648 classem
3119 1584 3233 1649 diu
3278 1585 3574 1651 retinuit:
3622 1607 3899 1668 quorum
3956 1588 4183 1654 accisis
4240 1591 4378 1672 epi·

2419 1667 2545 1732 bus
2593 1669 2880 1733 Antonio
2929 1669 3218 1746 tradidit,
3275 1682 3343 1734 et
3395 1672 3463 1735 in
3507 1674 3786 1755 patriam
3828 1676 4193 1754 restitutus,
4239 1697 4380 1740 am-

2419 1752 2747 1835 plissimos
2804 1754 3085 1821 honores
3140 1755 3414 1839 adeptus
3457 1765 3576 1822 est.
3622 1759 3967 1824 Postremo
4025 1761 4202 1825 civili
4245 1760 4377 1827 dis-

2421 1840 2722 1904 sensione
2777 1851 2921 1905 orta
2973 1842 3149 1907 inter
3202 1840 3643 1908 Octavianum
3697 1852 3765 1909 et
3819 1846 4218 1926 Antonium,
4290 1846 4373 1912 ab

2424 1925 2715 1990 Antonio
2757 1925 3049 2006 descivit,
3087 1928 3393 1994 navicula
3428 1928 3510 1995 ad
3557 1926 3994 1995 Octavianum
4041 1939 4376 1997 transvec-

2424 2020 2547 2075 tus.
2639 2012 2923 2077 Antores
2956 2013 3353 2079 Plutarchus
3388 2016 3457 2079 in
3495 2015 3804 2094 Antonio,
3843 2025 3910 2080 et
3952 2017 4375 2101 Tranquillus

2422 2097 2496 2161 in
2540 2097 2821 2163 Nerone.
2912 2096 3166 2163 Verum
3212 2099 3489 2165 alterum
3536 2100 3702 2165 forte
3748 2101 3857 2167 hic
3900 2102 4201 2187 designat
4255 2102 4377 2170 Se-

2422 2204 2604 2248 neca.
2696 2183 2926 2267 Neque
2971 2186 3146 2250 enim
3193 2186 3623 2251 beneficentia
3665 2188 3958 2270 Augusti
3999 2190 4068 2252 in
4113 2189 4378 2255 civitate

2425 2269 2666 2344 floruit,
2704 2270 2857 2351 quia
2896 2292 3034 2335 non
3071 2269 3152 2336 ab
3198 2272 3519 2356 Augusto,
3566 2272 3679 2337 sed
3725 2274 3806 2339 ab
3851 2275 4140 2339 Antonio
4181 2275 4253 2339 in
4299 2277 4377 2340 fi-

2425 2353 2573 2419 dem
2630 2362 2962 2437 acceptus,
3007 2377 3223 2439 neque
3277 2358 3547 2422 humilis
3602 2366 3717 2423 aut
3758 2360 4068 2441 supplex,
4115 2360 4228 2425 sed
4271 2362 4376 2425 in-

2425 2441 2641 2524 gentis
2679 2441 2897 2505 meriti
2943 2441 3109 2521 loco,
3154 2449 3231 2507 ut
3272 2444 3386 2526 qui
3428 2442 3735 2526 reliquias
3777 2445 3931 2509 belli
3975 2447 4231 2529 magnis
4273 2448 4375 2512 vi-

2423 2526 2604 2591 ribus
2661 2537 3028 2610 repararet,
3075 2537 3141 2593 ot
3192 2530 3388 2612 paulo
3440 2539 3590 2611 post
3630 2550 3824 2612 quam
3872 2531 3952 2593 ad
3999 2531 4376 2615 Augustum

2423 2614 2779 2696 transfugit
2833 2613 3059 2680 relicto
3117 2615 3434 2693 Antoni0,
3482 2615 3621 2680 vita
3664 2615 3955 2682 decessit.
4044 2616 4189 2682 Nisi
4234 2637 4373 2682 ma-

2422 2700 2526 2764 vis
2572 2700 2877 2768 arbitrari
2924 2699 3202 2765 abusum
3248 2699 3568 2766 Senecam
3614 2700 3889 2767 historia
3945 2702 4030 2767 ad
4085 2702 4376 2787 Augusti

2421 2785 2708 2850 laudem.
2800 2786 2902 2850 De
2948 2786 3235 2853 Messala
3289 2795 3517 2857 narrat
3559 2786 3987 2865 Plutarchus,
4036 2810 4228 2871 quem
4282 2790 4378 2854 ait

2423 2870 2654 2937 Cassio
2697 2873 2896 2936 fuisse
2940 2872 3465 2965 perfamiliarem,
3513 2894 3588 2938 ac
3632 2872 3843 2956 pridie
3876 2895 4071 2958 quam
4098 2873 4373 2940 infelici-

2423 2965 2528 3023 ter
2578 2965 2944 3042 pugnatum
3003 2969 3103 3023 est
3159 2960 3227 3024 in
3285 2958 3639 3042 Philippis,
3698 2980 3846 3025 cum
3902 2981 3978 3025 eo
4047 2980 4371 3040 coenasse,

2423 3065 2631 3127 quum
2671 3045 3102 3129 paucissimos
3143 3067 3226 3110 ex
3271 3045 3641 3112 domesticis
3685 3047 3758 3110 in
3796 3068 3873 3111 ea
3918 3067 4119 3111 coena
4176 3046 4374 3113 habe·

2422 3140 2543 3197 ret.
2631 3130 2787 3196 Huc
2823 3139 3000 3196 certe
3036 3139 3429 3215 argumento
3464 3139 3580 3211 est,
3616 3133 3689 3197 in
3723 3153 3961 3216 magno
4003 3134 4212 3214 pretio
4257 3133 4375 3197 ha·-

2422 3217 2662 3294 bitum,
2719 3214 2892 3299 quod
2937 3238 3142 3299 quum
3181 3216 3433 3281 Brutus
3490 3240 3528 3281 a
3572 3216 3801 3283 Cassio
3859 3226 4196 3284 exorasset
4250 3218 4372 3284 sibi

2424 3299 2770 3366 dexterum
2825 3322 3061 3380 cornu,
3122 3300 3383 3367 additus
3438 3312 3540 3369 est
3595 3303 3693 3367 illi
3746 3303 4063 3382 Messala,
4116 3312 4372 3386 partem

2422 3386 2709 3452 militum
2745 3387 3303 3454 bellicosissimam
3338 3410 3554 3453 secum
3595 3387 3859 3453 habens.
3950 3390 4192 3454 Postea
4231 3390 4372 3454 Au·

2424 3482 2616 3557 gusto
2651 3472 3128 3553 reconciliatus,
3165 3475 3392 3539 consu]
3429 3475 3636 3539 factus
3671 3481 3789 3554 est,
3834 3481 3901 3538 et
3936 3473 4374 3540 demandante

2424 3568 2660 3625 senatu
2696 3559 3074 3643 Augustum
3106 3568 3363 3643 patrem
3396 3562 3646 3643 patriae
3689 3560 4015 3625 salutavit.
4102 3561 4371 3626 Primus

2422 3646 2619 3710 etiam
2664 3644 2849 3710 urbis
2890 3645 3277 3729 praefectus,
3322 3657 3549 3711 autore
3592 3644 3914 3730 Dionysio
3957 3655 4024 3708 et
4065 3645 4370 3710 Eusebio.

2423 3731 2700 3796 Asinius
2740 3749 2925 3809 vero,
2982 3732 3168 3797 cuius
3221 3734 3466 3796 mentio
3523 3733 3600 3795 fit
3655 3753 3694 3795 a
3734 3728 4015 3808 Seneca,
4076 3751 4206 3796 non
4257 3730 4368 3795 ille

2423 3825 2525 3882 est
2566 3816 2809 3895 Pollio,
2868 3818 2980 3899 qui
3037 3817 3285 3881 Iulium
3336 3819 3405 3881 in
3461 3816 3647 3882 bellis
3688 3815 3987 3883 civilibus
4031 3826 4366 3899 sequutus,

2423 3914 2760 3969 strenuam
2795 3901 2893 3967 illi
2927 3901 3242 3969 adversus
3276 3903 3662 3985 Pompeium
3708 3922 3970 3984 operam
4014 3902 4366 3984 praestitit:

2420 4009 2613 4071 quem
2671 3987 2900 4053 Cicero
2954 3991 3025 4051 in
3080 3989 3361 4071 quadam
3417 3988 3785 4070 Philippica
3840 3987 4013 4051 inter
4065 3995 4370 4070 portenta

2422 4076 2783 4140 amicorum
2818 4073 3119 4141 Caesaris
3154 4084 3479 4152 numerat,
3520 4083 3588 4137 et
3630 4094 3778 4138 cum
3822 4092 3951 4155 quo
3996 4073 4181 4138 velut
4220 4094 4367 4138 cum

2422 4161 2631 4226 amico
2675 4160 2985 4243 primario
3024 4160 3269 4226 Iulium
3316 4158 3396 4225 de
3440 4158 3823 4224 traiiciendo
3866 4159 4209 4225 Rubicone
4255 4158 4366 4223 de-

2420 4247 2731 4343 liberasse
2765 4245 3051 4310 affirmat
3083 4245 3523 4327 Tranquillus,
3561 4253 3628 4309 et
3661 4246 3775 4327 qui
3811 4255 4034 4327 postea
4068 4245 4367 4328 Augusto

2421 4332 2776 4415 opitulatus
2822 4333 3034 4397 est'in
3080 4330 3463 4397 debellando
3510 4329 3665 4414 Sex.
3710 4332 4041 4415 Pompeio,
4089 4337 4167 4395 ut
4209 4331 4367 4396 scri-

2424 4418 2522 4484 bit
2576 4417 2973 4483 Plutarchus
3031 4419 3103 4483 in
3160 4418 3298 4483 vita
3356 4415 3626 4482 Catonis
3695 4416 4042 4483 Uticensis.
4145 4416 4367 4501 Magis

2421 4502 2808 4571 crediderim
2864 4510 2982 4567 aut
3035 4503 3342 4570 Asinium
3387 4502 3689 4581 Gallum,
3734 4508 3850 4567 aut
3897 4502 4102 4566 alium
4140 4523 4367 4584 quem-

2419 4591 2595 4672 piam
2634 4610 2718 4653 ex
2751 4590 2983 4653 eorum
3017 4608 3288 4655 numero
3322 4589 3433 4670 qui
3469 4587 3753 4653 libertati
3799 4587 4168 4653 studebant.
4256 4585 4369 4653 Ci-

2420 4673 2723 4741 cero‘nem
2777 4674 2884 4738 hic
2934 4676 3139 4741 filium
3196 4676 3516 4757 intellige,
3573 4675 3681 4757 qui
3725 4674 3878 4739 vivo
3922 4672 4138 4739 adhuc
4179 4682 4367 4756 patre

2420 4782 2461 4825 a
2503 4762 2715 4825 Bruto
2757 4762 3002 4826 accitus
3047 4767 3148 4825 est
3190 4760 3262 4823 in
3304 4770 3537 4839 castra,
3584 4782 3659 4825 ac
3700 4759 3877 4823 inter
3918 4759 4110 4841 primi
4155 4759 4367 4823 nomi-

2420 4846 2526 4911 nis
2563 4845 2758 4911 duces
2794 4844 3077 4911 habitus.
3142 4844 3357 4910 Multa
3392 4848 3593 4929 gessit
3626 4846 3906 4929 egregie,
3952 4842 4164 4926 inquit
4201 4843 4369 4908 Plu-

2420 4932 2690 5012 tarchus
2725 4932 2796 4995 in
2816 4930 2977 4994 Vita
3009 4932 3222 4996 Bruti.
3291 4931 3529 4997 Caium
3564 4932 3760 4995 etiam
3796 4931 4158 4995 Antonium
4194 4932 4367 4994 circa

2421 5017 2757 5101 Byllidem
2801 5017 3049 5099 praelio
3087 5017 3340 5082 devicit.
3409 5018 3725 5082 Militavit
3767 5025 3994 5101 postea
4021 5015 4093 5077 in
4137 5014 4366 5078 castris

2422 5102 2578 5170 Sex.
2639 5102 2955 5184 Pompeii.
3043 5104 3176 5169 Ubi
3229 5103 3503 5169 victoria
3554 5103 3801 5184 potitus
3854 5107 3955 5166 est
4001 5101 4362 5182 Augustus,

2423 5211 2601 5268 eum,
2649 5209 2776 5271 quo
2817 5208 2887 5253 se
2930 5208 2970 5252 a
3024 5189 3390 5272 proditione
3443 5187 3778 5254 Ciceronis
3821 5192 4191 5262 excusaret,
4250 5182 4368 5247 be-
