4984 5975
607 313 689 376 59

602 497 1032 581 magistratus
1088 495 1287 562 fuisse
1346 491 1707 558 ordinarios
1720 541 1738 570 ,
1797 498 1865 555 et
1916 497 2167 557 creatos
2210 510 2252 553 a
2294 487 2549 572 populo,

605 603 883 666 quorum
906 582 1081 645 vices
1123 587 1348 662 postea
1389 584 1730 644 cesserunt
1772 577 2153 644 triumviris.
2249 579 2397 653 [pag.
2438 577 2548 652 48]

602 670 700 733 At
740 688 895 733 vero
948 672 1254 748 quaestor
1308 665 1491 729 euius
1537 664 1864 728 Asconius
1922 662 2253 737 meminit,
2311 659 2428 742 qui
2485 675 2553 723 et-

603 757 947 836 quaesitor,
986 761 1054 816 et
1081 748 1279 818 iudex
1315 749 1711 832 quaestionis
1744 746 2109 831 appellatur
2143 767 2182 810 a
2216 745 2549 823 Cicerone,

602 838 994 921 intelligitur
1036 837 1311 901 Praetor
1354 835 1643 900 urbanus
1657 885 1672 911 ,
1729 834 1832 900 cui
1889 831 2402 898 demandabatur
2444 851 2552 895 ea-

602 923 752 990 dem
796 928 969 988 sorte
1011 941 1170 986 cura
1212 919 1623 1004 publicorum
1665 917 2078 996 iudiciorum,
2135 938 2263 1000 qua
2317 917 2550 989 sortie-

599 1009 793 1075 batur
836 1006 1149 1073 urbanam
1195 1007 1613 1090 provinciam.
1682 1005 1911 1070 Cicero
1955 1004 2027 1067 in
2069 1003 2395 1068 Praetura
2435 1023 2550 1066 ur-

600 1093 797 1160 bana:
844 1094 1018 1158 Ecce
1058 1101 1279 1158 autem
1320 1092 1453 1156 illis
1498 1091 1658 1173 ipsis
1699 1090 1927 1156 diebus
1968 1110 2174 1172 quum
2219 1097 2551 1172 praetores

602 1179 929 1263 designati
972 1178 1382 1256 sortirentur,
1429 1184 1497 1241 et
1532 1175 1843 1241 Marcello
1887 1174 2228 1258 obtigisset
2260 1187 2339 1238 ut
2370 1174 2429 1238 is
2467 1171 2550 1237 (16

599 1265 893 1349 pecuniis
950 1262 1329 1346 repetundis
1381 1271 1749 1345 quaereret,
1811 1261 2159 1326 nunciatur
2199 1259 2364 1324 mihi
2403 1265 2550 1322 tan-

600 1361 735 1416 tam
791 1349 1297 1434 gratulationem
1348 1349 1459 1413 isti
1511 1369 1653 1413 esse
1706 1348 1941 1413 factam
1958 1396 1973 1422 ,
2047 1352 2118 1410 ut
2178 1347 2236 1409 is
2295 1365 2551 1428 quoque

602 1435 868 1501 domum
906 1456 1143 1518 pueros
1176 1436 1468 1499 mitteret
1500 1433 1613 1516 qui
1646 1432 1838 1497 uxori
1872 1452 2029 1496 suae
2064 1432 2546 1497 renunciarent.

600 1519 859 1588 Deinde
927 1520 1214 1585 subiicit:
1284 1518 1435 1584 Duo
1488 1520 1690 1602 igitur
1745 1517 2044 1582 consules
2100 1523 2167 1582 et
2220 1516 2551 1599 quaesitor

603 1614 799 1672 erunt
841 1628 923 1670 ex
968 1606 1145 1669 illius
1186 1606 1543 1670 voluntate.
1633 1607 1846 1669 Autor
1888 1612 1989 1669 est
2045 1603 2241 1668 etiam
2286 1600 2549 1666 Plutar-

600 1693 764 1757 chus
809 1691 1143 1757 Licinium
1188 1691 1488 1757 Macrum
1531 1711 1721 1754 reum
1761 1689 2098 1772 peculatus
2141 1693 2359 1752 actum
2406 1707 2548 1751 esse

603 1776 778 1861 apud
843 1776 1228 1843 Ciceronem
1292 1785 1687 1859 praetorem,
1767 1781 1834 1839 et
1894 1772 2198 1839 omnibus
2261 1770 2554 1837 iudicum

603 1863 947 1930 sententiis
991 1861 1388 1928 damnatum.
1477 1862 1656 1927 Hine
1711 1858 1888 1942 apud
1930 1867 2189 1924 autores
2231 1858 2551 1941 praetoris

601 1970 842 2014 nomen
898 1968 1016 2032 pro
1067 1948 1428 2030 quaesitore
1488 1967 1678 2029 saepe
1733 1946 2014 2029 ponitur.
2107 1943 2337 2009 Cicero
2379 1943 2552 2006 Ver-

602 2035 751 2100 rina
805 2032 1116 2099 secunda:
1176 2032 1615 2112 Quamobrem
1660 2053 1814 2096 vero
1857 2052 1926 2096 se
1970 2028 2255 2097 confidat
2307 2025 2554 2111 aliquid

604 2121 917 2203 proficere
962 2139 1148 2200 posse
1192 2118 1315 2183 hoe
1359 2117 1717 2182 Glabrione
1760 2126 2079 2200 praetore,
2125 2127 2193 2180 et
2235 2115 2358 2179 hoc
2398 2136 2553 2179 eon-

605 2206 767 2284 silio,
812 2204 1181 2287 intelligere
1221 2225 1356 2268 non
1399 2224 1683 2287 possum.
1773 2201 2139 2267 Iuvenalis:

1154 2314 1333 2368 Prima
1371 2323 1455 2368 est
1488 2314 1626 2368 hacc
1660 2314 1812 2382 ultio,
1849 2313 1991 2381 quod
2030 2328 2088 2367 66

810 2384 992 2438 Iudice
1030 2400 1186 2436 661116
1222 2399 1424 2437 nocens
1462 2382 1774 2450 absolvitur,
1811 2382 2057 2450 improba
2091 2381 2333 2449 quamvis

811 2453 999 2506 Gratia
1033 2451 1244 2505 fallacis
1281 2453 1549 2519 praetoris
1584 2452 1774 2505 vicerit
1806 2467 2011 2504 urnam.

602 2545 973 2612 Paedianus
1050 2547 1119 2609 in
1187 2542 1568 2610 Orationem
1635 2566 1753 2627 pro
1818 2541 2098 2608 Scauro:
2172 2542 2553 2609 Postulatus

604 2631 779 2717 apud
842 2632 1143 2697 Marcum
1209 2630 1527 2696 Catonem
1591 2639 1961 2712 praetorem
2026 2627 2550 2711 repetundarum,

604 2727 684 2782 ut
736 2719 806 2780 in
862 2718 1020 2782 actis
1079 2717 1391 2798 scriptum
1448 2724 1563 2779 est.
1653 2713 1840 2779 Idem
1896 2716 1964 2777 in
2021 2714 2381 2779 orationem
2434 2734 2553 2795 pro

605 2802 937 2868 Cornelio:
994 2800 1319 2867 Iudicium
1377 2800 1446 2864 id
1501 2802 1795 2866 exercuit
1849 2798 1929 2879 Q.
1978 2798 2212 2864 Gallus
2269 2809 2549 2882 praetor.

605 2885 785 2951 Illud
828 2887 1024 2951 etiam
1070 2884 1440 2950 addendum
1457 2937 1471 2962 ‚
1517 2906 1719 2967 6116111
1762 2894 1951 2949 extra
1992 2883 2286 2949 ordinem
2332 2883 2552 2947 decer-

606 2973 888 3038 nebatur
942 2971 1260 3055 quaestio,
1327 2971 1531 3035 fuisse
1595 2981 1847 3035 creatos
1913 2968 1996 3034 ad
2060 2968 2129 3033 id
2181 2977 2553 3053 quaestores

609 3059 920 3141 suffragio
973 3057 1223 3141 populi,
1283 3055 1823 3139 quemadmodum
1879 3055 1998 3120 Cn.
2048 3056 2375 3119 Domitius
2420 3057 2550 3118 Ae-

600 3143 931 3213 nobarbus
974 3143 1045 3207 in
1089 3162 1285 3208 causa
1328 3142 1598 3207 Milonis
1641 3142 1917 3206 comitiis
1959 3151 2215 3206 creat-us
2259 3149 2385 3218 est,
2437 3141 2551 3206 ubi

608 3236 796 3295 extra
833 3228 1131 3293 ordinem
1173 3226 1253 3293 de
1296 3225 1646 3292 homicidio
1686 3227 2136 3310 quaerebatur.

780 3314 1027 3380 Eadem
1097 3314 1223 3397 leye
1287 3318 1581 3391 teneatur,
1648 3334 1776 3395 qua
1829 3310 2187 3399 quaeritur]
2255 3312 2551 3377 Dicimus

606 3400 787 3466 enim
856 3401 1078 3482 quaeri
1140 3399 1290 3483 lege
1342 3399 1515 3463 Iulia
1578 3399 1969 3478 maiestatis,
2033 3398 2179 3481 lege
2234 3397 2407 3463 Iulia
2471 3395 2552 3461 de

605 3486 969 3563 adulteriis,
1027 3484 1171 3569 lege
1223 3483 1531 3550 Cornelia
1582 3482 1663 3548 de
1716 3484 1990 3561 sicariis,
2048 3484 2194 3568 lege
2236 3482 2553 3565 Pompeia

606 3571 686 3636 de
730 3570 1123 3655 parricidiis,
1170 3578 1237 3635 et
1279 3569 1628 3649 similibus,
1687 3591 1963 3652 eumque
2014 3571 2223 3634 teneri
2276 3570 2548 3652 legibus,

604 3658 718 3742 qui
762 3659 848 3725 sit
884 3657 1221 3723 convietus
1264 3657 1477 3721 lassae
1510 3657 1884 3733 maiestatis,
1931 3654 2206 3734 adulter,
2251 3662 2367 3720 aut
2397 3675 2549 3738 par-

605 3742 828 3823 ricida,
876 3752 991 3806 aut
1032 3764 1163 3807 uno
1208 3764 1292 3807 ex
1336 3742 1543 3824 capite
1587 3742 1750 3825 legis
1794 3740 2152 3808 Corneliae.

784 3829 1276 3910 Quotusquisque
1311 3833 1630 3892 accusator
1662 3832 1845 3891 vacat
1888 3824 2103 3977 661961]

605 3916 783 3983 tione
825 3915 1054 3997 quinta
1094 3916 1167 3977 in
1210 3913 1517 3978 Verrem:
1575 3911 1827 3979 Omnes
1870 3913 1985 3995 qui
2027 3933 2067 3977 a

605 4020 731 4078 666,
777 3999 981 4063 1161116
1031 3998 1296 4082 impulsi
1340 3999 1698 4065 inimicitiis
1714 4050 1728 4075 ‚
1790 3998 1974 4063 nulla
2024 4000 2333 4081 privatim
2386 3996 2551 4061 laesi

603 4084 866 4162 iniuria,
912 4084 1094 4148 nullo
1137 4086 1423 4167 praemio
1468 4083 1732 4149 adducti
1774 4084 1841 4148 in
1885 4082 2199 4149 iudicium
2239 4082 2549 4165 reipubli-

606 4191 719 4237 cae
762 4189 959 4235 causa
1003 4176 1254 4245 vocant,
1299 4168 1640 4252 providere
1682 4167 1924 4234 debent
1966 4191 2099 4234 non
2145 4169 2358 4234 solum
2392 4166 2550 4251 quid

604 4257 821 4322 oneris
875 4256 949 4319 in
999 4256 1331 4337 praesenti
1386 4255 1649 4333 tollant,
1708 4254 1825 4321 sed
1875 4256 2071 4319 etiam
2112 4262 2436 4337 quantum
2477 4254 2550 4318 in

604 4362 868 4406 omnem
902 4341 1112 4405 vitam
1144 4342 1484 4423 negotium
1527 4341 1858 4423 suscipere
1892 4348 2230 4406 conentur.
2297 4340 2552 4423 Legem

604 4429 783 4495 enim
846 4426 969 4491 sibi
1026 4427 1151 4509 ipsi
1212 4424 1517 4493 indicunt
1578 4426 1991 4491 innocentiae
2011 4477 2026 4504 ‚
2089 4426 2547 4496 continentiae.

575 4514 1056 4595 .virtutumque
1099 4512 1424 4589 omnium,
1482 4514 1595 4595 qui
1638 4513 1719 4577 ab
1762 4512 1967 4576 altero
2011 4512 2332 4576 rationem
2375 4512 2550 4576 vitae

603 4606 971 4680 reposcunt.
1060 4596 1343 4664 Ibidem:
1400 4596 1642 4664 Omnia
1683 4606 2010 4681 postremo
2051 4618 2216 4680 quae
2258 4595 2549 4663 vindiea-

603 4683 701 4749 ris
739 4683 812 4747 in
852 4683 1135 4749 alterum
1149 4736 1164 4762 ,
1211 4683 1345 4749 tibi·
1374 4684 1501 4767 ipsi
1545 4683 1969 4749 vehementer
2009 4681 2319 4767 fugienda
2372 4692 2546 4753 sunt.

601 4769 871 4835 Etenim
917 4791 1050 4835 non
1093 4768 1285 4835 modo
1329 4778 1679 4847 accusator,
1726 4767 1840 4834 scd
1877 4789 1959 4832 ne
1994 4770 2368 4853 obiurgator
2403 4768 2550 4851 qui-

605 4852 758 4921 dem
806 4853 1119 4921 ferendus
1167 4865 1269 4920 est
1321 4854 1381 4921 is
1433 4855 1549 4937 qui
1592 4852 1764 4937 quod
1804 4856 1875 4919 in
1918 4854 2122 4920 altero
2168 4853 2403 4920 vitium
2445 4872 2550 4917 re-

601 4939 983 5023 prehendit,
1037 4940 1108 5006 in
1152 4961 1228 5005 66
1271 4941 1411 5024 1966
1454 4938 1972 5022 reprehenditur.
2064 4938 2143 5007 Si
2197 4941 2401 5023 igitur
2443 4959 2551 5003 ac-

604 5034 869 5091 cusator
902 5036 969 5092 et
1006 5025 1211 5092 iudex
1244 5027 1315 5090 in
1349 5023 1577 5090 eadem
1621 5025 1866 5091 scelera
1896 5025 2347 5109 prolabuntur,
2386 5043 2553 5107 quae

604 5110 772 5176 alter
817 5116 965 5191 [pag.
1005 5116 1114 5192 49]
1160 5110 1244 5177 ad
1286 5132 1563 5195 poenam
1606 5109 1830 5191 defert,
1875 5111 2043 5177 alter
2077 5133 2288 5194 poena
2329 5108 2551 5186 afficit,

605 5195 767 5279 quid
810 5195 890 5263 de
933 5197 1077 5264 aliis
1120 5195 1559 5282 sperandum?

2166 3825 2397 3893 Cicero
2443 3846 2550 3892 ac—

2093 3924 2305 3977 terum
2320 3963 2335 3989 ,
2378 3910 2550 3976 iudi-

2249 298 2379 365 DE
2424 298 2969 372 CLEMENTIA

4518 300 4600 364 60

2834 484 3235 552 Peccavimus
3288 485 3526 575 omnes]
3585 488 3730 552 Iam
3787 508 3919 554 non
3964 486 4045 553 de
4088 486 4410 554 iudicibus
4454 493 4599 551 tan-
4657 497 4666 502 “

2656 579 2796 637 tum
2844 580 2957 636 aut
2999 573 3480 639 accusatoribus
3534 575 3955 655 pronunciat:
4014 572 4130 639 sed
4184 571 4471 639 ostendit
4511 572 4598 635 ir-

2655 656 2981 741 rogandas
3034 677 3278 739 poenas
3336 680 3477 724 6666
3538 659 3839 726 omnibus
3895 661 3952 726 61
4005 657 4396 725 vindicanda
4444 665 4602 724 sunt

2655 744 2950 808 omnium
2990 754 3268 825 peccata,
3313 765 3436 809 nec
3469 747 3670 809 finem
3701 746 3932 828 poenis
3965 743 4350 823 faciendum,
4397 743 4601 810 (161166

2656 847 2728 894 66
2770 849 3023 912 666666
3081 828 3281 895 iudex
3323 830 3553 894 ultimo
3612 831 3929 914 supplicio
3983 829 4326 896 addixerit.
4413 828 4601 894 Idem

2656 912 2910 980 Seneca
2950 914 3119 979 libro
3161 914 3443 980 secundo
3485 914 3567 981 de
3608 916 3748 981 Ira:
3797 917 3944 982 Hoc
3981 917 4164 994 scito,
4209 914 4602 981 tantundem

2655 1021 2796 1066 esse
2840 1001 3169 1148 rimorum,
3215 1010 3535 1083 quantum
3577 1001 3939 1067 hominum.
4028 1003 4123 1067 Et
4164 1001 4486 1067 Horatius
4528 1002 4600 1066 in

2654 1090 2860 1168 episto
2888 1087 2972 1150 is:

2878 1186 3018 1242 Nam
3053 1190 3195 1243 vitiis
3230 1205 3387 1243 661116
3425 1191 3539 1244 sine
3576 1191 3842 1250 nascitur:
3881 1191 4115 1259 optimus
4149 1190 4256 1258 ille,

2879 1256 2983 1323 Qui
3015 1258 3244 1313 minimis
3281 1267 3515 1325 urgetur.

2653 1342 2849 1407 Licet
2902 1364 3035 1407 non
3090 1343 3382 1408 omnium
3442 1342 3678 1410 delicta
3741 1345 3930 1427 paria
3984 1345 4119 1409 sint
4170 1355 4285 1410 aut
4341 1345 4599 1422 similia,

2652 1448 2879 1493 omnes
2941 1437 3164 1492 tamen
3229 1431 3658 1511 peccavimus,
3749 1430 3882 1494 Alii
3949 1427 4276 1494 destinata
4327 1430 4597 1510 malitia,

2654 1513 2767 1577 alii
2810 1513 3275 1590 inconstantia,
3332 1516 3442 1579 alii
3499 1516 3768 1598 gravius
3785 1567 3798 1591 ‚
3856 1515 3972 1580 alii
4027 1515 4252 1581 levius.
4343 1514 4602 1582 Seneca

2653 1599 2821 1663 libro
2865 1609 3100 1680 quarto
3144 1598 3223 1665 de
3263 1600 3640 1666 Beneficiis:
3688 1603 3931 1665 Omnia
3972 1601 4043 1665 in
4088 1601 4603 1667 omnibus=vitia

2654 1692 2837 1762 sunt,
2880 1682 3016 1750 ‘sed
3057 1705 3194 1749 non
3234 1687 3453 1751 omnia
3495 1697 3757 1752 exstant
3797 1688 3870 1750 in
3914 1687 4209 1769 singulis.
4298 1685 4488 1752 Idem
4527 1688 4603 1753 in

2653 1769 2782 1836 111.
2834 1768 2916 1834 de
2957 1770 3100 1835 Ira:
3157 1769 3407 1838 Omnes
3458 1772 3813 1838 inconsulti
3854 1781 3924 1837 et
3963 1772 4312 1854 improvidi
4354 1795 4601 1839 sumus.

2656 1853 2908 1919 Omnes
2951 1856 3203 1933 incerti,
3250 1857 3508 1939 queruli
3526 1909 3540 1936 ,
3587 1857 3926 1923 ambitiosi.
4019 1857 4196 1938 Quid
4249 1857 4601 1925 levioribus

2656 1940 2874 2018 verbis
2917 1940 3107 2007 ulcus
3149 1941 3481 2025 publicum
3536 1943 3902 2009 abscondo?
3994 1943 4245 2009 Omnes
4289 1943 4444 2008 mali
4488 1966 4603 2009 su-

2656 2047 2821 2091 mus.
2926 2025 3264 2109 Quidquid
3324 2029 3540 2111 itaque
3603 2030 3674 2092 in
3739 2030 3865 2094 alio
3930 2028 4433 2112 reprehenditur
4449 2080 4464 2107 ‚
4533 2028 4605 2094 id

2656 2113 3106 2194 unusquisque
3156 2113 3230 2176 in
3283 2134 3399 2179 suo
3445 2115 3594 2179 sinu
3637 2115 3944 2180 inveniet.
4034 2113 4433 2180 Placidiores
4476 2116 4604 2180 ita·

2658 2219 2785 2279 que
2828 2199 3109 2264 invicem
3153 2199 3388 2264 simus:
3435 2200 3593 2264 mali
3632 2200 3809 2264 inter
3851 2200 4057 2265 malos
4080 2201 4382 2266 vivimus.
4448 2200 4608 2266 Una

2657 2303 2763 2348 res
2785 2293 3000 2366 potest
3027 2285 3239 2349 facere
3262 2287 3532 2367 61116166,
3570 2300 3835 2349 mutuae
3869 2286 4196 2351 facilitatis
4233 2288 4602 2353 conventia

2831 2368 2941 2434 Em
2972 2368 3303 2456 destinato]
3349 2370 3432 2435 Id
3466 2384 3568 2437 est
3601 2371 3681 2435 de
3713 2370 4058 2451 industria,
4102 2369 4182 2437 de
4226 2373 4603 2455 composito,

2658 2452 2811 2529 data
2849 2476 3075 2537 opera,
3133 2454 3352 2519 dedita
3392 2478 3604 2539 opera,
3649 2458 3805 2534 sive,
3851 2464 3931 2521 ut
3970 2458 4248 2523 Plautus
4290 2456 4608 2541 loquitur,

2657 2539 2737 2604 ob
2781 2540 3205 2618 industriam,
3253 2541 3425 2623 quod
3467 2543 3663 2625 vulgo
3707 2540 3949 2607 dicitur
3990 2542 4070 2606 de
4113 2545 4446 2625 proposito
4487 2543 4608 2608 de-

2655 2624 2943 2691 liberato.
3012 2625 3368 2692 Suetonius
3410 2628 3482 2691 in
3523 2627 3850 2710 Caligula:
3895 2628 4204 2693 Militiam
4248 2650 4462 2712 neque
4497 2650 4608 2695 se-

2657 2710 2786 2775 mel
2834 2711 3066 2794 attigit,
3113 2733 3326 2795 neque
3371 2733 3456 2777 ex
3493 2713 3832 2779 destinato.
3924 2713 4177 2780 Seneca
4216 2715 4327 2780 lib.
4351 2715 4476 2780 VI.
4522 2714 4609 2780 de

2656 2797 3032 2874 Beneficiis:
3091 2798 3241 2863 Non
3286 2798 3462 2862 enim
3511 2801 3836 2882 profuisse
3890 2812 3956 2865 te
4010 2801 4172 2864 mihi
4228 2808 4485 2883 oportet
4531 2809 4612 2865 ut

2656 2881 2931 2965 obliger:
2980 2883 3094 2947 sed
3139 2905 3220 2947 ex
3267 2882 3586 2949 destinato
3629 2885 3968 2967 profuisse.
4060 2886 4485 2968 Tranquillus
4534 2888 4610 2951 in

2655 2967 2827 3032 Iulio
2881 2964 3426 3052 praepositionem
3482 2970 3728 3037 omisit:
3787 2972 4098 3038 Praemia
4149 2993 4286 3037 non
4341 2985 4610 3038 tantum

2657 3053 3008 3132 destinat0,
3080 3056 3193 3120 sod
3250 3078 3334 3120 ex
3388 3059 3720 3123 occasione
3787 3059 4103 3124 sumebat.
4193 3057 4611 3125 Adverbium

2657 3151 2771 3203 est.
2863 3139 2977 3207 Sic
3021 3142 3273 3224 antiqui
3317 3143 3688 3226 composito,
3736 3143 3905 3225 quod
3947 3144 4255 3209 dicimus:
4300 3143 4382 3209 de
4423 3166 4610 3210 eom-

2659 3226 2888 3308 posito.
2981 3226 3314 3311 Vergilius
3360 3229 3688 3294 Aeneidos
3729 3230 3849 3294 IL:

2862 3328 3172 3397 Composito
3208 3332 3353 3398 rupit
3387 3347 3590 3398 vocem,
3627 3340 3684 3384 et
3716 3347 3800 3385 me
3837 3332 4073 3386 destinat
4107 3348 4250 3387 arae.

2656 3412 2769 3479 Sic
2823 3436 2906 3479 ex
2958 3416 3290 3497 insperato
3307 3470 3322 3496 ,
3381 3424 3448 3481 et
3488 3418 3821 3500 insperato
3834 3469 3853 3497 ,
3912 3420 4054 3485 sine
4096 3420 4610 3502 praepositione,

2654 3507 3008 3583 utrumque
3043 3501 3217 3584 apud
3250 3504 3539 3579 Livium,
3584 3503 3872 3568 eiusdem
3907 3505 4184 3571 rationis
4220 3511 4337 3580 est,
4381 3512 4460 3569 ut
4499 3505 4608 3569 di-

2653 3587 2872 3651 ximus
2916 3586 3136 3653 dedita
3178 3609 3390 3672 opera.
3461 3588 3826 3654 Observavi
3869 3598 4095 3656 tamen
4128 3590 4303 3674 apud
4336 3589 4614 3657 Cicero-

2653 3692 2809 3736 nem
2860 3672 2970 3737 1111.
3013 3674 3103 3738 H.
3157 3674 3242 3738 ad
3289 3676 3601 3753 Atticum,
3650 3675 3868 3740 dedita
3910 3697 4110 3760 opera
4151 3677 4436 3760 positum
4480 3696 4615 3760 pro

2654 3779 2989 3841 expresse,
3047 3767 3126 3823 ut
3167 3759 3407 3843 vulgus
3464 3761 3770 3843 loquitur.
3860 3760 4083 3844 Quare
4127 3763 4209 3828 ad
4250 3762 4440 3841 illud,
4501 3764 4615 3828 111-

2655 3845 2826 3926 quit,
2873 3844 3082 3909 reden.
3174 3844 3353 3910 Cura
3406 3854 3481 3910 ut
3523 3848 3664 3912 eius
3706 3847 3802 3913 rei
3855 3868 4080 3927 causa,
4141 3847 4364 3913 dedita
4404 3869 4621 3931 opera

2653 3931 2875 3994 mittas
2908 3930 3195 4013 aliquem
3225 3939 3345 3996 etc.
3414 3931 3678 3999 Coelius
3709 3934 3875 3999 libro
3906 3943 4089 3998 sexto
4120 3932 4612 4017 Epistolarum:

2648 4014 2833 4089 ‚Data
2873 4036 3072 4098 opera
3115 4018 3343 4099 paravi
3386 4017 3499 4102 qui
3543 4018 3635 4084 sic
3677 4029 4178 4103 persequeretur
4217 4020 4440 4084 omnia
4481 4027 4616 4086 ete.

3374 4306 3676 4374 CAPUT
3724 4309 3881 4373 VII.

2834 4427 3140 4507 Quoniam
3204 4428 3460 4493 deomm
3520 4428 3642 4508 feci
3718 4430 4113 4508 mentionem,
4193 4431 4418 4510 optione
4498 4432 4624 4499 hoc

2654 4512 3001 4594 exemlam
3030 4507 3318 4595 prin'cipi
3359 4514 3754 4593 constituam,
3813 4516 3901 4580 ad
3942 4516 4105 4595 quod
4154 4516 4475 4597 formetur,
4539 4523 4624 4584 ut

2653 4618 2720 4663 se
2761 4598 2947 4662 talem
2987 4618 3119 4664 esse
3161 4598 3419 4677 61υῶ116,
3465 4599 3682 4680 quales
3721 4599 3847 4664 sibi
3886 4601 4045 4680 deos,
4088 4600 4248 4667 velit.
4323 4601 4627 4684 Expedit

2654 4705 2796 4767 eryo
2837 4683 3059 4748 habere
3103 4684 3520 4749 inexorabilia
3550 4685 3825 4765 peccatis
3879 4691 4062 4767 atque
4116 4687 4433 4753 erroribus
4488 4710 4624 4753 nu-

2654 4767 2880 4833 mina?
2946 4771 3192 4849 expedit
3249 4774 3401 4849 [pag.
3443 4773 3550 4848 50]
3616 4790 3811 4851 usque
3874 4773 3960 4837 ad
4022 4772 4309 4838 ultimam
4369 4773 4628 4856 {offe-sta

2642 4855 3036 4935 perniciem?
3102 4855 3193 4919 Et
3230 4857 3377 4937 quis
3416 4875 3631 4938 reyum
3668 4856 3785 4920 erit
3823 4861 4011 4936 Mus,
4050 4859 4231 4923 cuiue
4263 4878 4387 4924 non
4417 4879 4632 4926 mm-

2656 4938 2774 5004 bra
2816 4939 3136 5020 anaspices
3176 4940 3511 5023 colliyant?
3602 4940 3777 5022 Quod
3818 4944 3879 5007 si
3920 4943 4019 5007 dii
4051 4944 4396 5026 placabiles
4437 4954 4632 5029 sum,

2657 5030 2950 5105 maeque
2992 5025 3218 5092 delicta
3246 5027 3595 5106 potentium
3637 5048 3760 5092 non
3801 5028 4012 5094 statim
4053 5027 4432 5110 faminibus
4461 5052 4634 5112 per-

2657 5114 3028 5191 sequuntur,
3105 5116 3334 5192 quanto
3409 5113 3673 5193 aequem
3738 5119 3828 5179 est
3890 5113 4198 5180 hominem
4257 5115 4638 5185 Iamne-sibus

2648 5196 3110 5278 praepositum,
3162 5196 3307 5262 miti
3345 5197 3557 5262 animo
3597 5198 3874 5266 exercere
3915 5200 4301 5282 asperima?
4351 5208 4408 5266 et
4447 5207 4638 5286 6696-

3028 5394 3040 5428 1
