4984 5975
369 330 489 394 157

367 516 501 584 reri
555 525 940 599 coeperunt,
989 519 1104 602 agi
1155 520 1288 583 iam
1343 540 1484 594 rem
1547 540 1739 584 suam
1793 519 2202 596 existimant,
2253 530 2317 587 et

367 604 538 668 sicut
601 611 898 667 amantes
979 602 1058 668 de
1130 605 1376 669 forma.
1432 602 1725 670 iudicare
1810 625 1946 670 non
2027 618 2317 688 possunt,

367 688 521 771 quia
564 708 832 770 sensum
875 688 1210 754 oculorum
1254 691 1497 772 premit
1531 711 1739 755 amor:
1784 690 1881 755 ita
1914 712 2173 756 omnem
2212 695 2316 757 in·

365 771 726 857 quirendae
778 774 1075 840 veritatis
1126 776 1449 841 rationem
1502 776 1700 841 iudex
1758 777 2002 841 amittit
2044 797 2319 862 occupa-

368 868 479 924 tus
523 859 890 924 affectibus:
945 869 1137 925 aestu
1177 861 1407 936 fertur,
1454 869 1520 925 et
1562 862 1745 926 velut
1786 861 2015 944 rapido
2057 863 2317 928 flumini

368 945 769 1028 obsequitur.
866 942 1155 1029 Ideoque
1206 955 1282 1010 ut
1334 946 1506 1011 idem
1561 945 2013 1026 Quintilianus
2085 950 2318 1033 recitat

365 1028 534 1096 libro
578 1030 690 1094 V.:
759 1030 1066 1095 Fuerunt
1113 1039 1183 1096 et
1234 1031 1389 1097 clari
1444 1031 1707 1116 quidam
1766 1040 2029 1098 autores
2082 1034 2317 1116 quibus

289 1195 294 1198 ,
367 1115 703 1181 videretur
754 1115 967 1180 solum
1011 1118 1285 1182 oratoris
1328 1118 1613 1183 officium
1629 1168 1645 1193 ,
1691 1116 1939 1183 docere.
2016 1118 2317 1201 Namque

365 1201 640 1268 affectus
682 1200 922 1283 duplici
965 1204 1220 1268 ratione
1263 1202 1704 1269 excludendos
1748 1203 2082 1286 putabant.
2163 1206 2314 1270 Pri-

367 1308 552 1353 mum
567 1338 584 1364 ,
641 1287 796 1370 quia
850 1287 1086 1353 vitium
1142 1301 1318 1353 esset
1367 1289 1581 1354 omnis
1634 1289 1837 1353 animi
1893 1290 2314 1372 perturbatio.

364 1370 657 1448 Deinde,
715 1372 868 1455 quia
922 1373 1204 1440 iudicem
1258 1396 1298 1440 a
1340 1376 1614 1439 veritate
1658 1374 1895 1457 depelli
1948 1376 2315 1442 misericor-

363 1456 494 1538 dia,
539 1458 650 1523 vel
693 1461 822 1536 ira,
870 1458 1320 1543 similibusque
1362 1481 1497 1525 non
1539 1469 1811 1543 oportet.
1901 1461 1984 1525 In
2029 1461 2312 1527 eundem

367 1548 516 1624 [pag.
571 1548 716 1623 152]
762 1565 1026 1610 sensum
1065 1545 1579 1610 misericordiam
1632 1543 1864 1611 definit
1903 1548 2316 1630 Augustinus

363 1628 531 1695 libro
572 1628 701 1694 lx.
760 1628 840 1694 de
895 1628 1198 1708 Oivitate,
1253 1631 1406 1697 licet
1457 1631 1602 1696 aliis
1657 1633 1891 1698 verbis.
1972 1631 2156 1712 Quid
2199 1655 2314 1698 au-

363 1723 502 1780 tem
546 1723 677 1790 est,
720 1715 961 1797 inquit,
1006 1716 1478 1793 misericordia,
1534 1717 1662 1782 nisi
1720 1717 1972 1783 alienae
2014 1720 2315 1784 miseriae

362 1801 436 1865 in
477 1809 701 1867 nostro
745 1799 942 1866 corde
985 1804 1364 1885 compassio,
1408 1822 1536 1885 qua
1578 1804 1806 1886 utique
1847 1805 1902 1869 si
1941 1824 2311 1887 possumus,

365 1886 713 1952 subvenire
758 1886 1091 1970 cogimur?

537 1989 884 2072 Aegritudo
941 1991 1012 2055 in
1062 1987 1428 2077 sapientem]
1492 1989 1859 2075 Aegi-itudo
1873 2041 1888 2067 ,
1959 2002 2032 2055 ut
2085 1991 2315 2057 definit

364 2073 597 2140 Cicero
654 2073 819 2139 libro
861 2074 981 2140 IV.
1030 2075 1555 2141 Tusculanarum
1577 2127 1591 2153 ,
1660 2086 1759 2141 est
1818 2077 2037 2159 opinio
2086 2098 2313 2144 recens

363 2161 729 2241 praesentis
773 2159 946 2239 mali,
992 2162 1063 2225 in
1108 2182 1235 2243 quo
1279 2160 1559 2240 demitti,
1607 2161 2033 2244 contrahique
2077 2164 2312 2243 animo,

365 2253 618 2310 rectum
663 2267 804 2311 esse
845 2246 1170 2311 videatur.
1261 2247 1496 2329 Atque.
1524 2254 1600 2311 ut
1639 2248 1999 2331 aegrotatio
2053 2249 2123 2312 in
2172 2268 2316 2313 cor·

365 2351 541 2413 pore,
589 2330 805 2413 inquit
846 2329 1020 2397 idem
1066 2331 1229 2397 libro
1264 2331 1412 2410 111„
1459 2334 1552 2396 ita
1595 2331 1936 2416 aegritudo
1969 2333 2039 2396 in
2077 2333 2313 2413 anime,

361 2436 606 2481 nomen
651 2417 849 2482 habet
888 2438 1018 2482 non
1062 2429 1387 2483 semotum
1441 2439 1481 2482 a
1524 2416 1761 2484 dolore.
1850 2418 2169 2501 Reperias
2213 2427 2312 2483 ta-

363 2521 516 2566 men
569 2501 732 2566 haec
777 2501 908 2567 duo
952 2505 1154 2569 verba
1188 2524 1382 2586 saepe
1421 2505 1689 2570 confusa
1730 2504 1801 2569 in
1836 2504 2191 2582 autoribus,
2238 2513 2315 2570 ut

366 2587 568 2651 animi
645 2589 1009 2672 aegrotatio
1026 2640 1042 2667 ,
1124 2597 1191 2653 et
1260 2590 1550 2672 corporis
1625 2588 1965 2674 aegritudo
2041 2587 2313 2656 dicatur.

363 2673 713 2739 Terentius
755 2674 825 2738 in
869 2675 1302 2740 Phormione:

397 2772 630 2830 Matrem
665 2776 836 2844 ipsam
874 2793 942 2830 ex
978 2777 1309 2845 aegritudine
1345 2778 1591 2832 miseram
1627 2793 1773 2831 mors
1809 2785 2141 2846 consequuta
2177 2785 2279 2834 est.

365 2858 622 2925 Cicero:
683 2861 1030 2926 Definiunt
1083 2863 1283 2926 animi
1340 2862 1845 2945 aegrota-tionem
1864 2914 1879 2941 ,
1937 2863 2310 2946 opinionem

365 2946 828 3013 vehementem
884 2946 964 3013 de
1019 2968 1091 3013 re
1147 2970 1277 3013 non
1322 2947 1715 3031 expetenda,
1761 2957 2074 3033 tanquam
2121 2949 2312 3016 valde

363 3032 735 3116 expetenda
778 3034 878 3099 sit.
926 3034 1104 3100 Huic
1147 3042 1366 3099 autem
1401 3034 1816 3119 aegritudini,
1863 3044 1938 3099 ut
1972 3030 2073 3102 est
2107 3037 2312 3102 animi

362 3119 737 3196 contractio,
763 3121 1114 3203 opponitur
1137 3117 1565 3201 εὐγνωμοσύνη,
1580 3118 1645 3185 1(1
1672 3128 1789 3193 est,
1814 3122 2307 3204 aequanimitas.

540 3220 774 3286 Serena
826 3222 990 3286 enim
1043 3222 1181 3288 eius
1243 3240 1418 3287 mens
1465 3244 1496 3287 e
1650 3223 1782 3288 Hic
1828 3224 2027 3289 etiam
2082 3226 2312 3290 statuit

363 3307 676 3390 apathian
736 3315 803 3371 et
857 3305 1251 3388 ἀναλγησίαν,
1307 3317 1525 3391 11151111
1580 3331 1657 3373 118
1714 3309 1983 3392 prorsus
2036 3311 2308 3376 affectus

361 3393 723 3476 sapientem
787 3402 1035 3476 tangat.
1147 3391 1341 3474 Quod
1395 3413 1482 3458 an
1531 3414 1768 3460 verum
1832 3396 1950 3474 sit,
2018 3416 2151 3460 non
2208 3405 2310 3461 est

358 3477 561 3542 huius
622 3478 935 3561 propositi
1010 3478 1359 3627 dilsputare.
1460 3480 1644 3564 Lege
1718 3480 2004 3546 rationes
2070 3480 2308 3564 quibus

361 3564 668 3629 nituntur
722 3562 851 3629 111.
917 3573 983 3628 et
1157 3614 1171 3628 .
1230 3565 1750 3630 Tusculanarum
1820 3564 2156 3631 Ciceronis
2240 3574 2309 3630 et

361 3647 606 3714 librum
651 3647 941 3715 Senecae
986 3649 1066 3716 de
1108 3649 1236 3716 Ira.

534 3749 803 3817 Mesatem
869 3750 1112 3817 obducit
1172 3758 1229 3818 et
1288 3753 1616 3836 contrahit]
1700 3753 2066 3819 Hominum
2130 3755 2307 3820 enim

361 3838 566 3902 animi
590 3843 670 3901 ut
689 3834 1147 3906 diffunduntur
1170 3838 1440 3917 laetitia,
1473 3839 1568 3904 ita
1589 3838 2074 3905 contrahuntur
2094 3841 2306 3925 aegri-

361 3922 616 3988 tudine.
673 3921 903 3991 Oicero
927 3923 1452 3991 Tusculanarum
1473 3925 1625 3990 l'V.:
1661 3924 1912 3990 Eodem
1948 3927 2124 3990 enim
2149 3926 2306 3992 vitio

359 4020 464 4073 est
499 4006 730 4074 effusio
765 4009 968 4074 animi
1002 4010 1074 4073 in
1108 4009 1396 4088 laetitia„
1414 4030 1541 4093 quo
1564 4010 1639 4074 in
1674 4009 1894 4076 dolore
1930 4012 2305 4077 conti-actia

359 4092 548 4159 Idem
592 4093 665 4158 in
707 4093 964 4159 Laelio:
1021 4095 1116 4161 Ut
1165 4093 1355 4160 bonis
1406 4096 1598 4161 amici
1651 4096 1836 4179 quasi
1881 4095 2303 4176 diffundatur,

359 4188 426 4245 et
483 4177 912 4246 incommodis
965 4180 1410 4246 contrahatur.
1501 4181 1705 4247 Libro
1747 4181 1800 4245 Ι.
1855 4181 2305 4264 Epistolarum

360 4264 443 4331 ad
500 4262 828 4345 Quintum
883 4266 1180 4332 statrem:
1247 4266 1350 4331 Ne
1407 4266 1756 4332 contrahas
1822 4274 1938 4332 aut
2002 4267 2305 4334 demit-tas

361 4351 685 4429 animum,
729 4372 897 4419 neve
943 4359 1006 4417 te
1049 4351 1238 4419 obrui
1279 4362 1592 4434 tanquam
1635 4354 1866 4431 fluctu,
1913 4352 2007 4417 sic
2049 4373 2304 4436 magni·
2344 4392 2352 4411 ,

359 4435 589 4502 tudine
641 4438 886 4521 negotii
953 4436 1240 4520 patiaris.
1342 4436 1599 4503 Gellius
1662 4438 1827 4504 libro
1883 4435 2112 4503 XIX:
2181 4435 2307 4503 Sa-

360 4522 603 4606 pientis
657 4522 948 4587 animum
1003 4523 1338 4606 paulisper
1389 4524 1641 4589 moveri
1659 4574 1675 4601 ,
1734 4533 1830 4595 et,
1857 4523 2190 4604 contrahi,
2236 4532 2304 4590 et

497 4602 717 4674 escere
758 4628 1098 4675 necessum
1142 4617 1262 4675 est.
1351 4607 1694 4701 Obduoere
1736 4607 1922 4689 dixit,
1966 4610 2154 4692 quasi
2188 4631 2305 4676 ne-

406 4693 535 4758 ulis
578 4693 1022 4760 obtenebrare.

537 4796 624 4862 In
643 4797 926 4877 eapedito
957 4798 1288 4864 concilim
1316 4796 1520 4880 habet]
1567 4795 1824 4863 Seneca
1852 4794 1937 4862 ad
1969 4796 2302 4862 Lucilium

365 4880 532 4948 libro
575 4880 697 4948 X.:
744 4882 1107 4949 Consilium
1149 4883 1271 4948 sub
1326 4878 1430 4947 die
1479 4883 1661 4949 nasci
1716 4880 1936 4960 debet,
1991 4883 2125 4946 imo
2180 4881 2302 4947 sub

367 4967 544 5033 hora.
643 4967 790 5032 Hoc
840 4989 1094 5053 quoque
1146 4968 1344 5033 nimis
1397 4968 1664 5033 tardum
1717 4976 1847 5034 est:
1902 4966 2024 5034 sub
2076 4988 2299 5047 manu,

367 5066 444 5119 ut
481 5055 698 5129 aiunt,
752 5054 1096 5120 consilium
1147 5060 1471 5119 nascatur.
1798 5061 1829 5118 t
1880 5061 2098 5120 autem
2148 5074 2300 5119 con·

364 5139 584 5205 silium
627 5150 1004 5224 promptum
1046 5148 1114 5204 et
1154 5137 1533 5222 expeditum
1577 5140 1665 5204 ha
1744 5161 1835 5219 re,
1879 5148 1947 5205 et
1986 5140 2301 5221 passioni·

363 5225 559 5293 nibus
601 5232 1054 5293 mannum
1104 5224 1228 5309 agi.
1315 5222 1492 5289 Illud
1544 5225 1721 5290 enim
1771 5225 2091 5291 rationem
2132 5223 2301 5291 ‹lesi-

1805 330 2096 396 LIBER
2136 331 2228 397 II.
2315 330 2622 398 CAPUT
2664 330 2748 396 V.
2794 327 2916 394 VI.

4250 335 4371 396 158

2422 516 2611 583 derat
2667 518 2831 583 bene
2870 518 3313 600 compositam,
3360 517 3486 582 hae
3529 537 3679 583 cum
3722 517 3974 583 ratione
4004 529 4193 584 stare
4232 539 4371 584 non

2421 613 2710 687 possunt.

3163 891 3466 959 CAPUT
3510 893 3629 958 VI.

2610 1030 2756 1095 Volo
2794 1032 3001 1113 facere
3043 1030 3252 1108 libens,
3293 1051 3454 1111 quae
3496 1032 3665 1095 alius
3708 1033 3919 1097 animo
3950 1032 4153 1113 faciet.
4222 1033 4372 1098 Suc-

2420 1121 2624 1181 curret
2677 1116 2908 1183 alienis
2963 1116 3287 1198 lacrymis,
3344 1137 3467 1181 non
3523 1118 3772 1182 accedet.
3860 1117 4057 1182 Dabit
4109 1139 4371 1183 montom

2419 1202 2731 1285 naufrayo
2750 1252 2764 1280 ,
2829 1203 3036 1267 exsuli
3086 1200 3426 1282 hospitium
3441 1252 3455 1280 ‚
3515 1204 3709 1285 eyenti
3744 1204 3991 1283 stipem,
4048 1224 4171 1269 non
4211 1204 4371 1270 hanc

2418 1287 2935 1365 contumeliosam,
2984 1308 3113 1367 qua
3144 1307 3310 1367 pars
3344 1290 3550 1352 maior
3589 1288 3811 1353 horum
3853 1290 3965 1370 qui
4018 1309 4084 1353 se
4124 1291 4372 1355 miseri-

2419 1375 2628 1438 cordes
2680 1373 2884 1438 videri
2933 1374 3169 1451 volunt,
3236 1374 3449 1438 abiicit
3504 1379 3559 1439 et
3607 1374 3856 1453 fastidit
3897 1396 4050 1457 quos
4087 1376 4369 1453 adiuvat,

2419 1460 2806 1540 continyique
2849 1458 2928 1523 ab
2971 1457 3074 1524 his
3106 1460 3301 1523 timet:
3343 1461 3451 1524 sed
3494 1465 3567 1524 ut
3606 1459 3783 1525 homo
3825 1459 4059 1525 homini
4095 1481 4173 1525 ex
4214 1481 4370 1526 coni-

2417 1546 2598 1608 1111ιηὶ
2659 1544 2848 1609 dabit.
2953 1544 3231 1610 Donabit
3296 1549 3451 1622 [pag.
3500 1550 3645 1623 153]
3715 1545 4013 1628 lacrymis
4065 1547 4369 1612 nmteruis

2415 1631 2640 1712 filium,
2688 1635 2744 1695 et
2785 1634 3037 1696 catenas
3077 1629 3236 1695 solvi
3280 1629 3534 1708 iubebit,
3580 1637 3637 1696 et
3678 1632 3827 1696 ludo
3868 1632 4125 1710 emanet,
4172 1637 4228 1696 et
4268 1652 4369 1696 ca—

2415 1717 2608 1782 daver
2647 1716 2837 1780 etiam
2878 1717 3141 1780 noxium
3180 1716 3443 1796 sepeliet.
3499 1717 3593 1781 At
3630 1717 3817 1798 faciet
3854 1719 3980 1781 ista
4022 1717 4371 1799 tranquilla

2416 1806 2627 1878 mite,
2671 1800 2846 1866 vultu
2884 1821 3015 1865 suo.
3104 1799 3277 1883 Eryo
3320 1822 3443 1865 non
3487 1802 3879 1868 miserebitur
3919 1804 4205 1885 sapiens,
4260 1804 4371 1869 sed

2417 1893 2763 1965 succurret,
2808 1887 2919 1952 sed
2948 1887 3243 1967 proderit
3256 1937 3270 1964 ,
3328 1887 3398 1950 in
3439 1907 3758 1954 cmnmune
3800 1881 4120 1953 auxilium
4161 1893 4368 1966 natus,

2418 1992 2494 2038 ac
2517 1972 2846 2053 publicum
2878 1972 3129 2050 bonum,
3157 1993 3235 2037 ea:
3269 1993 3389 2053 quo
3420 1974 3594 2038 dabit
3625 1976 3847 2055 cuique
3870 1980 4149 2055 partem.-
4183 1975 4369 2039 etiam

2417 2058 2504 2122 ad
2545 2059 2939 2122 calamitosos
2969 2077 3096 2138 pro
3124 2060 3416 2138 portione
3448 2060 3907 2141 improbando&
3952 2065 4011 2123 et
4043 2060 4368 2125 mandan-

2417 2143 2532 2207 dos
2554 2143 2879 2207 bonitatem
2920 2164 3104 2207 suam
3135 2145 3467 2224 permittet.
3552 2145 3831 2227 Afflictis
3863 2165 4003 2210 vero
4044 2152 4100 2210 et
4137 2146 4371 2227 fortius

2415 2228 2842 2293 laborantibus
2883 2229 3075 2293 multo
3115 2229 3405 2294 libentius
3423 2231 3749 2295 subveniet.
3777 2233 3828 2314 ¹)
3879 2232 4172 2312 Quotiens
4200 2237 4371 2311 pote-

2414 2315 2528 2391 rit,
2568 2314 2858 2395 fortunae
2898 2315 3236 2378 intercedet.
3343 2314 3468 2379 Ubi
3509 2318 3676 2379 enim
3718 2315 3941 2396 opibus
3971 2318 4189 2396 potius·
4226 2323 4366 2381 uta-

2415 2404 2521 2463 tur
2562 2404 2673 2463 aut
2714 2398 2987 2476 viribus,
3040 2419 3233 2480 quam
3275 2399 3362 2463 ad
3399 2402 3781 2465 restituenda
3825 2422 3984 2481 quae
4023 2422 4210 2467 casus
4251 2403 4367 2466 im-

2408 2485 2628 2568 pulit?
2698 2485 2949 2549 Vultum
2990 2485 3236 2566 quidem
3279 2505 3402 2549 uon
3439 2487 3699 2565 deiiciet,
3722 2506 3829 2550 nec
3851 2488 4151 2551 animum.
4214 2486 4364 2552 Cae-

2414 2575 2616 2636 terum
2658 2570 2942 2636 omnibus
2996 2571 3210 2653 diynis
3241 2572 3551 2652 proderit,
3596 2577 3654 2635 et
3695 2572 3950 2637 deorum
3987 2592 4156 2637 more
4194 2574 4364 2638 cala-

2416 2658 2668 2721 mitosos
2708 2658 3030 2738 propitius
3095 2658 3393 2737 respiciet.
3498 2656 3950 2723 Misericordia
4011 2658 4220 2723 vicina
4274 2663 4363 2723 est

2414 2742 2736 2820 miseriae,
2791 2741 2970 2807 habet
3010 2743 3176 2806 enim
3218 2743 3469 2823 aliquid
3510 2743 3825 2824 trahitque
3865 2762 3942 2807 ex
3982 2765 4072 2808 ca.
4162 2742 4361 2808 Imbe-

2414 2827 2588 2892 cilles
2637 2827 2842 2893 oculos
2896 2848 3029 2893 esse
3078 2829 3276 2907 scias,
3328 2829 3441 2910 qui
3481 2829 3570 2893 ad
3609 2829 3885 2893 alienam
3923 2829 4363 2911 lippitudinem

2414 2918 2470 2977 et
2521 2914 2652 2995 ipsi
2709 2913 3191 2996 suffunduntur,
3265 2920 3394 2978 tam
3446 2913 3779 2979 mehercule
3830 2935 4021 2996 quam
4082 2914 4362 2980 morbum

2414 3020 2573 3078 esse,
2630 3020 2755 3065 non
2811 3000 3190 3066 hilaritatem
3204 3050 3218 3079 ,
3272 3021 3514 3081 semper
3567 3001 3852 3066 arridere
3891 3001 4252 3082 ridentibus,
4307 3007 4364 3065 et

2413 3086 2500 3150 ad
2552 3087 2831 3150 omnium
2883 3087 3301 3150 oscitationem
3364 3087 3575 3167 ipsum
3638 3107 3877 3167 quoque
3927 3108 3997 3152 os
4052 3088 4358 3153 diducere.

2415 3170 2882 3251 Misericordia,
2924 3173 3147 3236 vitium
3186 3177 3274 3237 est
3308 3173 3661 3236 animorum
3704 3174 3898 3238 nimis
3928 3173 4221 3238 miseriae
4260 3172 4361 3254 fa-

2413 3259 2718 3322 ventium.-
2772 3277 2964 3337 quam
3014 3259 3076 3321 si
3128 3259 3273 3337 quis
3334 3280 3377 3321 a
3422 3259 3703 3338 sapiente
3756 3259 3979 3341 eoeiyit,
4022 3279 4222 3340 prope
4273 3263 4363 3323 est

2412 3347 2480 3406 ut
2524 3342 3019 3407 lamentationem
3055 3343 3281 3425 eatiyat,
3329 3348 3383 3407 et
3423 3344 3490 3407 in
3534 3344 3762 3408 alienis
3800 3344 4130 3424 funeribus
4167 3345 4360 3426 yemi-

2410 3434 2530 3493 tus,
2626 3429 2717 3491 At
2772 3448 2969 3508 quare
3021 3447 3140 3491 non
3198 3430 3467 3511 iynoscet
3518 3429 3799 3492 vacuus?
3899 3428 4361 3493 Constituamus

2409 3532 2851 3593 nuncquoque
2899 3513 4362 3593 quidsitvenia,utsciamusdariillama

2409 3599 2686 3680 sapiente
2726 3618 2847 3663 non
2889 3597 3115 3663 debere.
3199 3599 3398 3665 Venia
3445 3603 3535 3665 est
3568 3619 3803 3681 poenae
3845 3599 4102 3663 meritae
4142 3598 4361 3662 remis—

2410 3685 2522 3749 sio.
2600 3683 2784 3749 Hanc
2837 3684 3091 3764 sapiens
3142 3705 3340 3765 quare
3403 3705 3527 3748 non
3583 3684 3793 3748 debeat
3847 3684 4029 3761 dare,
4099 3683 4361 3747 reddunt

2408 3771 2712 3834 rationem
2752 3771 3013 3849 diutius,
3056 3770 3281 3849 quibus
3317 3770 3426 3835 hoc
3456 3770 3850 3851 propositum
3890 3773 3994 3833 est.

2585 3887 2915 3954 Succurret
2970 3888 3197 3954 alienis
3240 3890 3563 3972 lacrymiS,
3618 3909 3738 3952 non
3781 3886 4040 3969 accedet]
4095 3887 4243 3952 Hac
4285 3908 4357 3952 re

2407 3975 2819 4057 potissimum
2873 3975 3235 4057 sapientem
3293 3996 3485 4040 suum
3535 3974 3786 4040 censeri
3840 3973 4073 4039 volunt
4129 3970 4353 4052 Stoici,

2410 4060 2466 4125 si
2511 4060 2697 4125 velut
2739 4081 2820 4125 ex
2867 4059 3229 4125 editissima
3273 4081 3422 4127 arce
3475 4060 3805 4124 fortunam
3847 4065 4097 4141 spectet
4138 4058 4208 4123 in
4252 4080 4356 4123 re-

2409 4146 2530 4211 bus
2575 4146 2881 4210 humanis
2926 4145 3278 4225 ludentem,
3320 4153 3388 4210 et
3429 4144 3597 4208 nihil
3638 4143 3721 4209 ad
3764 4165 3835 4209 se
3877 4144 4203 4228 pertinere
4247 4165 4354 4209 ca-

2408 4254 2520 4298 sus
2575 4253 2726 4298 suos
2782 4240 2896 4296 aut
2950 4231 3196 4297 alienos
3250 4252 3323 4296 re
3369 4236 3541 4294 utet:
3595 4250 3730 4295 non
3797 4228 4014 4295 doleat
4072 4230 4129 4295 si
4197 4227 4356 4313 quid

2409 4319 2535 4384 sibi
2578 4338 2811 4402 parum
2872 4316 3117 4382 laetum
3163 4318 3297 4382 acci
3343 4316 3493 4381 erit:
3548 4337 3668 4381 1100
3711 4316 3988 4380 aliorum
4040 4314 4353 4399 lacrymis

2407 4404 2867 4487 compatiatur:
2928 4402 3042 4467 sed
3085 4403 3238 4485 quia
3292 4403 3361 4467 in
3403 4421 3748 4467 commune
3802 4401 4046 4466 bonum
4090 4401 4354 4485 genitus

2408 4500 2526 4569 ost,
2563 4488 2798 4573 quibus
2839 4496 3055 4571 potest
3086 4509 3277 4571 opem
3311 4487 3561 4564 afferat,
3607 4494 3675 4552 et
3706 4508 3868 4569 quos
3910 4493 4125 4569 potest
4157 4506 4356 4569 opera

2406 4582 2474 4639 et
2516 4573 2845 4640 industria
2886 4594 3009 4643 sua
3050 4572 3361 4639 sublevet.

2578 4675 2782 4741 Dabit
2834 4697 3093 4742 manum
3145 4674 3482 4758 naufrayo]
3539 4673 3623 4739 Id
3664 4683 3767 4741 est
3816 4696 4088 4739 manum
4142 4674 4353 4758 porri-

2405 4771 2534 4845 get,
2581 4768 2658 4826 ut
2699 4761 2796 4826 illi
2841 4762 3213 4838 auxilietur,
3254 4758 3426 4842 quod
3466 4760 3870 4845 frequentius
3914 4760 4151 4825 dicitur
4286 4782 4350 4824 r-

2402 4847 2637 4933 rigere.
2728 4845 3178 4928 Quintilianus
3232 4846 3305 4910 in
3357 4846 3579 4947 Aegro
3632 4845 3996 4930 redempto:
4055 4843 4133 4911 Si
4232 4865 4351 4910 1108

2402 4933 2651 5017 pariter
2693 4934 3038 5017 naufragia
3079 4940 3415 5013 raperent,
3472 4932 3571 4997 illi
3612 4934 4012 5016 porrigerem
4054 4950 4348 5008 manum,

2404 5116 2741 5125 —-—--.-.-—.—
2766 5116 2805 5122 .-

2544 5240 2602 5308 1)
2641 5238 2782 5294 fida.
2818 5238 3143 5301 recentiores
3173 5253 3383 5294 omna.-
3417 5239 3677 5296 subvenit.
