4984 5975
636 300 758 363 199

809 485 957 550 Hoc
978 485 1174 551 etiam
1197 485 1584 550 acerrimum
1616 483 1818 548 telum
1854 489 1955 548 est
1988 489 2212 548 eontra
2242 503 2369 561 eos,
2406 481 2578 564 quod

633 592 1018 654 responsum
1039 581 1136 636 est
1158 569 1398 635 latroni
1430 569 1804 652 imploranti
1837 565 2348 634 misericordiam
2383 567 2579 652 (Luc.

638 659 741 735 23,
780 660 860 719 42
896 655 1029 740 ss.).
1117 655 1495 740 Rogaverat
1534 654 1674 733 ille,
1723 655 2058 719 Memento
2097 654 2227 718 mei
2270 653 2575 732 Domine,

638 740 792 805 dum
825 741 1082 806 veneris
1127 742 1196 805 in
1238 761 1516 825 regnum
1549 747 1754 806 tuum.
1805 738 2029 818 Audit,
2073 738 2289 803 Hodie
2319 760 2578 805 mecum

637 826 767 892 eris
809 827 881 890 in
924 825 1243 910 paradiso.
1332 825 1456 890 Ille
1502 846 1574 891 se
1618 826 1978 890 affuturum
2021 824 2261 889 latroni
2305 824 2577 908 promit-

635 912 748 993 tit,
804 912 917 994 qui
959 911 1197 994 ubique
1238 920 1353 977 est.
1442 911 1536 976 Et
1592 910 1964 993 paradisum
2016 911 2371 994 promittit,
2423 910 2577 993 quia

636 998 795 1062 satis
841 995 1212 1062 delitiarum
1251 995 1479 1074 habet,
1539 997 1650 1078 qui
1691 997 1834 1061 Deo
1877 996 2132 1061 fruitur.
2221 996 2451 1078 Neque
2495 995 2575 1058 il-

632 1082 774 1146 lum
817 1082 1028 1148 reiicit
1067 1083 1139 1146 in
1180 1082 1449 1167 longam
1504 1081 1760 1146 dierum
1818 1082 2084 1160 seriem,
2142 1079 2256 1146 sed
2308 1102 2383 1146 eo
2434 1082 2576 1163 ipso

637 1166 741 1232 die
795 1177 992 1233 vocat
1048 1167 1130 1242 ad
1190 1167 1448 1232 delitias
1506 1168 1692 1251 regni
1746 1168 1866 1232 sui.
1956 1167 2249 1233 Iactatur
2299 1167 2576 1231 istorum

634 1252 972 1333 cavillum,
1035 1274 1160 1336 quo
1203 1252 1454 1319 Christi
1495 1253 1770 1318 verbum
1815 1251 2104 1317 eludunt.
2191 1251 2414 1330 Unus,
2473 1253 2576 1315 in-

572 1361 581 1382 ·
634 1339 899 1422 quiunt,
957 1337 1094 1403 dies
1146 1339 1315 1403 siout
1366 1337 1548 1402 mille
1589 1339 1764 1416 anni,
1813 1338 1884 1402 in
1925 1329 2279 1420 co’nspectu
2324 1338 2462 1402 eius
2510 1339 2574 1436 (2

635 1424 812 1489 Petr.
853 1427 910 1502 3,
948 1424 1037 1506 8).
1127 1422 1260 1489 Sed
1314 1445 1446 1487 non
1501 1422 1943 1488 meminerunt
1995 1421 2212 1488 Deum
2272 1422 2578 1487 humams

633 1509 933 1575 sensibus
975 1530 1043 1573 se
1087 1509 1599 1588 accommodare,
1655 1509 1906 1590 quoties
1947 1507 2322 1573 hominibus
2365 1508 2577 1590 loqui-

633 1601 761 1658 tur.
850 1594 1076 1677 Neque
1118 1596 1348 1678 legunt
1391 1592 1565 1658 diem
1622 1599 1738 1673 [fol.
1779 1599 1887 1673 21]
1940 1615 2144 1658 unum
2186 1594 2256 1657 in
2299 1593 2577 1676 scriptu-

631 1680 725 1744 ris
768 1681 1069 1762 positum,
1114 1702 1233 1764 pro
1276 1679 1457 1744 mille
1502 1680 1708 1744 annis.
1801 1678 1969 1759 Quis
2021 1679 2189 1743 ferat
2242 1677 2422 1742 hunc
2473 1679 2576 1742 in-

631 1773 1002 1847 terpretem,
1050 1767 1162 1848 qui
1205 1786 1408 1848 quum
1453 1764 1735 1829 audierit
1774 1786 1859 1829 ex
1895 1764 2055 1842 Deo,
2101 1763 2345 1847 aliquid
2378 1762 2575 1828 hodie

627 1851 956 1929 futurum,
1003 1852 1242 1936 cogitet
1284 1871 1606 1915 annorum
1649 1849 1898 1914 millia?
1989 1852 2098 1914 An
2144 1870 2328 1927 vero,
2374 1870 2575 1933 quum

628 1936 943 2001 Ninivitis
967 1936 1162 2001 Ionas
1200 1935 1641 2014 denunciaret,
1678 1935 1918 2001 Adhuc
1952 1934 2382 2020 quadraginta
2417 1935 2573 2012 dies,

630 2029 696 2086 et
739 2022 983 2086 Ninive
1039 2022 1485 2089 subvertetur:
1542 2029 1845 2104 poterant
1885 2020 1983 2084 illi
2026 2028 2403 2103 exspectare
2444 2020 2575 2085 Dei

629 2106 943 2173 iudicium
988 2128 1229 2186 secure,
1277 2106 1482 2171 donec
1518 2105 1907 2191 quadragies
1941 2106 2122 2171 mille
2158 2107 2312 2172 anni
2349 2106 2574 2170 efflue-

629 2191 824 2257 rent?
914 2192 1143 2274 Neque
1199 2192 1322 2258 hoc
1379 2213 1578 2258 sensu
1634 2192 1799 2256 dixit
1842 2193 2080 2257 Petrus
2131 2191 2315 2256 mille
2368 2211 2574 2256 annos

628 2278 697 2341 in
730 2288 1077 2361 conspectu
1111 2277 1238 2343 Dei
1275 2279 1447 2344 sieut
1478 2276 1652 2342 diem
1685 2299 1907 2342 unum.
1977 2275 2112 2343 Sed
2143 2299 2344 2360 quum
2378 2297 2573 2359 pseu-

630 2361 1069 2447 doprophetae
1090 2364 1286 2447 aliqui
1312 2363 1449 2428 dies
1473 2371 1537 2428 et
1560 2364 1756 2428 horas
1780 2371 2229 2447 supputarent,
2255 2371 2329 2427 ut
2350 2364 2572 2427 Deum

626 2448 950 2514 mendacii
996 2459 1365 2533 arguerent,
1411 2448 1523 2531 qui
1567 2471 1698 2513 non
1741 2448 1823 2513 ad
1869 2451 2153 2532 primum
2190 2469 2417 2513 eorum
2438 2463 2573 2513 'vo-

587 2542 772 2599 ‘tum
827 2536 1149 2617 promissa
1203 2536 1515 2600 solveret:
1577 2533 1882 2599 admonet
1937 2533 2108 2617 apud
2151 2534 2372 2598 Deum
2428 2555 2573 2599 esse

629 2620 1105 2698 aeternitatem,
1144 2621 1251 2686 cui
1285 2619 1465 2684 mille
1497 2621 1654 2683 ‘anni
1691 2621 1805 2684 vix
1842 2627 2002 2684 sunt
2035 2640 2243 2683 unum
2277 2639 2572 2684 momen-

625 2713 784 2770 tum.
876 2703 1202 2786 Quoniam
1247 2726 1402 2770 vero
1461 2705 1754 2769 sentiunt
1811 2725 1880 2770 se
1937 2705 2144 2769 teneri
2189 2704 2402 2770 adhuc
2444 2704 2572 2768 im-

624 2789 878 2872 plicitos
897 2842 910 2866 ,
956 2789 1387 2868 contendunt,
1435 2790 1656 2867 hodie,
1701 2790 1773 2852 in
1817 2789 2157 2871 seripturis
2203 2781 2572 2873 significare

626 2883 887 2957 tempus
939 2875 1091 2940 novi
1151 2875 1556 2952 testamenti,
1616 2876 1784 2940 sicut
1837 2874 1978 2939 heri
1995 2925 2009 2950 ,
2069 2875 2328 2940 veteris.
2417 2876 2572 2940 Huc

627 2965 930 3043 torquent
971 2959 1143 3042 quod
1185 2960 1256 3025 in
1298 2960 1571 3043 epistola
1625 2958 1708 3025 ad
1749 2959 2084 3026 Hebraeos
2137 2959 2405 3045 legitur:
2464 2959 2572 3026 Ie-

627 3067 740 3110 sus
786 3044 1097 3110 Christus
1138 3045 1302 3124 heri,
1350 3053 1415 3109 et
1456 3043 1681 3125 hodie,
1725 3047 1866 3128 ipse
1910 3047 1984 3110 in
2027 3046 2289 3112 saecula
2333 3046 2567 3129 (Hebr.

632 3135 727 3209 13,
766 3130 854 3214 8).
943 3130 1075 3196 Hic
1120 3151 1276 3198 vero
1331 3138 1465 3196 toto
1520 3130 1699 3197 coelo
1753 3140 1995 3196 errant.
2085 3131 2257 3197 Nam
2312 3132 2368 3197 si
2428 3131 2572 3196 heri

624 3223 885 3280 tantum
926 3216 1069 3293 fuit,
1116 3215 1461 3298 aliquando
1503 3217 1714 3300 coepit·
1747 3237 1889 3282 esse
1923 3217 2036 3300 qui
2068 3239 2203 3282 non
2240 3228 2382 3283 erat
2415 3228 2569 3282 ante

625 3302 886 3365 initium
930 3302 1171 3367 veteris
1214 3303 1610 3368 testamenti.
1677 3301 1809 3370 Ubi
1844 3303 1971 3367 erit
2004 3302 2194 3368 Iesus
2235 3302 2347 3367 ille
2382 3302 2569 3368 Deus

625 3393 949 3465 aeternus,
981 3388 1171 3452 iuxta
1203 3386 1676 3453 humanitatem
1713 3389 1909 3453 etiam
1931 3389 2406 3473 primogenitus
2429 3410 2568 3453 om-

621 3473 726 3536 nis
781 3480 1148 3551 creaturae,
1204 3479 1272 3538 et
1328 3494 1538 3557 agnus
1597 3475 1677 3539 ab
1734 3475 1830 3539 ori
1881 3474 1893 3487 “
1949 3493 1985 3537 6
2039 3474 2272 3538 mundi
2315 3474 2567 3540 occisus

624 3557 898 3640 (Coloss.
943 3563 997 3639 1,
1041 3563 1154 3638 153
1190 3560 1391 3641 Apoc.
1442 3563 1531 3638 13,
1572 3564 1627 3624 3.
1667 3559 1779 3640 8)‘.>
1914 3559 2124 3639 einde,
2173 3559 2230 3624 si
2263 3559 2456 3624 hodie
2500 3559 2567 3625 id

622 3644 931 3727 temporis
976 3642 1304 3728 designat,
1361 3644 1532 3727 quod
1576 3644 1923 3710 intercedit
1964 3636 2138 3710 inter
2183 3644 2354 3710 diem
2397 3645 2567 3710 iudi-

621 3728 705 3795 cii
751 3737 817 3794 et
851 3729 1100 3795 Christi
1144 3729 1639 3810 humanitatem,
1686 3729 2002 3797 habemus
2036 3730 2416 3814 paradisum
2452 3732 2568 3796 ob-

618 3822 980 3880 venturum
1023 3814 1264 3880 latroni
1308 3822 1462 3880 ante
1507 3837 1654 3880 eum
1703 3815 1892 3895 diem,
1940 3837 2065 3898 quo
2110 3836 2380 3900 surgere
2426 3818 2567 3881 ani-

617 3921 761 3964 mas
803 3920 844 3964 a
885 3922 1112 3966 somno
1162 3921 1281 3966 suo
1333 3900 1583 3966 docent.
1673 3907 1893 3984 Atque
1948 3903 2072 3978 ita,
2134 3922 2358 3967 eorum
2414 3923 2566 3967 oon-

617 3984 927 4064 fessione,
984 3986 1502 4069 extorquebitur,
1549 3986 1889 4070 impletam
1931 3987 2427 4070 promissionem
2469 3988 2566 4052 la-

619 4070 794 4133 troni
839 4068 1091 4149 datam,
1150 4079 1301 4137 ante
1353 4071 1698 4138 iudicium:
1746 4093 1972 4156 quam,
2033 4073 2161 4137 nisi
2205 4081 2356 4155 post
2395 4072 2566 4137 iudi-

619 4154 814 4231 cium,
860 4154 1257 4237 implendam
1302 4164 1562 4242 negant.
1629 4156 1821 4239 Quod
1866 4157 1924 4223 si
1968 4157 2240 4223 verbum
2284 4157 2444 4222 illud
2481 4156 2565 4224 ad

619 4250 880 4322 tempus
923 4240 1225 4321 trahunt,
1270 4243 1443 4325 quod
1485 4241 1799 4308 iudicium
1843 4243 2167 4326 sequitur:
2222 4265 2341 4310 eur
2383 4243 2567 4308 addit

616 4332 807 4390 autor
848 4325 1187 4407 epistolae,
1231 4329 1325 4392 Et
1365 4329 1434 4392 in
1480 4328 1780 4395 saecula?
1870 4330 2119 4411 Atque,
2175 4337 2254 4393 ut
2293 4329 2565 4413 palpare

611 4411 868 4494 possint
908 4432 1060 4476 suas
1103 4413 1432 4479 tenebras:
1480 4414 1535 4480 si
1577 4413 1964 4497 respiciebat
2006 4413 2315 4480 Christus
2371 4415 2442 4479 in
2487 4435 2566 4480 ea

614 4495 1040 4579 promissione
1077 4503 1335 4580 tempus
1367 4499 1619 4579 iudicii,
1656 4521 1792 4565 non
1826 4498 2052 4565 debuit
2086 4498 2301 4566 dicere
2344 4500 2595 4580 hodie„

617 4578 732 4647 sed
788 4582 1007 4646 futuro
1063 4583 1335 4649 saeculo.
1425 4583 1994 4666 Quemadmodum
2035 4585 2309 4665 Iesaias,
2358 4608 2562 4670 quum

615 4666 818 4732 vellet
860 4667 1228 4750 significare
1285 4671 1777 4737 resurrectionis
1831 4693 1896 4734 m
1949 4671 2250 4749 sterium,
2296 4673 2561 4738 vocavit

615 4751 982 4832 Christum,
1029 4762 1286 4837 patrem
1329 4754 1536 4819 futuri
1578 4756 1819 4823 saeculi
1862 4760 1887 4841 (
1929 4778 2014 4822 es.
2056 4760 2114 4835 9,
2153 4756 2240 4840 6).
2332 4756 2560 4839 Quum

613 4844 836 4903 autem
883 4837 1024 4903 heri
1068 4845 1136 4903 et
1176 4838 1369 4905 hodie
1412 4848 1478 4905 et
1521 4842 1589 4905 in
1636 4844 1893 4907 saecula
1931 4841 2171 4907 dixerit
2204 4843 2552 4925 apostolus,

611 4945 729 5007 pro
782 4944 857 4988 eo
912 4924 1086 5007 quod
1138 4924 1445 5003 dicimus,
1499 4927 1653 5004 fuit,
1714 4938 1840 5005 est,
1895 4937 1961 4993 et
2005 4928 2131 4994 erit
2186 4928 2382 5010 (quae
2427 4931 2554 4994 tria

608 5019 906 5093 tempora
916 5011 1103 5077 nobis
1115 5011 1567 5077 aeternitatem
1582 5012 1957 5109 designant)
1982 5012 2135 5096 quid
2153 5013 2333 5078 aliud
2346 5023 2553 5097 agunt
2654 5096 2685 5101 -
2704 5096 2727 5102 -
2768 5096 2793 5102 -

610 5096 747 5161 suis
801 5097 1170 5179 argutiolis,
1237 5118 1435 5180 quam
1482 5118 1750 5162 sensum
1798 5099 2069 5182 apostoli
2118 5099 2545 5182 pervertunt?

607 5182 802 5246 Hanc
858 5204 997 5246 csse
1050 5185 1517 5268 proprietatem
1559 5184 1755 5266 primi
1800 5184 2127 5263 vocabuli,
2173 5192 2246 5247 ut
2289 5193 2547 5266 tempus

2483 5462 2505 5501 Ι

2145 291 3091 360 PSYCHOPANNYCHIA.

4496 290 4617 353 200

2682 488 3025 546 aeternum
3080 482 3438 559 contineat,
3494 481 3647 547 lieet
3688 502 3770 547 ex
3813 479 4136 563 propheta
4178 476 4455 556 discere,
4506 481 4613 561 qui

2681 567 2907 633 scribit
2930 574 3385 651 praeparatam
3407 565 3486 631 ab
3513 567 3819 632 hesterno
3844 565 4062 648 impiis
4076 564 4444 649 gehennam
4463 563 4612 644 (Ies.

2684 657 2783 731 30,
2812 653 2953 733 33):
3015 674 3216 736 quum
3260 652 3560 729 sciamus,
3623 672 3706 717 ex
3750 649 3998 716 Christi
4044 649 4290 728 verbis,
4343 669 4611 734 praepa·

2679 748 2897 803 ratum
2919 739 3000 805 ab
3023 747 3288 803 aeterno
3310 739 3529 823 ignem
3550 736 3803 802 diabolo
3828 743 3894 800 et
3913 734 4161 835 angelis
4188 735 4329 800 eius
4348 736 4608 817 (Matth.

2683 828 2784 903 25,
2823 825 2957 905 41).
3025 821 3289 888 Vident*
3329 823 3467 901 1116,
3523 821 3759 905 quibus
3805 828 3904 890 est
3945 820 4188 904 ahquid
4232 820 4459 886 iudicii
4500 831 4611 889 aut

2680 930 2876 975 sanae
2920 909 3178 988 mentis,
3223 908 3388 974 nihil
3433 909 3726 972 futurum
3762 906 3891 971 illis
3927 907 4270 988 reliquum,
4315 927 4443 990 quo
4479 908 4612 974 elu-

2681 993 2843 1060 dant
2883 994 3299 1060 manifestam
3342 994 3501 1060 adeo
3544 992 3935 1058 veritatem·
3972 992 4098 1057 Est
4140 999 4360 1057 tamen
4404 994 4611 1061 adhuc

2679 1078 2986 1162 quiddam
3021 1080 3190 1163 quod
3235 1079 3642 1162 obstrepunt:
3690 1079 3782 1143 sic
3872 1078 4215 1143 romissum
4260 1077 4463 1144 fuisse
4504 1101 4613 1163 pa-

2679 1165 2971 1231 radisum
3012 1165 3251 1230 latroni
3289 1185 3364 1230 60
3401 1164 3521 1243 (116,
3568 1100 4112 1247 quemadpmodum
4155 1162 4403 1229 indicta
4444 1187 4614 1235 mors

2679 1252 2906 1334 primis
2940 1250 3338 1334 parentibus,
3379 1271 3508 1334 quo
3542 1248 3646 1315 die
3676 1256 4017 1333 gustarent
4037 1246 4116 1312 de
4139 1247 4369 1313 arbore
4409 1252 4611 1317 seien-

2678 1338 2807 1402 tiae
2848 1337 3004 1403 boni
3047 1346 3113 1402 et
3153 1336 3329 1402 mali.
3418 1335 3612 1416 Quod
3669 1344 3743 1400 61
3796 1334 3926 1399 11116
3981 1332 4439 1416 concedamus,
4496 1337 4614 1404 hoc

2679 1429 2899 1487 tamen
2957 1422 3485 1506 extorquebimus
3499 1472 3517 1500 ,
3574 1421 3891 1486 latronem
3950 1441 4024 1484 eo
4080 1419 4187 1484 die
4242 1422 4613 1488 restitutum

2680 1530 2720 1572 a
2754 1507 3034 1586 miseria,
3082 1509 3150 1571 in
3187 1528 3382 1589 quam
3426 1512 3544 1587 [fol.
3582 1511 3689 1586 22]
3722 1504 4040 1571 inciderat
4073 1503 4307 1584 Adam,
4354 1528 4480 1589 quo
4516 1507 4612 1575 die

2677 1592 2741 1658 16
2788 1614 2891 1658 616
2937 1593 3059 1660 sibi
3105 1593 3343 1658 dictam
3380 1593 3862 1674 praevaricatus
3897 1591 4137 1656 fuerat:
4183 1592 4383 1658 fuisse
4417 1595 4614 1678 igitur

2680 1614 2999 1743 16ξί1111661
3042 1678 3280 1744 latroni
3326 1677 3899 1742 immortalitatem.
3990 1675 4248 1743 Deinde
4291 1699 4493 1761 quum
4537 1678 4612 1747 de

2679 1772 2890 1828 morte
2950 1764 3174 1829 statim
3232 1764 3574 1841 disseram,
3633 1763 3793 1828 satis
3847 1762 3948 1846 (ni
3990 1762 4210 1846 fallor)
4262 1765 4612 1846 explicabo,

2679 1848 2999 1931 quomodo
3043 1870 3121 1915 eo
3164 1848 3268 1915 die
3311 1849 3553 1913 mortui
3596 1849 3843 1913 tuerint
3885 1848 4079 1930 primi
4123 1857 4448 1932 parentes,
4492 1872 4610 1935 quo

2680 1933 2784 2000 die
2828 1956 2897 2000 se
2937 1957 2976 2001 a
3018 1934 3163 2001 Deo
3208 1935 3762 2001 abalienaverunt.

2848 2106 2911 2172 N
2914 2127 3042 2173 uno
3084 2106 3251 2171 mihi
3293 2105 3377 2171 ad
3422 2125 3530 2170 606
3566 2125 3778 2170 sermo
3814 2110 4255 2185 convertatur,
4303 2107 4417 2190 qui
4449 2108 4613 2175 bona

2676 2213 2835 2274 pace
2879 2191 3330 2270 eonscientiae,
3375 2190 3840 2274 promissorum
3878 2188 4006 2254 Dei
4048 2211 4388 2272 memores,
4435 2194 4504 2258 in
4537 2193 4611 2259 il·

2676 2276 2758 2343 lis
2803 2277 3242 2360 acquiescunt.
3329 2277 3516 2341 Haec
3557 2275 3856 2358 1666616,
3915 2276 4179 2355 fratres,
4228 2278 4391 2345 hmo
4434 2281 4612 2346 vobis

2675 2362 2837 2429 fides
2881 2383 3015 2427 non
3061 2364 3446 2440 excutiatur,
3493 2360 3751 2426 etiamsi
3796 2381 4024 2426 omnes
4067 2362 4424 2436 inferorum
4470 2386 4612 2448 por·

2676 2457 2781 2514 tao
2825 2448 3161 2527 insultent,
3208 2448 3318 2515 ubi
3360 2448 3582 2512 Deum
3621 2445 3878 2511 habetis
3922 2467 4316 2530 sponsorem,
4362 2451 4474 2533 qui
4505 2473 4611 2518 ve-

2674 2534 2940 2599 ritatem
2992 2555 3182 2599 suam
3237 2534 3562 2616 abnegare
3618 2552 3749 2596 non
3802 2539 4032 2616 potest.
4113 2534 4265 2599 Vox
4323 2537 4465 2602 eius
4518 2545 4614 2603 est

2673 2620 2945 2684 minime
2988 2618 3278 2697 obseura,
3325 2618 3407 2683 ad
3440 2617 3778 2683 6661661661
3824 2616 4037 2683 adhuc
4077 2619 4150 2683 in
4194 2622 4389 2685 terris
4433 2643 4611 2706 pere-

2675 2704 3077 2789 grinantem:
3132 2703 3285 2768 Non
3340 2704 3468 2768 erit
3510 2702 3627 2766 tibi
3673 2703 3953 2786 amplius
3997 2704 4095 2769 sol
4138 2704 4222 2770 ad
4264 2707 4612 2773 lucendum

2676 2810 2790 2873 per
2833 2789 3023 2868 diem,
3068 2809 3278 2872 neque
3322 2788 3628 2872 splendor
3659 2789 3858 2853 lunae
3900 2789 4295 2856 illuminabit
4336 2800 4423 2869 te,
4470 2795 4613 2877 quia

2676 2876 2801 2939 erit
2856 2873 2972 2939 tibi
3015 2873 3345 2940 Dominus
3402 2875 3473 2938 in
3524 2872 3737 2939 lucem
3793 2875 4260 2959 sempiternam
4315 2877 4474 2961 (Ies.
4515 2884 4611 2960 60,

2682 2962 2807 3042 19).
2898 2958 3090 3043 Quod
3134 2960 3189 3025 si
3234 2981 3350 3026 suo
3392 2979 3574 3025 more
3616 2959 3697 3025 ad
3741 2960 4037 3025 ultimam
4073 2965 4613 3031 resurrectionem

2675 3068 2796 3112 nos
2854 3046 3154 3125 trahunt,
3221 3053 3597 3130 promptum
3652 3047 3780 3111 erit
3832 3047 4127 3112 refellere
4183 3050 4540 3116 vanitatem
4564 3052 4612 3136 ¹)

2675 3152 2760 3197 ex
2794 3131 3072 3216 singulis
3092 3132 3315 3197 verbis
3351 3132 3606 3214 capitis:
3641 3131 3876 3214 quibus
3909 3153 4085 3197 nunc
4106 3131 4434 3201 Dominus
4467 3158 4612 3220 pro-

2671 3219 2878 3282 mittit
2920 3239 3113 3282 suum
3158 3217 3523 3293 Christum,
3582 3238 3760 3283 nunc
3802 3226 4032 3300 gentes
4075 3220 4146 3283 in
4182 3220 4380 3286 fidem
4425 3244 4539 3288 eoo

2672 3302 2923 3382 tandas,
2959 3311 3078 3370 etc.
3143 3301 3421 3388 Semper
3452 3303 3517 3367 in
3552 3303 3933 3368 memoriam
3967 3303 4154 3369 nobis
4187 3305 4412 3371 redeat
4445 3308 4611 3391 quod

2672 3389 2941 3472 spiritus
2986 3388 3204 3455 docuit
3244 3409 3363 3472 per
3404 3410 3475 3454 os
3510 3388 3814 3454 Davidis:
3854 3388 4078 3475 1661116
4122 3398 4195 3454 61
4236 3392 4456 3474 palma
4498 3396 4610 3459 flo-

2671 3473 2857 3553 rebit,
2904 3475 3072 3539 61661
3110 3473 3343 3541 cedrus
3384 3474 3456 3539 in
3490 3473 3749 3539 Libano
3782 3474 4341 3559 multiplicabitur.
4411 3480 4611 3545 Plan-

2672 3562 2791 3624 tati
2834 3561 2905 3626 in
2949 3560 3139 3625 domo
3183 3560 3470 3639 Domini,
3514 3561 3583 3624 in
3625 3560 3808 3625 atriis
3843 3561 3969 3625 Dei
4016 3564 4222 3626 nostri
4264 3565 4609 3646 florebunt,

2674 3646 2888 3711 adhue
2941 3645 3435 3729 germinabunt,
3492 3646 3562 3709 in
3617 3652 3947 3711 senectute
4005 3647 4283 3730 pingues
4336 3658 4405 3713 et
4451 3652 4609 3717 viri-

2673 3729 2786 3796 des
2831 3739 3026 3795 erunt
3079 3730 3283 3817 (Psal.
3333 3735 3434 3810 92,
3480 3734 3555 3795 13
3593 3730 3727 3815 ss.).
3820 3731 3885 3795 N
3885 3752 3921 3796 e
3970 3754 4085 3798 vos
4134 3740 4381 3800 terreat
4438 3736 4610 3820 quod

2670 3837 2899 3881 omnes
2930 3826 3204 3881 naturae
3226 3818 3507 3882 virtutes
3540 3814 3814 3882 deficere
3846 3816 4228 3884 creduntur:
4267 3842 4469 3903 quum
4494 3845 4611 3888 au-

2670 3901 2825 3966 ditis
2870 3909 3272 3967 senectutem
3307 3901 3603 3981 viridem,
3649 3903 3961 3985 pinguem
4005 3912 4072 3968 et
4112 3906 4609 3988 germinantem.

2668 3986 2857 4052 Haec
2893 3987 3226 4053 vobiscum
3272 3995 3651 4070 reputantes
3686 3987 3984 4071 exemplo
4021 3989 4299 4056 Davidis
4334 3995 4612 4061 occinite

2669 4073 2924 4138 animae
2977 4081 3264 4139 vestrae:
3319 4071 3607 4139 Benedic
3659 4073 3879 4139 anima
3934 4095 4080 4139 mea
4128 4075 4442 4155 Domino,
4500 4083 4615 4163 qui

2669 4159 2863 4223 satiat
2904 4157 3073 4224 bono
3103 4180 3175 4224 os
3207 4167 3425 4223 tuum:
3468 4159 3908 4237 renovabitur,
3951 4168 4027 4225 ut
4057 4162 4330 4243 aquilae,
4373 4164 4612 4231 iuven-

2667 4250 2775 4308 tus
2829 4251 2942 4309 tua
2999 4243 3202 4325 (Psal.
3262 4248 3399 4324 103,
3460 4245 3546 4327 5).
3651 4244 3929 4311 Caetera
3986 4246 4269 4314 Domino
4336 4252 4611 4333 permit-

2666 4328 2805 4409 tite,
2851 4330 2962 4413 qui
3002 4329 3283 4396 custodit
3304 4330 3641 4395 introitum
3687 4338 4001 4410 nostrum,
4047 4338 4113 4397 61
4156 4335 4407 4400 exitum
4452 4358 4609 4404 nos-

2665 4422 2843 4480 trum
2859 4467 2874 4494 ,
2933 4435 3016 4480 ex
3071 4415 3195 4481 hoc
3250 4437 3453 4494 nunc,
3500 4423 3567 4481 et
3624 4437 3830 4499 usque
3886 4418 3957 4481 in
4014 4417 4345 4486 saeculum
4397 4422 4607 4503 (Psal.

2672 4504 2811 4579 121,
2849 4501 2939 4584 8).
3027 4501 3160 4567 Hie
3217 4511 3318 4567 est
3370 4501 3481 4583 qui
3538 4501 3710 4584 pluit
3763 4502 4038 4568 imbrem
4096 4506 4496 4573 matutinum
4541 4521 4615 4575 et

2663 4587 3039 4666 serotinum,
3082 4608 3278 4671 super
3322 4586 3558 4651 6166106
3602 4607 3753 4652 6606
3797 4587 3981 4672 (1061.
4024 4592 4080 4667 2,
4121 4591 4247 4670 23).
4324 4591 4431 4658 136
4477 4615 4611 4677 quo

2660 4669 2850 4738 nobis
2893 4671 3137 4737 dietum
3183 4679 3313 4737 est:
3357 4669 3542 4737 Deus
3585 4678 3822 4751 noster,
3869 4674 4053 4739 Deus
4095 4675 4329 4742 salutis
4363 4687 4491 4744 est:
4538 4689 4615 4748 et

2660 4755 2933 4822 Domini
2964 4757 3095 4823 Dei
3129 4777 3429 4841 egressus
3451 4758 3679 4822 mortis
3723 4758 3927 4841 (Psal.
3956 4763 4055 4839 68,
4084 4759 4213 4845 21).
4259 4763 4456 4829 Η666
4486 4787 4610 4848 pa-

2660 4843 2778 4908 tris
2820 4843 3179 4908 bonitatem
3224 4842 3525 4926 exposuit
3567 4842 3753 4908 nobis
3787 4844 4111 4923 Christus,
4158 4868 4361 4930 quum
4398 4849 4607 4918 dixit:

2655 4928 2874 5006 Pater,
2932 4948 3091 5011 quos
3137 4927 3371 4993 dedisti
3424 4928 3615 5008 mihi,
3662 4929 3809 4995 volo
3852 4940 3926 4996 ut
3968 4931 4079 4998 ubi
4124 4953 4245 5016 ego
4290 4956 4441 5000 sum
4458 4987 4476 5017 ,
4537 4948 4610 5005 et

2793 5200 2852 5266 1)
2894 5199 3039 5255 Edd.
3082 5199 3417 5254 1576-1611
3453 5201 3731 5257 mendose:
3764 5206 4035 5260 unitatem.
