4984 5975
463 265 587 328 149

459 450 748 519 carmen
789 455 1072 521 refertur
1110 478 1150 521 a
1193 456 1506 525 Suetonio
1558 460 1632 524 in
1675 462 2012 528 :ribei-ium
2055 425 2402 529 iactatum:

738 555 922 612 Aurea
954 561 1173 614 mutasti
1208 560 1424 615 Saturni
1458 553 1676 617 saecula
1714 563 1940 619 Caesar:

839 625 1100 682 Incolumi
1135 644 1258 682 nam
1291 639 1348 685 te
1381 630 1562 685 ferrea
1596 647 1810 701 semper
1844 641 2015 688 erunt.

1207 988 1510 1056 CAPUT
1555 989 1644 1054 Π.

631 1123 948 1189 Futurum
990 1124 1115 1203 hoc,
1165 1123 1416 1204 Caesar,
1462 1147 1541 1191 ex
1582 1148 1816 1212 myrta
1839 1135 2026 1211 parte
2058 1151 2313 1211 sperare
2346 1138 2403 1198 ct

450 1211 733 1289 confiteri
775 1211 929 1276 libet.
1025 1211 1337 1276 Tradetur
1391 1213 1517 1277 ista
1571 1215 1774 1278 animi
1829 1217 1924 1280 tui
1975 1219 2399 1298 mansuetudo,

449 1295 956 1378 diffundetquue
986 1297 1309 1378 paulatim
1338 1319 1463 1378 per
1504 1319 1678 1364 omne
1718 1301 1975 1382 imperii
2030 1322 2254 1383 corpus
2269 1354 2284 1382 ,
2345 1310 2400 1369 et

449 1386 678 1447 cuncta
705 1382 800 1445 *in
854 1382 1332 1448 similitudinem
1388 1385 1485 1448 bui
1533 1385 1987 1468 formabuntur.
2077 1388 2142 1453 A
2199 1391 2400 1471 capite

449 1466 613 1532 bona
632 1468 946 1533 valetudo:
980 1469 1126 1533 inde
1158 1470 1369 1535 omnia
1401 1476 1609 1549 veyeta
1641 1477 1786 1536 sunt
1822 1477 2004 1554 atque
2036 1479 2250 1554 ereda,
2287 1481 2400 1540 aut

450 1554 751 1635 lanyucre
782 1554 1074 1632 demissa,
1109 1561 1300 1635 prout
1331 1557 1586 1621 animnos
1627 1578 1839 1622 eorum
1871 1559 2045 1641 νέφει,
2091 1565 2200 1623 aut
2232 1581 2400 1625 maa·-

431 1640 649 1705 *nescit
715 1637 804 1703 Et
845 1645 1027 1704 erunt
1069 1641 1245 1718 cives,
1289 1647 1468 1706 erunt
1509 1647 1656 1722 [pag.
1689 1650 1833 1722 143]
1879 1646 2033 1711 socii
2070 1645 2249 1728 diqni
2281 1646 2399 1713 hac

449 1723 745 1804 bonitate,
809 1730 864 1790 et
915 1726 987 1790 in
1041 1730 1232 1790 totum
1296 1727 1497 1792 orbem
1547 1730 1696 1793 recti
1750 1750 1951 1795 mores
1969 1759 1984 1792 ι
2001 1736 2396 1797 revertentur.

415 1845 424 1852 ·
457 1808 761 1876 Pan-cetur
819 1811 1044 1891 ubique
1109 1811 1405 1878 manibus
1457 1815 1601 1879 tuis.
1690 1814 1960 1880 Diutius
2010 1837 2106 1882 me
2157 1819 2398 1883 morari

447 1896 554 1964 Mc
595 1902 845 1979 patere:
907 1917 1031 1961 non
1087 1902 1156 1962 ut
1208 1896 1505 1965 bloendiar
1553 1900 1817 1966 auribus
1865 1902 2025 1967 tuis:
2076 1919 2183 1967 nec
2231 1905 2397 1968 enim

447 1982 612 2048 mhi
651 1982 752 2047 hic
794 2003 924 2048 mos
960 1988 1062 2048 est.
1129 1981 1477 2050 Maluerim
1510 1985 1679 2051 veris
1711 1987 2008 2068 offendere
2040 2009 2230 2069 quam
2251 1991 2399 2070 ploe

450 2089 585 2135 cere
629 2068 968 2150 adulando„
1055 2070 1223 2150 Quid
1278 2090 1421 2154 erqo
1463 2077 1552 2136 est
1582 2077 1839 2153 propter
1879 2074 2041 2153 quod
2083 2073 2228 2138 bene
2266 2075 2400 2156 fac-

450 2156 536 2219 tis
576 2156 877 2235 dictisque
918 2155 1048 2219 tuis
1079 2175 1268 2236 quam
1299 2155 1891 2237 familiarissinmm
1922 2179 2050 2224 esse
2083 2165 2141 2224 te
2160 2161 2340 2241 cupio
2357 2162 2393 2226 ?

448 2245 520 2304 ut
562 2240 725 2322 quod
765 2260 929 2305 nunc
963 2245 1195 2305 natura
1229 2246 1285 2305 et
1315 2242 1580 2323 impetus
1615 2248 1720 2322 est,
1760 2245 1878 2325 fiat
1913 2245 2233 2310 iudicium.
2293 2244 2344 2309 I
2345 2247 2395 2311 l-

449 2326 1198 2392 ludmecumconsfflero
1242 2326 2396 2412 multasvocesmaqnas‚seddetes-

449 2411 686 2490 tabae-5,
730 2412 801 2475 in
829 2412 1021 2475 vitam
1051 2411 1395 2477 humanam
1418 2416 1787 2494 pervenisse,
1820 2415 2192 2498 celebresque
2214 2418 2396 2501 vulyo

445 2497 636 2579 ferri,
681 2502 750 2561 ut
789 2497 1000 2562 illam:
1061 2497 1342 2577 Oderint,
1400 2501 1554 2565 dum
1585 2505 1883 2566 metuant.
1976 2500 2097 2567 Cui
2133 2523 2397 2586 yraecus

447 2603 668 2648 versus
709 2582 946 2648 similis
986 2589 1092 2662 est,
1135 2584 1249 2665 qui
1291 2605 1357 2649 se
1398 2590 1634 2652 mamm
1669 2591 1902 2651 terram
1943 2589 2193 2653 misceri
2235 2589 2396 2672 iyni-

449 2669 567 2734 bus
621 2668 813 2734 iubet.-
869 2674 926 2734 εἰ
981 2670 1118 2735 alia
1171 2669 1361 2736 huius
1414 2676 1611 2737 notae.
1698 2672 1790 2737 At
1841 2673 2044 2738 nescio
2093 2674 2395 2755 quomodo

447 2756 703 2837 inqenia
732 2755 1043 2819 iaenmnia
1073 2761 1130 2820 et
1160 2756 1387 2836 invisa,
1429 2758 1696 2823 materia
1733 2757 2120 2838 foecundiori
2152 2781 2398 2841 capres-

447 2845 662 2906 serunt
702 2861 925 2906 sensus
965 2840 1335 2907 vehementes
1376 2848 1432 2907 et
1473 2843 1812 2908 concitatos.
1882 2843 2147 2910 Nullam
2188 2844 2394 2914 adhuc

448 2945 649 2993 vocem
703 2926 926 2992 audivi
979 2948 1057 2992 ex
1110 2927 1259 2993 bono
1302 2928 1540 3011 lenique
1584 2930 1949 2996 animosam.
2044 2931 2211 3014 Quid
2252 2952 2396 3017 cryc

450 3012 592 3077 est?
635 3018 706 3077 ut
749 3034 915 3094 raro,
958 3014 1211 3091 invitus,
1258 3020 1313 3079 et
1355 3036 1492 3081 cum
1534 3036 1766 3099 mayna
1808 3019 2213 3098 mactatione,
2255 3040 2396 3085 cum

447 3100 668 3164 multis
709 3099 1130 3164 dilationibus.
2323 3172 2334 3179 ,

623 3200 819 3281 Quod
863 3203 1047 3285 prius
1083 3201 1341 3268 dixerat
1374 3201 1640 3287 dignam
1677 3226 1818 3270 esse
1841 3228 2063 3271 vocem
2108 3209 2212 3271 cui
2250 3208 2396 3272 red-

450 3287 719 3352 deretur
761 3309 1034 3353 aureum
1077 3287 1239 3353 illud
1284 3290 1641 3367 saeculum,
1697 3311 1782 3355 ne
1834 3291 2062 3374 populi
2105 3292 2215 3374 qui
2273 3294 2396 3358 sub

449 3392 723 3437 romano
768 3373 1041 3456 imperio
1086 3372 1437 3457 degebant,
1482 3374 1736 3459 indigni
1783 3385 2003 3441 essent
2047 3388 2182 3441 tam
2227 3379 2397 3443 bono

447 3459 772 3610 {affre-Q
808 3456 2397 3627 iieffitussiffmie‘ssmio‘ssisssssnsstPss‘ssisffissfl‘iiffl

449 3630 568 3696 sed
611 3630 886 3713 publicis
930 3595 1183 3713 quoque
1235 3632 1527 3697 moribus
1569 3632 1925 3714 plurimum
1979 3635 2275 3700 conferre
2319 3602 2395 3702 ac

448 3715 840 3783 conducere:
884 3735 1121 3799 nempe
1164 3715 1336 3799 quod
1378 3717 1589 3783 solent
1631 3718 1928 3784 homines
1962 3720 2169 3785 vitam
2213 3722 2394 3804 prin-

449 3802 616 3886 cipis
660 3801 992 3880 aemulari,
1037 3802 1254 3884 inquit
1286 3802 1725 3868 Herodianus.
1789 3803 2021 3870 Cicero
2061 3805 2229 3872 libro
2262 3816 2394 3872 ter-

449 3889 542 3953 tio
582 3887 664 3953 de
704 3887 1028 3972 Legibus:
1075 3887 1169 3954 Ut
1208 3889 1383 3954 enim
1427 3888 1888 3971 cupiditatibus
1930 3891 2298 3975 principum
2329 3900 2397 3958 et

449 3974 633 4039 vitiis
675 3972 855 4038 infici
893 3972 1058 4038 solet
1107 3982 1246 4038 tota
1288 3974 1551 4051 civitas,
1608 3975 1702 4040 sic
1758 3975 2092 4041 emendari
2136 3984 2203 4042 et
2252 3999 2395 4044 cor-

449 4060 576 4143 rigi
631 4059 1055 4125 continentia.
1154 4057 1382 4142 Neque
1445 4066 1707 4125 tantum
1761 4060 1922 4126 mali
1973 4069 2075 4127 est
2128 4083 2394 4146 peccare

449 4146 800 4228 principes,
845 4164 1216 4227 quanquam
1256 4151 1358 4210 est
1399 4167 1463 4209 m
1599 4168 1710 4211 um
1755 4146 1878 4211 hoc
1920 4167 2040 4229 per
2073 4169 2144 4213 se
2177 4149 2392 4230 ipsum

449 4230 720 4308 malum,
765 4238 1086 4313 quantum
1131 4230 1290 4295 illud
1309 4283 1324 4309 ,
1367 4251 1456 4312 qu
1584 4232 1893 4315 permulti
1937 4234 2134 4298 etiam
2177 4235 2393 4298 imita-

449 4324 625 4381 tores
669 4317 1038 4398 principum
1081 4317 1425 4382 exsistunt.
1509 4315 1658 4398 Quo
1702 4319 2126 4399 perniciosius
2167 4318 2246 4384 de
2289 4341 2393 4385 re-

447 4400 710 4485 publica
746 4410 1088 4466 merentur
1131 4402 1346 4467 vitiosi
1386 4403 1744 4486 principes:
1791 4402 1962 4486 quod
2005 4426 2139 4471 non
2181 4405 2394 4471 solum

447 4487 614 4553 vitia
655 4487 1033 4570 concipiunt
1074 4489 1217 4570 ipsi,
1263 4487 1378 4554 sed
1408 4510 1487 4555 ea
1528 4488 1886 4589 iniundunt
1928 4490 1998 4553 in
2043 4491 2392 4570 civitatem,

445 4571 1508 4743 ffifftssssiussoibssssnmtimssffi‘fft,
1533 4574 1829 4743 ἳῗῃέξὲἒ
1865 4584 2395 4746 fflffiuffi

445 4751 717 4829 peccato
762 4753 1016 4810 nocent.
1105 4742 1351 4811 Scribit
1393 4746 1591 4812 etiam
1633 4746 1848 4824 Plato,
1892 4746 2118 4829 quales
2152 4748 2290 4813 sint
2323 4750 2394 4813 in

445 4830 788 4912 republica
828 4831 1174 4914 principes,
1219 4831 1385 4897 tales
1430 4832 1639 4898 solere
1682 4840 1750 4898 et
1791 4833 2076 4915 reliquos
2120 4855 2262 4899 esse
2302 4835 2393 4900 ci-

445 4936 583 4981 ves.
671 4914 754 4979 Id
795 4916 1012 4998 ipsum
1054 4916 1398 4999 proverbio
1441 4939 1674 5002 graeco
1717 4919 2153 5002 significatur:
2210 4917 2394 4982 ὁποία

443 5000 484 5081 ἦ
521 5000 829 5076 δέσποινα,
863 5008 1019 5066 τοῖαι
1043 5007 1147 5064 καὶ
1187 5007 1268 5066 θε
1307 5001 1636 5078 anaiades.
1679 5006 1842 5070 Vita
1860 5005 2038 5070 enim
2060 5005 2392 5087 principie,

443 5098 526 5153 ut
566 5088 905 5154 verissime
963 5087 1190 5154 scribit
1221 5088 1282 5152 P
1310 5089 1505 5166 'nius‚
1563 5082 1839 5157 censura
1871 5097 1973 5156 est
2006 5110 2209 5175 eaque
2245 5111 2394 5174 per-

441 5182 667 5257 petua
761 5172 864 5239 Ad
908 5173 1077 5239 hanc
1130 5172 1502 5257 dirigimur,
1558 5174 1641 5239 ad
1693 5176 1863 5242 hanc
1917 5180 2390 5244 convertimur:

1923 253 2213 340 LIBER
2255 274 2348 342 11.
2436 273 2742 346 cAPU'r
2783 280 2835 345 1.
2902 281 2993 350 11.

4342 299 4465 359 150

2511 488 2633 534 nec
2666 477 2802 534 tam
2836 470 3114 553 imperio
3148 473 3337 537 nobis
3368 492 3535 556 opus
3568 483 3685 552 est,
3724 498 3918 558 quam
3943 481 4261 564 exemplo.
4332 481 4459 548 Oui

2509 554 2723 620 simile
2766 566 2865 621 est
2906 556 3071 622 illud
3112 556 3336 624 Ovidii
3380 559 3733 626 Fastorum
3757 563 3870 627 V.:

2513 654 2657 725 [pag.
2695 655 2819 728 144]
2867 657 2955 714 Sic
2990 661 3165 730 agitur
3199 675 3429 717 censura
3481 670 3538 717 et
3571 665 3647 718 sic
3684 668 3931 735 exempla
3968 676 4244 737 parantur,

2702 759 2715 772 ·
2989 727 3163 795 Quum
3197 730 3359 785 iudex
3392 705 3531 786 alios
3565 733 3710 801 quod
3745 745 3944 804 monet,
3979 738 4095 805 ipse
4131 740 4277 793 facit.

2620 865 2627 872 .
2682 812 2747 877 A
2806 815 3007 896 capite
3061 816 3220 880 bona
3274 815 3586 904 valetudo]
3653 817 4006 903 Sumptum
4068 846 4107 888 a
4162 824 4448 900 medicis,

2508 898 2621 978 qui
2661 919 2862 981 quum
2906 901 3206 967 omnibus
3247 903 3560 969 membris
3595 915 3891 970 mutuam
3937 909 4152 974 inesse
4188 930 4451 995 sympa-

2508 983 2719 1048 thiam
2772 988 3214 1067 consentiant,
3275 998 3475 1070 caput
3527 997 3749 1056 tamen
3806 994 4223 1076 praecipuam
4278 998 4453 1060 vitae
4586 1033 4595 1040 ·

2506 1068 2728 1134 sedem
2772 1072 3069 1138 tradunt:
3118 1081 3342 1156 utpote
3385 1096 3425 1139 a
3466 1096 3593 1158 quo
3636 1097 3861 1142 omnes
3904 1081 4093 1146 nervi
4135 1081 4452 1165 originem

2506 1155 2802 1220 trahant:
2848 1166 2926 1222 ut
2970 1180 3100 1223 non
3142 1161 3469 1225 immerito
3510 1161 3673 1226 illud
3718 1160 3963 1229 dictum
3998 1167 4103 1242 sit,
4150 1175 4348 1250 caput
4381 1169 4451 1231 in

2506 1239 2769 1306 homine
2811 1244 3082 1326 perinde
3126 1265 3268 1310 esse
3311 1260 3505 1329 atque
3548 1245 3833 1316 radicem
3873 1251 3943 1315 in
3988 1253 4233 1318 arbore.

2682 1343 2985 1412 Parcetur
3026 1348 3253 1430 ubique
3295 1349 3590 1415 manibus
3627 1350 3783 1438 tuis]
3831 1353 3978 1418 Hoc
4003 1374 4160 1420 vero
4202 1356 4270 1419 in
4314 1356 4451 1438 pri-

2504 1429 2631 1494 mis
2676 1451 2875 1496 curae
2920 1433 3112 1499 debet
3155 1455 3298 1499 esse
3333 1435 3539 1518 princi
3588 1436 3755 1516 ibus,
3802 1438 4061 1520 qualem
4095 1440 4340 1505 famam
4375 1462 4450 1506 ac

2504 1515 2694 1597 quale
2729 1538 2968 1584 nomen
3004 1520 3297 1585 habituri
3332 1522 3464 1586 sint
3499 1458 3585 1586 ag
3617 1531 3928 1605 posteros.
3996 1525 4169 1590 Nam
4204 1534 4280 1590 ut
4312 1548 4450 1591 ma-

2502 1602 2681 1667 xime
2745 1605 2998 1685 possint
3070 1604 3227 1670 dum
3301 1608 3541 1673 vivunt
3607 1608 3870 1693 linguas
3941 1612 4232 1675 omnium
4299 1633 4451 1677 con-

2502 1687 2734 1766 tinere,
2780 1691 3023 1755 mortui
3059 1699 3233 1757 certe
3269 1692 3513 1778 linguis
3548 1715 3678 1759 non
3714 1696 4060 1779 imperant.
4128 1697 4271 1762 Imo
4297 1701 4450 1762 ¹vero

2502 1773 2574 1838 in
2620 1794 2729 1839 eos
2774 1775 2895 1840 sub
2931 1777 3164 1859 quibus
3197 1779 3468 1844 minime
3503 1780 3671 1859 licet,
3716 1789 3859 1846 tum
3895 1781 4159 1847 demum
4195 1782 4451 1848 avidius

2503 1859 2865 1925 effunditur
2906 1862 3218 1947 quidquid
3264 1886 3542 1948 usquam
3587 1874 3687 1931 est
3729 1868 4197 1946 conviciorum,
4243 1889 4450 1952 quum

2502 1965 2728 2009 eorum
2774 1958 2981 2013 morte
3024 1958 3214 2032 parta
3248 1951 3532 2017 libertas.
3602 1951 3894 2030 Nullum,
3941 1956 4157 2037 inquit
4187 1955 4448 2019 Plinius

2501 2029 2574 2093 in
2616 2032 3062 2117 PanegyricO‚
3109 2043 3210 2100 est
3254 2049 3542 2121 tempus,
3589 2059 3715 2120 quo
3757 2040 4161 2104 funestorum
4206 2042 4447 2123 princi-

2501 2137 2661 2199 pum
2704 2138 2934 2190 manes
2977 2140 3016 2183 a
3057 2130 3468 2205 posterorum
3514 2124 4070 2190 exsecrationibus
4108 2128 4446 2209 conquies-

2501 2209 2666 2267 cant.

2674 2287 2956 2373 Maynas
3008 2290 3207 2381 voces]
3265 2291 3455 2374 Quae
3512 2294 3584 2357 in
3638 2294 3921 2377 speciem
3974 2316 4258 2380 magnae
4314 2298 4449 2362 sint

2501 2383 2567 2437 et
2611 2375 2972 2452 animosae,
3033 2378 3185 2443 licet
3239 2400 3312 2443 rc
3356 2399 3514 2445 vera
3565 2378 3701 2443 indi
3798 2401 3873 2444 ae
3925 2402 4164 2464 magno
4208 2384 4443 2446 anime.

2499 2458 2682 2525 Nihil
2729 2469 2829 2525 est
2870 2483 3190 2546 magnum
3234 2462 3503 2544 Stoicis,
3564 2485 3691 2548 quo
3788 2487 3922 2530 non
3975 2466 4147 2531 idem
4204 2468 4288 2532 sit
4331 2466 4446 2532 bo-

2498 2556 2822 2696 gumIiffiet
2864 2547 3188 2615 introrsus
3234 2549 3529 2618 solidum.
3598 2550 3771 2615 Vide
3816 2550 4135 2617 Senecam
4182 2551 4347 2617 libro
4390 2552 4444 2617 Ι.

2544 2653 2580 2696 e

2678 2717 2953 2799 Oderint,
2996 2720 3148 2785 dum
3189 2720 3496 2809 metuant]
3543 2721 3767 2788 Verba
3811 2731 3966 2788 sunt
3997 2724 4183 2788 Atrei
4226 2743 4310 2788 ex
4332 2744 4445 2789 ve-

2500 2803 2626 2868 teri
2670 2804 3022 2892 tragoedia,
3067 2812 3144 2872 ut
3187 2806 3434 2873 dictum
3479 2816 3580 2873 est
3622 2807 3790 2873 libro
3834 2808 3885 2872 Ι.

2676 2889 2795 2955 Oui
2833 2891 3097 2974 yrc'tecus
3136 2891 3385 2980 versus]

2867 2985 3024 3064 Ἐμοῦ
3059 2994 3330 3055 θανόντος
3361 3002 3500 3063 γαῖα
3531 2999 3811 3066 μιχθείτω
3844 3000 3986 3065 πυρί.

2500 3080 2828 3145 Trimeter
2850 3090 2953 3147 est
2985 3082 3321 3163 iambicus,
3358 3105 3548 3167 quem
3575 3085 3669 3149 sic
3691 3084 3895 3149 latine
3913 3091 4170 3149 vertere
4205 3083 4442 3167 possis:

2878 3185 2987 3253 Me,
3023 3186 3312 3241 misceatur
3346 3188 3466 3255 igne
3503 3193 3667 3256 terra,
3704 3197 3934 3252 mortuo,

2500 3270 2581 3336 ab
2625 3271 2904 3336 Erasmo
2931 3270 3176 3337 relatus
3218 3272 3393 3337 inter
3437 3273 3819 3356 paroemias,
3866 3287 3933 3337 et
3958 3293 4150 3354 quem
4176 3291 4445 3354 prover-

2498 3353 2738 3420 bialem
2758 3357 2959 3422 fuisse
2995 3357 3338 3440 significat.
3386 3357 3808 3441 Tranquillus
3844 3359 3910 3422 in
3933 3358 4213 3433 Nerone,
4252 3378 4445 3439 quem

2499 3442 2701 3506 refert
2716 3492 2730 3518 ,
2789 3441 3071 3525 quodam
3113 3443 3188 3507 in
3231 3463 3532 3509 sermone
3576 3443 3905 3510 communi
3945 3463 4212 3508 versum
4254 3440 4446 3506 illum

2499 3525 2774 3606 dicente,
2822 3527 3253 3609 respondisse,
3279 3531 3429 3607 ἐμοῦ
3457 3531 3690 3609 ζῶντος.
3752 3527 3859 3594 Ad
3896 3528 4075 3593 hunc
4109 3526 4441 3592 senarium

2499 3612 2722 3677 allusit
2765 3611 3170 3678 Claudianus
3212 3615 3561 3679 Ruffinum
3615 3613 3859 3680 faciens
3904 3614 3996 3679 sic
4040 3613 4441 3694 loquentem:

2821 3715 3033 3769 Everso
3068 3716 3219 3770 iuvat
3256 3717 3385 3771 orbe
3421 3718 3572 3783 mori,
3609 3717 3806 3771 solatia
3841 3715 3975 3770 lethi

2822 3782 3059 3838 Exitium
3081 3785 3123 3850 ¹)
3164 3801 3442 3840 commune
3479 3784 3644 3840 dabit.

2497 3871 2635 3936 Nec
2688 3869 3053 3936 absimilem
3104 3871 3499 3936 sententiam
3552 3871 3775 3936 laudat
3826 3869 3965 3952 ipse
4009 3865 4262 3934 Seneca
4304 3867 4441 3933 Na-

2496 3955 2812 4022 turalium
2856 3957 3311 4038 quaestionum
3346 3955 3513 4023 libro
3532 3956 3683 4021 VL:
3730 3956 4016 4041 Egregie
4046 3953 4276 4036 inquit,
4301 3952 4438 4019 Va-

2498 4041 2709 4128 gellus
2752 4064 2936 4108 meus
2978 4042 3051 4106 in
3092 4041 3205 4108 illo
3248 4042 3494 4127 inclyto
3539 4042 3854 4108 carmine:

2702 4144 2758 4198 Si
2793 4143 3089 4199 cadendum
3125 4153 3212 4200 est
3245 4146 3391 4213 mihi,
3425 4145 3581 4203 coelo
3618 4144 3876 4200 cecidisse
3910 4146 4076 4200 iuvat.

2497 4230 2685 4297 Idem
2718 4231 2871 4298 licet
2905 4229 3136 4310 dicere,
3175 4230 3252 4298 Si
3288 4229 3654 4297 cadendum
3689 4239 3807 4309 est,
3845 4231 4075 4297 cadam
4109 4229 4264 4297 orbe
4287 4252 4438 4296 con-

2498 4338 2705 4384 cusso.
2791 4317 2857 4382 N
2859 4337 2942 4382 on
2999 4317 3152 4400 quia
3206 4318 3304 4383 fas
3358 4325 3460 4382 est
3502 4324 3730 4398 optare
3782 4317 4107 4400 publicam
4162 4316 4437 4393 cladem,

2499 4401 2616 4469 sed
2659 4403 2813 4486 quia
2858 4403 3093 4487 ingens
3137 4404 3366 4469 mortis
3410 4400 3715 4468 solatium
3758 4411 3885 4480 est,
3942 4410 4188 4467 terram
4232 4423 4437 4487 quan-

2497 4487 2712 4571 doque
2755 4487 2977 4553 videre
3019 4489 3380 4554 mortalem.

2669 4572 2758 4639 Et
2797 4573 2931 4639 alia
2973 4574 3164 4640 huius
3206 4572 3409 4659 notae]
3456 4571 3777 4639 Eiusdem
3864 4576 4094 4652 eneris,
4139 4582 4207 4639 et
4242 4573 4439 4638 ratio-

2498 4659 2621 4738 nis,
2666 4658 2862 4724 ducta
2904 4661 3330 4727 translatione
3365 4679 3407 4723 a
3437 4659 3650 4724 forma
3693 4660 3823 4743 pub
3850 4660 3968 4738 ica,
4014 4679 4142 4743 qua
4182 4659 4437 4724 nummi

2499 4743 2971 4827 percutiuntur.
3060 4746 3315 4812 Seneca
3344 4744 3619 4828 Epistol.
3664 4745 3831 4812 libro
3856 4745 3966 4811 V.:
4014 4765 4217 4828 quum
4238 4742 4440 4809 vellet

2498 4830 2951 4897 demonstrare
3004 4832 3176 4897 facta
3217 4851 3293 4896 ac
3336 4829 3508 4896 dicta
3551 4832 3866 4915 sapientis
3910 4828 4195 4896 eiusdem
4240 4830 4438 4895 ratio-

2499 4917 2602 4982 nis
2643 4936 2812 4993 esse,
2871 4914 3366 4999 Respondeant,
3424 4916 3664 4999 inquit,
3724 4915 3873 4993 sibi,
3931 4925 3999 4982 et
4056 4931 4185 4979 una
4226 4915 4440 4979 forma

2636 5122 2692 5187 l)
2736 5119 2830 5176 Sic
2862 5119 3110 5175 emendae
3138 5121 3325 5189 prima
3362 5119 3566 5177 Stoa-ii
3596 5122 3678 5176 cd.
3715 5119 3848 5175 1611
3885 5124 3934 5173 et
3967 5122 4256 5186 sequentes.
4321 5116 4437 5171 Aa·

2498 5198 2585 5247 tea
2617 5189 2757 5244 male
2789 5189 3092 5258 levabatur:
3128 5191 3345 5245 exitum.
3932 5271 4034 5323 10⁴·
