4984 5975
2021 255 2757 325 PROLEGOMENA.
4222 260 4401 327 LIII

377 450 632 516 ecloum
683 448 972 531 Nicopoli
1029 445 1447 529 Pamphiliae.
1535 447 1682 512 Iam
1723 447 1870 530 quis
1928 446 2051 512 sub
2102 446 2225 512 hoc
2267 446 2536 511 Ioannis
2580 444 2844 513 Zelotae
2886 447 3151 511 nomine
3193 445 3396 512 lateat
3410 497 3425 524 ,
3481 446 3666 513 nullo
3709 449 4025 532 temporis
4068 455 4401 516 momento

381 560 576 626 nobis
631 558 903 624 dubium
955 558 1085 623 fuit
1103 609 1119 638 ,
1171 558 1282 641 qui
1334 558 1546 642 primo
1602 559 1823 623 statim
1885 558 2120 623 obtutu
2173 556 2558 622 Wendelini
2612 558 2821 621 nostri
2888 556 3140 622 Rihelii
3208 565 3404 640 typos
3459 567 3527 622 et
3579 559 3942 642 scripturae
3994 559 4397 645 compendia,

379 673 572 738 nobis
613 691 808 754 quam
850 670 1139 735 maxime
1175 670 1585 735 familiariter
1625 670 1903 753 cognita,
1951 668 2519 753 deprehendimus,

695 783 843 866 Age
884 801 1064 861 vero,
1108 779 1281 865 quod
1325 781 1646 847 curiosius
1690 781 2117 864 exspectabis,
2163 787 2460 847 autorem
2504 774 2856 845 Calvinum
2903 778 3022 844 tibi
3042 854 3047 861 ι
3068 778 3588 846 demonstremus
3635 788 3905 863 oportet.
3970 782 4169 847 Hunc
4211 783 4400 849 nobis

387 893 876 963 commendabit
917 893 1278 959 amicorum
1319 892 1526 975 ipsius
1569 912 1706 956 non
1748 892 1977 956 infimo
2021 891 2159 956 loco
2197 891 2415 974 clarus
2458 890 2742 956 Ioannes
2787 887 3172 970 Sleidanus,
3218 890 3900 975 historiographorum
3942 893 4121 958 illius
4164 895 4398 960 aetatis

384 1006 878 1085 celeberrimus,
935 1025 1138 1088 eoque
1192 1004 1333 1087 ipso
1378 1024 1551 1069 anno
1601 1006 1763 1067 1540
1807 1003 2232 1087 Argentorati
2278 1000 2522 1086 degens
2536 1053 2553 1081 ,
2608 1000 2987 1084 quotidiana
3028 1002 3163 1066 fere
3208 1002 3676 1068 consuetudine
3719 1000 3999 1069 calvino
4042 1005 4399 1086 proximus.

379 1118 458 1184 Is
501 1117 576 1182 in
618 1117 755 1182 suis
795 1115 876 1180 de
918 1121 1095 1180 statu
1138 1114 1474 1199 religionis
1510 1121 1577 1180 et
1616 1115 1714 1179 rei
1755 1114 2055 1197 publicae
2095 1112 2331 1179 Oarolo
2377 1111 2629 1193 Quinto
2673 1110 2955 1177 Caesare
2999 1114 3485 1178 commentariis
3521 1112 3688 1178 libro
3729 1114 3929 1180 xm.
3990 1113 4074 1180 ad
4117 1136 4173 1181 a.
4215 1120 4398 1182 1540.

378 1228 592 1314 (Edit.
635 1228 937 1293 Francos.
1001 1229 1184 1292 1786.
1230 1227 1302 1291 Τ.
1349 1226 1440 1291 Π.
1486 1247 1547 1309 p.
1579 1230 1692 1289 181
1735 1226 1941 1309 seqq.)
1986 1225 2147 1290 haec
2189 1223 2430 1301 habet,
2448 1246 2614 1308 quae
2663 1223 2965 1306 quamvis
3011 1223 3207 1306 paulo
3244 1224 3456 1289 fusius
3498 1225 3826 1307 exposita,
3874 1226 4132 1311 integra
4176 1235 4400 1293 tamen

381 1340 497 1406 hic
539 1359 865 1423 apponere
908 1358 1141 1421 operae
1180 1339 1468 1421 pretium
1505 1338 1660 1411 erit:

699 1449 804 1515 De
851 1449 1168 1515 cardinali
1220 1447 1532 1514 Fame-sio
1596 1469 1799 1529 supra
1853 1449 2154 1513 diximus.
2259 1447 2334 1511 Is
2378 1446 2631 1510 Lutetia
2678 1446 3085 1511 Parisiorum
3117 1448 3433 1528 profectus
3477 1468 3619 1512 cum
3663 1445 3932 1513 Caesare
3969 1449 4099 1531 fuit
4139 1449 4210 1514 in
4253 1449 4401 1515 Bel-

380 1565 586 1649 9ium,
629 1559 1067 1627 adolescentiae
1107 1561 1220 1624 vix
1260 1580 1544 1644 cyressus
1585 1580 1813 1639 annos;
1868 1564 1922 1624 et
1970 1556 2299 1624 Caesarem
2339 1558 2594 1640 indique
2635 1557 2854 1622 tulisse
2890 1558 3134 1640 ferunt,
3179 1559 3345 1639 quod
3391 1579 3516 1623 non
3558 1559 3829 1639 aliquem
3874 1565 4072 1625 aetate
4122 1560 4402 1627 consilio-

384 1694 514 1756 que
559 1693 816 1757 qravem
855 1670 1144 1754 pontifex
1199 1672 1487 1737 misisset.
1569 1672 1787 1754 ‘Quum
1838 1672 2036 1755 iyitur
2090 1670 2165 1735 de
2205 1669 2505 1752 reliqione
2518 1719 2532 1747 ,
2587 1668 2779 1748 deque
2821 1667 2972 1733 bello
3014 1670 3245 1753 turcico
3287 1670 3612 1736 incidisset
3648 1670 4003 1736 deliberatio
4016 1721 4032 1750 ,
4088 1677 4144 1736 et
4193 1671 4401 1738 Gran-

387 1784 681 1850 vellanus
727 1781 916 1848 verba
971 1781 1241 1863 fecisset,
1297 1781 1650 1848 Farnesius
1689 1783 1937 1847 tandem
1952 1832 1966 1861 ,
1999 1785 2330 1862 praesente
2376 1778 2643 1845 Caesare
2684 1784 2867 1860 atque
2912 1778 3316 1847 Ferdinando
3354 1774 3520 1865 repe,
3583 1783 3948 1846 sententiam
3981 1783 4158 1863 dicit,
4190 1785 4401 1865 ponti-

377 1897 566 1979 ficem
628 1894 808 1961 valde
860 1914 1080 1976 cupere
1116 1914 1336 1975 pacem
1388 1898 1444 1959 et
1495 1895 1954 1959 consensionem
2003 1892 2409 1969 Germaniae,
2465 1888 2575 1955 sed
2614 1890 2799 1955 talem
2839 1911 3000 1972 quae
3041 1890 3181 1957 Deo
3222 1893 3307 1956 sit
3347 1912 3470 1957 non
3510 1893 3792 1976 ingrata,
3849 1913 4071 1976 cupere
4104 1894 4290 1959 etiam
4330 1900 4403 1960 ut

379 2028 566 2075 omne
616 2007 807 2072 robur
849 2005 1216 2088 eapediatm·
1256 2006 1326 2068 in
1377 2006 1677 2099 Turcam:
1727 2004 1837 2070 sed
1888 2004 1974 2069 ad
2023 2003 2384 2086 reliqionem
2425 2007 2480 2066 et
2508 2006 2920 2083 protestantes
2962 2003 3126 2082 quod
3169 2005 3400 2084 attinet,
3442 2025 3568 2069 non
3609 2004 3795 2069 semel
3836 2024 3976 2070 cum
4018 2006 4153 2071 illis
4195 2011 4401 2072 actum

374 2139 521 2187 esse
561 2118 638 2183 de
676 2117 1002 2183 concordia
1015 2166 1030 2195 ,
1067 2117 1439 2198 praesertim
1480 2117 1550 2180 in
1591 2117 1919 2200 Auyustae
1956 2114 2249 2192 comitiis,
2293 2118 2352 2178 et
2391 2111 2735 2177 exhibitam
2776 2112 2854 2176 ab
2890 2113 3028 2178 illis
3068 2119 3202 2179 tum
3241 2116 3445 2196 fuisse
3497 2115 3811 2180 doctrinae
3862 2136 4020 2181 suae
4071 2117 4400 2201 confessio-

375 2252 559 2298 nem:
603 2228 766 2312 quod
805 2248 958 2293 sane
997 2228 1329 2309 seriptum,
1372 2228 1512 2292 licet
1550 2228 1778 2293 multos
1819 2225 2037 2291 habeat
2075 2245 2343 2303 errores,
2388 2223 2468 2287 ab
2512 2224 2678 2303 ipsis
2718 2229 2926 2289 tamen
2966 2225 3203 2290 interea
3246 2227 3332 2291 sit
3371 2227 3703 2307 violatum
3754 2227 3962 2308 itaque
4003 2248 4196 2310 quum
4236 2228 4402 2296 nihil

375 2343 538 2410 certi
582 2345 923 2425 sequantur
963 2344 1142 2420 atque
1184 2343 1493 2419 statuant,
1545 2344 1601 2404 et
1642 2339 1771 2402 sint
1814 2342 2117 2419 tanquam
2160 2335 2478 2420 anguillae
2531 2333 2829 2414 lubricae,
2883 2335 3050 2399 nihil
3104 2355 3244 2400 cum
3296 2338 3464 2419 ipsis
3515 2338 3826 2422 aqendum
3883 2357 4014 2404 esse
4057 2344 4397 2421 praeterea.

381 2454 726 2538 Superiori
769 2452 957 2517 etiam
1000 2471 1161 2515 anno
1201 2470 1417 2533 reyem,
1460 2449 1709 2515 hortatu
1750 2445 2264 2531 Brandeburqici
2298 2445 2645 2529 principis,
2690 2444 2955 2510 alteram
2991 2447 3344 2514 instituisse
3385 2468 3525 2513 cum
3567 2448 3732 2531 ipsis
3783 2450 4081 2515 actionem
4094 2500 4109 2530 ,
4163 2451 4274 2516 sed
4325 2453 4399 2517 in

373 2569 529 2648 ipso
573 2565 815 2644 limine,
860 2563 1023 2644 quod
1059 2562 1188 2628 dici
1230 2562 1403 2641 solet,
1458 2561 1601 2627 illos
1642 2561 1995 2643 impeqisse,
2052 2579 2161 2623 nec
2201 2558 2460 2621 obscura
2489 2558 2968 2636 demonstrasse,
3028 2578 3217 2638 quam
3255 2560 3385 2624 sint
3425 2561 3639 2626 animo
3681 2582 3724 2624 a
3768 2561 4091 2625 concordia
4131 2582 4398 2643 prorsus

372 2678 609 2743 alieno.
703 2677 908 2758 Quum
949 2676 1113 2739 enim
1155 2674 1234 2739 ab
1276 2674 1476 2755 officio
1530 2672 1714 2737 semel
1761 2677 1818 2737 et
1871 2691 1914 2735 a
1967 2670 2310 2750 disciplina
2362 2668 2717 2734 recesserint
2730 2719 2745 2747 ,
2797 2689 2863 2733 eo
2914 2690 3079 2735 nunc
3131 2690 3263 2736 8338
3301 2680 3699 2754 proqressos,
3756 2678 3827 2734 ut
3869 2673 4223 2753 pontificem
4274 2694 4398 2738 non

373 2789 777 2857 mundatum
793 2839 807 2867 ,
852 2784 972 2852 sed
1004 2786 1369 2850 exstinctum
1384 2834 1399 2863 ,
1442 2790 1497 2849 et
1536 2785 1694 2848 vitia
1734 2804 1859 2848 non
1900 2782 2176 2861 sublata,
2229 2782 2352 2846 sed‘
2379 2781 2589 2863 ipsam
2631 2780 3032 2861 apostolicam
3076 2782 3283 2847 sedem
3335 2782 3527 2848 velint
3581 2785 3988 2866 exstirpatam
4001 2833 4016 2862 ‚
4071 2790 4142 2848 ut
4193 2786 4399 2851 omnis

368 2902 534 2968 inde
574 2899 932 2965 iurisdictio
973 2901 1225 2962 corruat
1268 2896 1690 2961 ecclesiastiea.
1769 2894 2092 2976 Qumnque
2130 2893 2201 2958 id
2244 2893 2390 2956 ausi
2439 2891 2681 2973 fuerint
2733 2896 2874 2956 ante
2924 2912 3160 2957 annum
3200 2895 3591 2974 proximum,
3637 2893 3938 2976 Europae
3984 2899 4152 2960 statu
4194 2897 4397 2979 paulo

367 3011 834 3095 tranquilliori,
874 3010 1032 3093 quid
1073 3028 1237 3074 nunc
1277 3008 1562 3094 credibile
1596 3008 1679 3071 sit
1719 3027 1820 3071 eos
1853 3006 2149 3090 facturos,
2180 3024 2344 3085 pace
2383 3004 2659 3069 nondum
2697 3004 3028 3068 constituta
3066 3024 3207 3070 cum
3255 3005 3512 3072 Galliae
3563 3027 3702 3091 reqe
3715 3057 3730 3085 ,
3786 3013 3845 3071 et
3887 3007 4098 3072 Tmca
4138 3029 4399 3074 rursum

372 3127 744 3193 mamae
789 3121 1145 3187 Pannoniis
1159 3119 1195 3183 ‚2
1282 3120 1611 3184 Nimirum
1651 3120 1724 3183 in
1760 3117 1876 3183 hac
1919 3126 2256 3199 temporum
2296 3114 2652 3181 calamitate
2690 3115 2885 3179 multo
2915 3115 3164 3199 futuros
3206 3136 3337 3181 esse
3361 3119 3799 3197 proterviores,
3892 3118 4026 3183 Nec
4066 3140 4196 3185 esse
4233 3122 4396 3202 quod

361 3241 688 3324 putentur
728 3234 805 3299 ab
843 3232 1123 3298 instituto
1152 3251 1342 3313 posse
1382 3231 1714 3297 dimoveri.-
1755 3249 1865 3295 nec
1905 3230 2070 3293 enim
2099 3246 2316 3309 pauca
2357 3225 2665 3307 quaedam
2705 3227 2779 3291 in
2819 3228 3296 3293 controversiam
3350 3230 3558 3294 venire
3573 3280 3588 3308 ,
3644 3229 3755 3294 sed
3794 3229 3872 3294 dc
3902 3229 4214 3310 plurimis
4253 3232 4397 3315 doq-

371 3348 579 3415 matis
618 3344 971 3428 disceptari.
1035 3343 1283 3409 Deinde
1310 3362 1512 3424 prope
1542 3343 1846 3408 incertum
1889 3361 2035 3420 esse,
2076 3337 2432 3404 cuiusmodi
2473 3337 2559 3401 sit
2598 3337 2876 3401 ineunda
2919 3338 3260 3418 concordia,
3304 3358 3498 3420 quum
3540 3340 3703 3404 inter
3743 3359 3810 3405 38
3851 3340 4200 3406 dissideant
4238 3343 4397 3423 ipsi.-

377 3480 546 3527 nam
590 3458 789 3524 aliam
828 3476 960 3522 esse
1002 3454 1283 3534 Lutheri,
1342 3454 1542 3520 aliam
1593 3451 1883 3536 Zuinqlii
1925 3451 2272 3517 doctrinam
2287 3499 2303 3529 ,
2350 3469 2428 3513 ne
2469 3449 2626 3529 quid
2681 3447 2933 3513 interim
2975 3448 3050 3512 de
3091 3450 3358 3530 reliwis
3397 3451 3649 3515 dicatur
3691 3452 3903 3517 sectis:
3959 3458 4014 3517 et
4050 3458 4120 3515 ut
4160 3471 4397 3518 concor-

379 3573 540 3639 diae
583 3588 725 3651 spes
766 3567 986 3649 aliqua
1027 3567 1129 3646 sit,
1173 3565 1316 3632 illos
1354 3571 1558 3631 tamen
1596 3584 1718 3629 non
1759 3583 1890 3628 esse
1920 3561 2257 3646 parituros
2308 3559 2593 3625 ecclesiae
2630 3578 2928 3624 romanae
2943 3610 2958 3638 ,
3022 3561 3154 3625 nisi
3187 3562 3391 3627 multa
3433 3562 3598 3641 ipsis
3638 3563 3899 3627 invicem
3925 3563 4391 3644 permittantur,

371 3682 700 3749 nimirum
752 3679 997 3760 inteqra
1049 3697 1263 3742 coenae
1299 3675 1567 3742 Domini
1597 3675 1913 3757 perceptio
1926 3724 1941 3753 ,
1997 3673 2355 3755 coniuqium
2394 3671 2783 3736 sacerdotum
2825 3675 2884 3735 et
2922 3671 2995 3736 id
3031 3691 3229 3755 qenus
3269 3671 3435 3737 alia:
3489 3694 3648 3755 quae
3689 3674 3941 3755 quidem
3978 3674 4114 3738 sine
4144 3673 4395 3755 publico

373 3796 625 3862 decreto
665 3810 788 3856 non
828 3790 960 3854 sint
1006 3788 1415 3854 immutanda.
1514 3786 1663 3852 Iam
1703 3788 1766 3851 si
1808 3788 1955 3869 quis
1994 3787 2196 3863 dicat,
2250 3781 2398 3847 haec
2445 3782 2586 3847 alis
2639 3781 2750 3846 otii
2791 3783 3134 3847 communis
3187 3788 3246 3848 et
3299 3784 3780 3865 tranquillitatis
3819 3803 4014 3848 causa
4055 3784 4307 3849 coneedi-
4339 3790 4396 3850 et

377 3922 756 3971 consensum
805 3905 954 3982 post
995 3901 1326 3981 impetrari
1359 3918 1546 3981 posse
1586 3898 1678 3963 vel
1715 3898 1950 3964 summi
1987 3895 2308 3979 pontificis
2348 3895 2445 3959 vel
2485 3893 2673 3959 etiam
2716 3892 2989 3973 concilii,
3040 3915 3163 3959 non
3204 3896 3369 3960 male
3408 3896 3657 3976 quidem
3699 3895 3870 3960 istud
3909 3896 4038 3960 dici
4052 3945 4067 3974 ,
4110 3896 4219 3961 sed
4259 3897 4395 3979 fore

373 4021 456 4082 ut
499 4015 604 4080 illi
655 4033 800 4078 mox
844 4031 982 4076 eam
1033 4011 1391 4093 facultatem
1446 4010 1797 4091 arripiant,
1851 4029 1975 4074 non
2015 4010 2365 4090 exspectata
2406 4004 2868 4086 confirmatione
2895 4003 3175 4085 publica.
3287 4007 3462 4087 Quod
3517 4008 3577 4071 si
3628 4005 3770 4086 fiat,
3820 4026 4057 4070 omnem
4108 4026 4210 4072 eos
4265 4028 4396 4073 8338

363 4128 776 4212 proiecturas
816 4122 1064 4189 concilii
1104 4141 1352 4200 curam,
1396 4142 1526 4204 qua
1562 4121 1810 4203 quidem
1854 4141 1931 4185 esc
1970 4140 2040 4184 re
2079 4137 2312 4200 mayna
2351 4118 2440 4181 sit
2479 4116 2729 4180 oritura
2768 4115 2996 4180 divisio
3025 4136 3150 4197 per
3193 4115 3397 4181 orbem
3440 4117 3863 4182 christianum
3880 4167 3895 4195 ,
3941 4119 4191 4198 quando
4232 4119 4396 4183 vide-

373 4242 528 4309 licet
582 4258 625 4302 a
685 4235 1065 4300 Germaniae
1119 4232 1349 4300 ritibus
1408 4233 1628 4298 Gallia
1685 4238 1742 4297 et
1798 4230 2127 4312 Hispania
2177 4232 2237 4293 et
2289 4227 2490 4293 Italia
2547 4232 2603 4292 et
2654 4226 2933 4306 reliquae
2975 4228 3341 4308 provinciae
3386 4228 3579 4310 plane
3615 4228 4016 4293 dissidebunt.
4113 4229 4289 4310 Quod
4329 4231 4392 4294 si

373 4348 615 4419 deinde
668 4346 997 4412 concilium
1046 4346 1207 4427 forte
1260 4346 1656 4409 mutationem
1714 4344 1950 4425 factam
2003 4346 2058 4406 et
2120 4341 2206 4406 ad
2260 4344 2499 4421 tempus
2554 4356 2903 4403 concessam
2952 4338 3252 4420 improbet
3306 4344 3362 4404 et
3427 4341 3807 4404 contrarium
3861 4360 4097 4421 quoque
4140 4344 4390 4420 statuat,

375 4461 634 4529 nullam
673 4459 808 4540 fore
850 4477 1021 4538 spem
1069 4455 1345 4538 amplius
1394 4455 1466 4518 in
1506 4456 1677 4520 viam
1710 4452 2085 4519 revocandae
2131 4450 2509 4515 Germaniae
2554 4450 2695 4515 suis
2734 4450 2805 4512 in
2859 4450 3257 4529 opinionibus
3298 4452 3430 4515 iam
3471 4450 3891 4531 confirmatae,
3945 4457 4000 4515 et
4033 4452 4392 4532 periculum

378 4593 520 4642 esse
565 4592 644 4635 ne
674 4565 1102 4651 protestantes,
1138 4568 1302 4650 quod
1341 4587 1537 4631 unum
1579 4568 1649 4630 in
1679 4565 1922 4648 primis
1954 4562 2313 4640 moliantur,
2356 4561 2628 4642 reliquos
2661 4560 2847 4624 etiam
2893 4561 3140 4625 ordines
3182 4562 3267 4625 ad
3307 4562 3696 4644 defectionem
3738 4563 4077 4642 impellant.
4169 4562 4393 4629 Gaesa-

375 4707 520 4753 rem
569 4682 781 4763 ipsum
821 4699 944 4743 non
996 4680 1285 4760 iqnorare
1298 4728 1312 4756 ,
1367 4677 1882 4759 quemadmodum
1924 4674 2224 4741 anteactis
2278 4673 2469 4738 annis
2515 4671 2617 4736 illi
2669 4671 2745 4735 de
2792 4672 3047 4753 coqendo
3090 4673 3343 4737 coneilio
3384 4674 3689 4738 decretum
3728 4675 3985 4756 fecerint
4025 4676 4096 4737 in
4136 4675 4391 4755 imperii

377 4796 680 4871 emnitiis,
748 4790 1077 4854 autoritate
1116 4808 1239 4854 sua
1273 4790 1568 4870 quadam,
1608 4790 1749 4871 ipso
1781 4808 1905 4852 non
1953 4785 2236 4852 consulta
2330 4784 2431 4848 Ne
2463 4782 2617 4864 quid
2649 4801 2792 4865 erqo
2823 4782 3030 4847 simile
3051 4783 3316 4863 posthac
3345 4785 3476 4863 fiat,
3513 4806 3645 4850 esse
3667 4785 4144 4865 providendum.
4214 4785 4389 4849 Haec

382 4905 602 4966 atatem
647 4901 782 4965 ideo
825 4919 958 4966 sese
1005 4901 1262 4983 referre,
1326 4921 1445 4981 quo
1490 4901 1744 4966 videant
1787 4904 2041 4979 uterque
2075 4897 2230 4978 quid
2262 4894 2643 4978 sperandum
2686 4894 2770 4956 sit
2803 4913 2881 4956 ex
2917 4893 3196 4972 privatis
3230 4893 3367 4958 illis
3401 4896 3745 4960 actionibus
3778 4903 3833 4960 et
3866 4896 4197 4975 colloquiis.
4286 4895 4389 4960 De

361 5033 540 5098 pace
577 5031 720 5078 cum
757 5011 890 5077 illis
924 5015 1129 5076 actum
1162 5033 1295 5078 esse
1332 5011 1751 5093 Sebuinfurti‚
1797 5015 1851 5075 et
1873 5014 2018 5092 post
2055 5007 2436 5090 Noriberyae
2468 5006 2670 5087 fuisse
2702 5008 2929 5084 pactas
2962 5002 3270 5082 induciaS,
3306 5008 3627 5071 constituta
3652 5027 3887 5089 poena.-
3930 5006 4038 5070 sed
4068 5005 4228 5084 illos,
4265 5026 4389 5070 non

375 5123 608 5190 habita
658 5124 898 5189 ratione
944 5125 1102 5188 tanti
1155 5124 1457 5205 beneficii,
1515 5123 1784 5188 violasse
1833 5125 2027 5203 pacta
2078 5138 2383 5198 suumque
2435 5118 2656 5200 foedus
2698 5114 2956 5179 auxisse
3000 5114 3177 5178 novis
3222 5119 3563 5183 multarum
3612 5119 3932 5182 civitatum
3976 5122 4160 5197 atque
4201 5117 4387 5196 prin-
