4984 5975
364 321 489 383 257

355 508 656 573 cietatem
698 507 1127 590 profitendam
1174 506 1456 591 digitum
1495 506 1755 588 tollunt,
1802 508 1913 591 qui
1959 528 2032 573 se
2075 508 2304 591 quavis

350 592 591 658 missae
613 593 1109 675 participatione
1134 593 1435 677 illigant?
1481 593 1610 658 Est
1634 601 1853 658 tamen
1873 592 2050 658 istud
2076 595 2304 659 etiam-

350 700 514 745 num
555 680 842 757 tertium,
886 677 1056 761 quod
1100 700 1226 762 quo
1261 685 1362 744 est
1392 678 1820 758 manifestius,
1865 699 1941 743 eo
1977 679 2124 762 pios
2164 680 2304 745 ani-

349 785 494 830 mos
529 765 788 830 afficere
867 765 1112 830 ressius
1147 771 1386 847 potest:
1428 785 1664 847 nempe
1698 764 1984 830 nefanda
2021 769 2170 845 [pag.
2196 770 2302 846 22]

351 849 750 928 idololatria,
853 871 966 914 um
1057 852 1199 916 anis
1244 849 1657 915 divinitatem
1698 849 1971 915 induere
2013 852 2302 936 fingitur,

353 957 602 1020 proque
643 934 789 999 Deo
832 936 905 999 in
948 956 1026 1000 su
1070 936 1227 1001 lime
1271 935 1641 1001 adorandus
1685 935 1962 1015 tollitur,
2009 937 2303 1003 sublatus

355 1022 438 1087 ab
481 1022 781 1087 omnibus
836 1021 1091 1086 colitur.
1174 1020 1364 1108 Quae
1418 1028 1603 1086 tanta
1656 1021 1999 1087 atrocitate
2015 1072 2029 1098 ,
2085 1030 2303 1088 tanta-

351 1129 478 1191 que
522 1107 913 1191 indignitate
954 1109 1197 1173 referta
1250 1129 1355 1173 res
1398 1112 1525 1186 est,
1572 1114 1650 1171 ut
1691 1107 1836 1186 vix,
1881 1107 2009 1172 nisi
2054 1116 2302 1192 specte-

353 1201 482 1272 tur,
530 1192 707 1259 credi
750 1199 969 1276 queat:
1032 1195 1126 1259 sic
1176 1194 1469 1257 omnium
1513 1191 1717 1258 oculis
1761 1191 2052 1258 subiecta
2101 1201 2300 1277 patet,

353 1290 427 1344 ut
481 1279 890 1363 argumentis
945 1300 1110 1362 opus
1163 1280 1436 1344 minime
1480 1277 1734 1343 habeat.
1802 1279 1938 1343 Pro
1979 1279 2154 1358 Deo,
2199 1279 2301 1345 in-

354 1386 570 1449 quam,
616 1371 1003 1443 ostentatur,
1048 1364 1358 1429 adoratur
1371 1415 1386 1442 ,
1432 1365 1779 1429 invocatur
1821 1364 2009 1446 panis
2048 1372 2303 1431 crustu-

349 1450 514 1517 lum:
563 1450 748 1516 Deus
793 1450 1070 1533 denique
1114 1472 1255 1515 esse
1299 1449 1616 1515 creditur:
1672 1448 1843 1533 quod
1888 1448 1969 1514 de
2034 1452 2171 1517 suis
2214 1451 2302 1516 si-

349 1537 666 1603 mulacris
721 1536 922 1601 nullis
983 1557 1274 1619 unquam
1342 1536 1649 1620 gentibus
1704 1556 2094 1619 persuasum
2159 1537 2301 1602 fuit.

351 1622 584 1706 Neque
628 1622 736 1687 hic
770 1622 936 1687 mihi
971 1621 1297 1705 quispiam
1330 1622 1680 1704 obstrepat,
1721 1642 1850 1686 non
1891 1642 2147 1704 panem,
2186 1622 2299 1689 sed

352 1709 700 1775 Christum
744 1707 1028 1785 adorari,
1084 1707 1196 1790 qui
1252 1708 1324 1771 in
1380 1707 1570 1790 panis
1612 1707 1830 1773 locum
1874 1707 2176 1787 subierit,
2219 1730 2304 1774 ex

350 1816 481 1879 quo
536 1794 825 1878 legitimo
884 1793 971 1858 sit
1041 1793 1178 1858 ritu
1254 1799 1684 1858 consecratus.
1776 1791 1974 1873 Quod
2050 1794 2305 1860 etiamsi

349 1887 616 1948 sanctae
658 1878 908 1945 Christi
950 1898 1189 1944 coenae
1233 1879 1585 1945 convenire
1629 1877 1885 1957 demus,
1931 1899 2302 1963 quanquam

347 1967 522 2031 nihil
575 1966 799 2031 minus
860 1963 1300 2044 concedimus,
1361 1964 1444 2029 ad
1502 1965 1772 2029 missam
1815 1972 2038 2029 tamen
2095 1965 2303 2030 nihilo

343 2053 638 2138 pertinet
676 2050 907 2134 magis,
944 2072 1140 2133 quam
1183 2049 1266 2114 ad
1308 2055 1562 2115 veteres
1604 2049 2007 2114 Pontificum
2049 2071 2300 2130 coenae,

341 2145 470 2204 aut
512 2135 847 2203 Saliorum
888 2136 1173 2219 epulum.
1245 2132 1324 2198 Id
1368 2134 1631 2219 quidem
1675 2135 1733 2200 si
1770 2135 1946 2199 inter
1987 2155 2110 2200 nos
2145 2155 2301 2202 con-

335 2224 630 2301 veniret,
676 2220 847 2304 quod
886 2228 1059 2286 certo
1103 2231 1401 2286 constare
1444 2219 1776 2298 debuerat,
1823 2219 2187 2286 Dominum
2228 2221 2302 2285 in

333 2310 634 2396 mystica
686 2328 807 2372 sua
862 2326 1064 2373 coena
1106 2326 1342 2389 corpus
1394 2304 1711 2389 praebere
1752 2327 1886 2371 non
1931 2306 2101 2389 quod
2147 2305 2301 2371 ado-

334 2415 595 2472 remus,
642 2391 756 2458 sed
789 2392 962 2476 quod
998 2391 1296 2458 edamus:
1343 2390 1912 2475 praesentiamque
1945 2412 2076 2456 non
2115 2391 2302 2457 illam

233 2527 242 2538 -
333 2478 725 2547 naturalem
743 2530 759 2556 ,
817 2499 1015 2561 quam
1069 2477 1210 2543 loco
1259 2476 1373 2542 illo
1427 2477 1752 2543 contineri
1806 2483 2128 2560 oporteat,
2186 2477 2301 2544 sed

334 2565 758 2651 spiritualem
771 2614 787 2643 ,
845 2585 1043 2647 quam
1104 2562 1360 2628 nullum
1416 2562 1542 2628 loci
1601 2562 2053 2643 intervallum,
2119 2564 2303 2629 nulla

337 2652 665 2719 distantia
704 2649 1024 2733 impedire
1067 2649 1289 2732 possit,
1336 2668 1728 2731 proponere:
1776 2655 1919 2728 aut,
1966 2649 2024 2713 si
2065 2649 2298 2728 mavis,

335 2758 488 2805 non
542 2743 848 2802 naturam
903 2736 1004 2800 sui
1061 2735 1347 2817 corporis
1400 2742 1816 2815 praesentem
1857 2733 1994 2800 illic
2054 2741 2123 2800 et
2176 2736 2301 2801 cir-

337 2823 818 2905 cumscriptam
869 2820 1179 2886 exhibere
1195 2870 1213 2900 ,
1267 2818 1382 2885 sed
1439 2819 1792 2885 efficaciam
1848 2825 1916 2885 et
1964 2821 2299 2898 virtutem,

337 2932 435 2976 ne
492 2909 565 2972 in
624 2907 769 2993 ipsa
819 2905 1082 2991 quidem
1133 2926 1335 2971 coena
1395 2904 1504 2970 hic
1559 2904 1903 2989 scrupulus
1953 2905 2298 2972 ·resideret.

339 2996 608 3063 Verum
650 2995 959 3077 quoniam
1001 2990 1291 3058 nondum
1333 2991 1403 3056 id
1447 2991 1673 3057 videre
1725 2992 2029 3058 omnibus
2072 2992 2302 3058 datum

345 3089 471 3160 est,
517 3101 659 3146 rem
706 3079 973 3146 dubiam
1015 3099 1091 3144 ac
1132 3085 1621 3144 controversam
1663 3099 1780 3161 pro
1825 3079 2118 3144 confessa
2162 3100 2302 3144 cer-

346 3178 553 3251 taque
608 3188 714 3231 me
757 3184 1173 3249 praesumere
1214 3185 1298 3229 ne
1342 3165 1486 3246 quis
1528 3163 1900 3243 cavilletur,
1945 3164 2060 3228 illa
2114 3172 2301 3247 parte

345 3275 486 3320 non
531 3250 803 3317 instabo.
868 3249 1066 3316 Adsit
1100 3270 1257 3315 sane
1291 3250 1363 3314 in
1397 3269 1517 3315 sua
1554 3269 1759 3314 coena
1800 3269 2109 3331 praesens
2143 3270 2302 3317 vero

346 3360 429 3405 ac
495 3337 786 3404 naturali
841 3356 1109 3419 corpore
1154 3335 1458 3401 Christus
1471 3386 1488 3415 ,
1541 3334 1844 3400 manibus
1899 3342 2299 3414 attrectetur,

348 3424 660 3491 dentibus
703 3428 1042 3501 atteratur,
1085 3422 1385 3488 faucibus
1427 3420 1846 3505 deglutiatur,
1891 3420 2303 3486 divinitatem

344 3511 488 3577 illic
543 3515 881 3593 praeterea
934 3528 1123 3574 suam
1173 3507 1392 3584 sistat,
1459 3507 1738 3589 qualiter
1791 3506 1860 3570 in
1914 3506 2053 3572 eius
2107 3527 2304 3572 carne

346 3594 671 3662 ineffabili
716 3592 908 3658 modo
951 3593 1302 3673 habitavit,
1359 3613 1557 3676 quam
1597 3593 1701 3657 ius
1744 3592 1971 3675 fasque
2017 3593 2104 3657 sit
2136 3590 2303 3677 ,ado-

345 3681 489 3748 rari
513 3682 820 3764 (quorum
851 3687 1069 3744 tamen
1104 3687 1455 3761 utrumque
1487 3678 1918 3744 vanissimum
1950 3697 2111 3757 esse,
2149 3677 2306 3744 alibi

348 3768 872 3834 demonstratum
907 3763 1163 3831 abunde
1208 3786 1248 3829 a
1290 3764 1477 3830 nobis
1517 3765 1644 3847 est)
1690 3784 1922 3829 verum
1956 3769 2305 3847 utrumque

345 3853 472 3919 ubi
511 3871 890 3919 concessum
926 3850 1141 3930 fuerit,
1187 3848 1345 3933 quid
1377 3857 1599 3914 tamen
1634 3849 1790 3915 inde
1825 3849 1908 3914 ad
1990 3850 2134 3916 anis
2166 3850 2304 3914 fru-

350 3938 609 4004 stulum
643 3937 1006 4013 accesserit,
1047 3944 1240 4001 extra
1273 3934 1525 4002 Christi
1561 3934 1872 4000 coenam?
2006 3956 2092 4000 on
2127 3936 2304 4000 enim

249 4020 258 4035 “
345 4026 410 4091 si
457 4024 786 4090 Dominus
839 4023 976 4088 suis
1028 4020 1357 4099 fidelibus,
1432 4021 1661 4086 mortis
1714 4041 1868 4085 suae
1923 4021 2306 4087 memoriam

343 4111 463 4196 pie
530 4109 923 4188 colentibus,
992 4128 1227 4191 corpus
1294 4128 1487 4172 suum
1550 4105 1674 4172 sub
1737 4128 1907 4189 pane
1973 4105 2304 4172 edendum

341 4196 646 4283 praebet,
694 4193 997 4277 protinus
1039 4195 1237 4258 etiam
1281 4192 1721 4277 consequitur,
1769 4193 2046 4275 impuris
2089 4193 2306 4275 ipsum

342 4281 737 4349 sacrificulis
787 4279 1257 4344 immolandum
1312 4300 1381 4344 se
1424 4277 1999 4361 mactandumque,
2055 4278 2306 4360 quoties

342 4369 485 4434 illis
540 4367 771 4445 libeat,
829 4364 1111 4431 tradere:
1170 4365 1298 4430 nisi
1355 4364 1520 4429 forte
1577 4370 1832 4429 tantam
1887 4361 2112 4446 putido
2166 4364 2306 4428 oleo

339 4455 622 4521 subesse
675 4451 988 4518 virtutem
1045 4452 1444 4517 arbitramur
1458 4502 1473 4529 ,
1531 4464 1661 4532 qua
1712 4469 1941 4513 omnes
1986 4470 2147 4531 quas
2201 4448 2305 4513 in·-

340 4538 624 4606 unxerit
646 4539 695 4622 ¹)
750 4558 1013 4616 manus,
1079 4539 1321 4620 peritas
1375 4535 1630 4603 Christi
1695 4533 2018 4600 formandi
2074 4533 2308 4600 reddat

341 4626 668 4693 artifices:
725 4630 843 4687 aut
897 4623 1241 4689 sacrificuli
1295 4621 1666 4710 libidinem,
1723 4619 2017 4686 coelestis
2061 4619 2307 4686 decreti

341 4711 614 4796 pondus
671 4709 913 4773 habere
968 4708 1323 4787 credimus,
1381 4716 1458 4773 ut
1513 4708 1765 4790 quoties
1809 4725 1845 4770 e
1890 4705 2066 4771 coelo
2110 4705 2305 4772 Chri-

341 4806 532 4864 stum
576 4793 895 4860 deducere
933 4794 1309 4873 decreverit,
1353 4800 1764 4879 praesentem
1802 4791 1885 4856 ad
1923 4798 2156 4855 nutum
2192 4815 2307 4858 ex-

341 4882 605 4966 templo
641 4880 910 4946 habeat:
948 4886 1064 4944 aut
1096 4879 1348 4946 Christi
1380 4878 1596 4945 verbis
1632 4879 1768 4944 vim
1803 4876 2133 4960 quandam
2166 4896 2308 4941 ma-

337 4968 570 5055 gicam
616 4966 1008 5051 affingimus,
1054 4985 1219 5047 quae
1256 4966 1600 5032 articulate
1635 4971 1891 5029 tantum
1928 4962 2305 5029 demurmu-

502 5240 562 5307 1)
603 5238 750 5293 Edd,
786 5255 918 5294 rece.
956 5236 1093 5291 1576
1129 5252 1267 5306 seqq.
1317 5237 1620 5291 inunxerint
1668 5237 1874 5306 (quelle
1911 5254 1944 5293 a
1981 5240 2125 5293 oinct
2161 5238 2271 5306 (ἱ).

577 5324 801 5380 Calvina·
830 5340 1013 5394 opera.
1076 5323 1191 5378 Vol.
1239 5322 1298 5377 V.

1553 319 1679 384 ns
1720 316 2237 424 FuemNms
2280 316 2765 385 nmmum
2808 316 3160 387 sAcms.

4232 320 4357 383 258

2406 513 2570 586 rata,
2614 508 2944 592 energiam
2992 529 3178 574 suam
3222 509 3569 594 explicent.
3637 508 3907 576 Talibus
3951 510 4129 575 enim
4169 508 4359 592 inep-

2406 593 2519 657 tiis
2563 614 2598 657 e
2638 612 2809 675 pane
2854 593 3193 660 Christum
3252 616 3323 660 se
3366 594 3642 661 educere
3656 647 3672 676 ,
3730 596 3919 661 nobis
3963 595 4354 679 persuadere

2407 678 2828 745 contendunt.
2900 684 3047 759 [pag.
3086 685 3193 760 23]
3241 679 3577 764 Quidquid
3618 702 3775 766 ergo
3818 681 3918 745 illi
3963 680 4042 747 de
4086 701 4206 746 sua
4238 702 4354 766 po-

2408 770 2646 829 testate
2660 815 2676 842 ,
2736 765 3156 831 consecrandi
3210 765 3577 832 intentione
3592 819 3606 844 ,
3665 767 4014 833 verborum
4064 787 4356 850 pronun-

2406 850 2685 916 ciatione
2729 850 2961 916 stolide
3006 852 3327 936 garriunt,
3378 852 3602 918 valere
3647 854 3958 918 sinamus.
4021 852 4159 918 Nos
4202 873 4359 935 pro·

2405 936 2787 1002 missionem
2830 958 3027 1019 quam
3071 938 3232 1003 falso
3274 938 3553 1017 iactant,
3599 940 3886 1022 primum
3930 959 4071 1004 esse
4116 957 4355 1004 coenae

2405 1022 2766 1104 propriam:
2822 1021 3057 1087 deinde
3114 1023 3368 1106 piorum
3425 1023 3580 1088 fidei
3632 1024 3881 1101 datam,
3938 1044 4071 1089 non
4123 1024 4353 1107 impio-

2403 1128 2555 1171 rum
2597 1107 2880 1172 irrisioni
2924 1108 3183 1174 scimus.
3253 1107 3447 1189 Quod
3492 1111 3546 1173 si
3592 1118 3783 1175 extra
3826 1131 4094 1175 coenam
4137 1110 4355 1176 locum

2404 1193 2666 1257 nullum
2710 1194 2927 1272 habet,
2971 1195 3037 1258 in
3083 1195 3301 1273 missa,
3350 1215 3607 1276 quaeso,
3656 1217 3850 1279 quem
3888 1196 4178 1272 habebit,
4225 1216 4355 1278 qua

2406 1278 2576 1343 nihil
2610 1299 2889 1361 usquam
2925 1300 3160 1345 coenae
3196 1280 3404 1364 magis
3439 1280 3789 1346 adversum
3825 1280 3967 1346 est?
4035 1282 4183 1347 Etsi
4217 1302 4353 1346 non

2404 1365 2531 1430 nisi
2576 1364 2700 1447 piis
2744 1364 2827 1429 ad
2870 1365 3172 1431 alendam
3228 1367 3869 1450 confirmandamque
3924 1388 4110 1432 suam
4154 1365 4352 1436 fidem

2404 1450 2740 1534 proposita
2783 1457 2900 1529 est,
2946 1451 3057 1533 qui
3099 1452 3292 1515 unica
3335 1450 3585 1518 Christi
3644 1453 3967 1518 oblatione
3980 1504 3996 1531 ,
4044 1474 4241 1536 quam
4282 1457 4355 1522 in

2406 1557 2599 1601 cruce
2654 1537 2908 1618 peregit
2961 1538 3105 1602 Deo
3148 1539 3318 1621 patri
3336 1589 3351 1616 ,
3407 1544 3745 1604 aeternum
3802 1541 4239 1605 sanctificatos
4281 1562 4353 1607 se

2406 1620 2710 1686 credunt:
2757 1623 2864 1704 qui
2910 1629 3355 1705 praestaretur
3396 1623 3496 1701 iis,
3539 1624 3655 1706 qui
3691 1644 3813 1690 nec
3854 1625 4067 1708 ipsam
4110 1626 4354 1691 intelli-

2407 1714 2592 1791 gunt,
2637 1715 2706 1771 et
2758 1707 2964 1790 ipsius
3006 1716 3354 1791 praetextu
3410 1708 3492 1773 ad
3548 1706 3951 1775 illudendam
4004 1711 4143 1778 eius
4181 1714 4354 1779 veri-

2405 1799 2613 1858 tatem
2676 1792 2989 1858 scelerate
3064 1793 3467 1859 abutuntur?
3568 1795 3769 1862 Illum
3844 1796 4048 1880 igitur
4111 1798 4350 1874 Deum,

2408 1899 2603 1962 quem
2638 1876 3036 1945 ludibundus
3074 1880 3373 1946 sacerdos
3408 1900 3930 1964 quaquaversum
3952 1883 4126 1948 circa
4160 1904 4354 1949 suum

2408 1963 2617 2029 altare
2669 1964 2975 2044 ventilat,
3020 1987 3154 2030 non
3199 1987 3236 2031 e
3279 1966 3453 2032 coelo
3467 2018 3485 2046 ,
3530 1973 3606 2031 ut
3648 1965 3825 2033 credi
3869 1967 4130 2044 volunt,
4175 1970 4355 2037 clici-

2406 2056 2580 2113 tum:
2629 2048 2743 2114 sed
2784 2049 2984 2116 talem
3008 2071 3170 2130 esse,
3218 2052 3430 2135 qualis
3476 2074 3511 2116 e
3555 2053 3837 2136 pistrino
3873 2053 3962 2118 sit
4000 2061 4351 2137 extractus,

2406 2134 2624 2218 palam
2668 2141 2784 2201 est.
2858 2135 3029 2200 Nam
3069 2137 3572 2219 promissionem
3618 2159 3785 2221 quae
3824 2137 4074 2205 Christi
4118 2161 4355 2225 corpus

2407 2218 2528 2285 sub
2569 2222 2761 2302 panis
2785 2220 3081 2305 symbolo
3109 2222 3410 2289 fidelibus
3444 2224 3732 2307 praebet,
3778 2244 3911 2288 non
3955 2223 4040 2290 ad
4074 2246 4183 2290 eos
4217 2249 4355 2292 ma·

2407 2305 2527 2389 gis,
2573 2326 2768 2388 quam
2814 2305 2896 2370 ad
2939 2306 3254 2389 pecudes:
3299 2330 3420 2374 nec
3465 2306 3547 2373 ad
3592 2310 3824 2374 missas
3864 2311 4109 2394 magis,
4156 2333 4357 2395 quam

2406 2389 2489 2455 ad
2534 2390 2955 2457 bacchanalia
2999 2399 3114 2457 aut
3156 2394 3523 2460 'furcarum
3570 2394 3848 2477 prandia
3891 2403 4205 2478 spectare,
4249 2399 4355 2461 ni-

2406 2475 2503 2540 hil
2546 2482 2646 2541 est
2699 2476 2831 2541 iam
2885 2477 3366 2562 ambigendum.
3446 2478 3668 2561 Quid?
3728 2480 4149 2547 histrionicas
4204 2483 4357 2548 illac

2407 2562 2964 2647 gesticulationes,
3009 2564 3106 2629 ita
3156 2565 3498 2631 indecorae
3551 2586 3823 2649 prorsus
3882 2573 3948 2632 et
4002 2567 4355 2636 immodest-

2406 2656 2514 2714 tae
2538 2699 2553 2728 ,
2597 2657 2673 2712 ut
2717 2670 2756 2713 a
2799 2650 2979 2714 sanis
3035 2650 3394 2734 sobriisque
3444 2650 3818 2717 hominibus
3860 2650 4179 2736 proficisci
4221 2675 4356 2720 non

2406 2732 2707 2815 debeant,
2752 2733 2910 2800 dum
2953 2734 3022 2799 in
3068 2735 3406 2801 Christum
3451 2737 3898 2816 conferuntur,
3942 2747 4356 2806 sacrosancto

2406 2820 2547 2885 eius
2599 2820 2848 2885 nomini
2891 2820 3286 2887 videnturne
3344 2823 3465 2890 tibi
3530 2822 3769 2888 leviter
3806 2823 4355 2891 contumeliosae?

2407 2906 2472 2970 A
2527 2905 2933 2973 morionibus
2984 2906 3153 2972 forte
3209 2907 3367 2973 talia
3407 2909 3671 2973 tolerari
3725 2908 3980 2976 ludicra
4033 2916 4354 2995 poterant.

2405 2990 2768 3056 Dominum
2810 3013 2969 3059 vero
3011 2993 3144 3060 illis
3178 2993 3463 3074 inscribi,
3502 3001 3578 3059 ut
3616 2997 3905 3079 graviter
3938 2996 4080 3062 eius
4114 2998 4357 3062 sancti-

2405 3076 2531 3142 tati
2573 3077 2891 3143 iniurium
2934 3086 3050 3157 est,
3094 3079 3191 3145 ita
3230 3079 3367 3145 indi
3467 3081 3703 3160 ssime,
3751 3089 3867 3146 aut
3901 3082 4103 3166 (quod
4138 3084 4359 3150 verius

2406 3162 2717 3247 dixerim)
2760 3164 2947 3229 nullo
2998 3164 3194 3230 modo
3249 3165 3434 3232 nobis
3478 3175 3578 3232 est
3621 3166 3982 3232 ferendum.
4046 3169 4360 3235 Praeser-

2407 3250 2531 3312 tim
2572 3270 2772 3331 quum
2817 3270 2894 3314 eo
2938 3256 3117 3317 recta
3159 3251 3430 3317 tendere
3472 3252 3831 3332 videamus,
3876 3261 3956 3317 ut
3988 3254 4360 3320 institutam

2408 3334 2726 3399 divinitus
2784 3336 3143 3418 spiritualis
3188 3356 3429 3403 coenae
3472 3340 3977 3417 caeremoniam,
4034 3339 4359 3422 sepultam

2405 3420 2915 3503 subversamque
2956 3422 3218 3504 penitus
3270 3424 3713 3509 exstinguant.
3780 3423 4105 3506 Agedum,
4152 3424 4234 3489 ad
4270 3425 4360 3489 si-

2407 3505 2547 3570 mul
2683 3526 2789 3569 am
2842 3506 3082 3572 missae
3122 3506 3502 3593 religionem
3519 3562 3535 3588 ,
3595 3529 3724 3592 qua
3766 3509 4163 3574 conscientia
4205 3530 4354 3592 per-

2409 3610 2579 3675 agen
2726 3590 2868 3656 eius
2909 3592 3245 3677 mysteriis
3288 3595 3569 3673 intersis,
3615 3613 3873 3658 mecum
3915 3615 4092 3658 nunc
4132 3612 4358 3679 recog-

2409 3696 2619 3742 nosce.
2682 3675 2922 3759 ‚Primo
2976 3679 3199 3744 statim
3253 3680 3323 3744 in
3407 3688 3559 3746 essu'
3614 3701 3756 3745 sese
3808 3680 3881 3742 in
3939 3685 4359 3761 conspectum

2406 3761 2610 3827 infert
2653 3761 2877 3843 altare,
2920 3785 3157 3848 parum
3201 3702 3407 3830 ἰΙΙιΙΞιι
3407 3764 3674 3849 quidem
3718 3785 3758 3829 a
3796 3783 4063 3829 mensae
4097 3784 4360 3848 compo-

2409 3847 2642 3913 sitione
2687 3846 3018 3929 differens,
3064 3849 3180 3915 sed
3222 3851 3393 3933 quod
3435 3851 3580 3934 ipsa
3612 3858 3834 3914 tamen
3878 3850 4359 3933 nuncupatione

2410 3933 2837 3999 sacrificando
2893 3955 2963 4000 se
3019 3934 3425 4002 destinatum
3479 3936 3731 4001 clamet.
3808 3933 3954 4000 Iam
4010 3933 4134 4000 hoc
4185 3942 4360 4001 certe

2410 4018 2620 4085 solum
2667 4018 3076 4103 blasphemia
3109 4043 3245 4086 non
3284 4029 3481 4108 caret.
3545 4020 3753 4086 Vides
3787 4019 4218 4102 prodeuntem
4256 4042 4361 4086 sa-

2409 4105 2701 4171 crificum
2717 4156 2733 4184 ,
2793 4106 2906 4189 qui
2958 4114 3238 4189 quatuor
3290 4107 3641 4192 digitorum
3697 4107 4006 4172 unctione
4058 4107 4361 4190 pacifica-

2408 4197 2619 4259 torem
2664 4211 2734 4256 se
2790 4192 2969 4257 inter
3012 4193 3230 4259 Deum
3274 4201 3343 4259 et
3384 4193 3682 4258 homines
3738 4192 4167 4258 constitutum
4222 4194 4361 4277 glo-

2408 4278 2643 4341 rietur:
2683 4277 2794 4360 qui
2831 4276 3083 4344 Christi
3116 4279 3630 4362 promissionem,
3666 4298 3795 4361 qua
3827 4298 4062 4361 corpus
4105 4285 4171 4343 et
4204 4299 4356 4343 san-

2410 4364 2678 4447 guinem
2719 4383 2914 4428 suum
2957 4365 3077 4430 sub
3120 4364 3312 4448 panis
3349 4372 3416 4430 et
3449 4364 3587 4428 vini
3632 4363 3943 4448 symbolis
3979 4364 4184 4430 servis
4220 4364 4355 4429 suis

2411 4448 2737 4514 edendum
2788 4447 3271 4533 bibendumque
3325 4450 3673 4535 proponit,'
3712 4457 4005 4532 ereptam
4060 4449 4389 4543 fidelium,

2410 4533 2734 4613 ecclesiae,
2781 4541 2976 4617 atque
3020 4537 3100 4602 ab
3143 4536 3287 4618 ipsa
3328 4557 3530 4601 coena
3570 4536 3925 4619 abreptam,
3971 4535 4092 4600 sibi
4128 4535 4356 4601 simili-

2407 4618 2658 4703 busque
2701 4620 2804 4685 sui
2846 4622 3256 4687 carnificibus
3301 4620 3628 4687 vendicat:
3676 4622 3787 4704 qui
3830 4620 4176 4687 coelestem
4210 4622 4353 4685 cius

2409 4726 2674 4770 coenam
2720 4707 2957 4772 missae
2998 4708 3292 4785 nominc,
3345 4707 3417 4771 in
3452 4728 3581 4790 qua
3622 4714 3760 4772 tota
3814 4707 3958 4790 ipsa
3999 4706 4355 4771 invertitur

2411 4812 2486 4857 ac
2525 4788 2944 4871 deformatur,
2979 4793 3346 4857 inhonorat.
3410 4793 3654 4859 Adstat
3686 4792 3981 4877 populus,
4017 4791 4186 4856 nihil
4220 4812 4355 4855 non

2411 4897 2635 4941 eorum
2696 4874 2994 4942 divinum
3038 4898 3179 4944 esse
3221 4898 3598 4959 persuasus:
3656 4878 3763 4945 cui
3805 4879 4195 4961 permixtus,
4244 4894 4353 4940 ea-

2411 4961 2561 5027 dem
2604 4969 2669 5026 te
2694 4963 2743 5046 ¹)
2802 4964 3013 5028 teneri
3069 4962 3381 5047 religione
3449 4965 3737 5031 simulas.
3814 4964 3945 5030 Ubi
3997 4960 4082 5027 ad
4145 4962 4363 5026 altare

2548 5236 2606 5303 1)
2643 5241 2697 5289 te
2734 5235 2986 5291 ommuni
3021 5250 3202 5291 omnes
3231 5245 3450 5306 praeter
3482 5238 3563 5293 ed.
3592 5236 3944 5370 principenh
