4984 5975
288 372 299 385 .
376 315 499 377 217

375 502 921 570 resurrectionem
990 478 1161 567 beati
1227 502 1494 566 sumus?
1561 501 1705 565 Imo
1747 521 1899 564 vero
1966 520 2133 582 quae
2183 510 2329 564 tan-

1899 308 2851 377 PSYOHOPANNYOHIA.

4251 319 4375 380 218

2382 514 2387 535 ¹
2435 508 2556 564 etc.
2628 499 3104 564 Manducemus
3140 508 3207 565 et
3241 499 3557 578 bibamus,
3596 522 3740 569 0100
3785 503 3962 567 00110
4004 504 4374 570 moriemur.

374 596 442 651 ta
498 598 603 653 cst
657 587 1161 653 christianorum
1232 586 1574 651 hominum
1625 585 1915 663 miseria,
1973 606 2138 668 quae
2191 606 2330 649 om·
2381 616 2386 665 1
2435 584 2681 663 Satius,
2727 585 2959 667 inquit,
3007 594 3178 650 esset
3219 585 3383 650 illud
3429 587 3648 652 valere
3691 587 3863 653 inter
3901 608 4043 666 nos,
4088 588 4375 653 Mandu-

372 674 561 737 nium
607 673 950 739 hominum
996 673 1326 738 miseriam
1369 682 1659 755 superat,
1706 673 1762 736 si
1806 692 2037 736 verum
2081 679 2182 735 est
2220 692 2330 736 000

376 779 521 824 0000
564 759 632 823 10
677 760 932 841 100010,
971 758 1129 823 dum
1174 757 1441 822 interim
1487 758 1595 821 alii
1639 764 2046 840 torquentur,
2092 765 2161 822 et
2203 758 2326 821 mi-

373 844 471 910 ris
525 843 733 909 modis
789 843 1208 910 cruciantur?
1310 843 1440 909 Hic
1496 865 1605 908 eos
1663 840 2008 920 admoneO,
2067 844 2123 906 si
2187 842 2326 907 010-

377 929 580 994 dendi
625 929 969 995 consilium
1017 939 1189 995 esset
1243 929 1446 1014 (quod
1500 930 1627 1012 ipsi
1670 950 1879 992 unum
1934 928 2327 1012 moliuntur)

374 1024 604 1098 patere
659 1015 824 1079 mihi
880 1015 1179 1081 elabendi
1232 1014 1466 1080 locum.
1559 1013 1739 1095 Quid
1783 1015 1957 1077 enim
2001 1012 2323 1096 prohibet,

372 1121 570 1166 sanos
612 1101 927 1184 quosdam
966 1102 1266 1166 homines
1302 1101 1488 1184 sequi
1533 1102 1645 1184 qui
1690 1099 2199 1183 disputationem
2246 1098 2323 1162 il-

370 1186 508 1250 lam
565 1187 924 1270 accipiunt,
970 1208 1104 1251 non
1157 1186 1236 1252 de
1277 1187 1511 1251 ultima
1576 1186 1772 1250 modo
1828 1186 2322 1259 resurrectione,

372 1293 504 1356 qua
562 1294 646 1337 ex
700 1275 1120 1356 corruptione
1175 1273 1563 1354 recipiemus
1618 1292 1892 1354 corpora
1933 1271 2325 1352 incorrupti-

369 1358 546 1439 bilia,
587 1358 701 1423 sed
738 1359 819 1423 de
854 1359 1009 1436 vita,
1051 1380 1215 1440 quae
1260 1358 1448 1422 nobis
1484 1364 1783 1442 superest
1821 1367 1971 1439 post
2012 1356 2181 1421 hanc
2224 1356 2324 1420 vi·

370 1454 509 1507 tam
547 1446 911 1522 mortalem,
950 1466 1143 1527 quam
1181 1445 1446 1509 nomine
1482 1443 1977 1509 resurrectionis
2009 1443 2080 1506 in
2121 1442 2324 1525 scrip-

372 1530 539 1595 turis
579 1529 909 1615 designari
966 1532 1279 1595 usitatum
1322 1528 1463 1594 est?
1555 1528 1781 1610 Quum
1825 1529 1999 1593 enim
2060 1527 2316 1604 dicitur,

371 1613 795 1681 Sadducaeos
838 1637 1080 1700 negare
1132 1616 1694 1691 resurrectionem,
1738 1636 1871 1678 non
1917 1614 2199 1678 refertur
2242 1611 2326 1678 ad

371 1721 674 1783 corpora:
701 1702 815 1767 sed
838 1702 1219 1784 simpliciter
1242 1701 1499 1780 dicitur,
1523 1722 1605 1765 ex
1633 1722 1859 1765 eorum
1875 1700 2197 1782 opinione,
2222 1700 2324 1761 ni-

369 1786 467 1850 hil
494 1807 835 1871 superesse
860 1787 1113 1852 homini
1135 1793 1283 1869 post
1303 1794 1595 1852 mortem.
1645 1785 1853 1851 Ouius
1877 1786 1971 1850 rei
1992 1783 2326 1868 probabile

369 1880 473 1937 est
490 1882 1006 1957 ‚arg-amentum,
1041 1871 1211 1956 quod
1246 1874 1485 1951 omnia,
1526 1873 1761 1955 quibus
1804 1873 1895 1937 ibi
1930 1871 2326 1936 sententiam

369 1978 560 2024 suam
597 1958 881 2024 adstruit
903 1959 1173 2035 Paulus,
1219 1980 1351 2022 uno
1390 1957 1590 2022 verbo
1613 1959 1858 2023 elevari
1899 1966 2220 2040 poterant,
2267 1957 2325 2019 si

367 2065 757 2128 responsum
782 2053 971 2122 esset,
1002 2046 1253 2110 animas
1276 2044 1536 2128 quidem
1569 2046 1817 2109 vivere:
1846 2062 2118 2126 corpora
2146 2062 2322 2118 ver0,

367 2151 533 2212 quae
568 2131 642 2195 in
676 2130 1019 2214 pulverem
1057 2137 1537 2208 evanescerent,
1574 2129 1760 2194 nullo
1793 2128 1988 2194 modo
2023 2128 2323 2193 suscitari

365 2236 575 2299 posse.
665 2216 994 2301 Exempla
1038 2215 1474 2281 subiiciamus.
1565 2214 1758 2296 Quod
1812 2216 1927 2279 ait:
1984 2215 2168 2297 Ergo
2212 2213 2323 2295 qui

368 2302 440 2365 in
487 2301 756 2367 Christo
799 2301 1225 2379 dormierunt,
1270 2301 1638 2385 perierunt:
1677 2301 1947 2366 refutari
1992 2308 2244 2384 poterat
2287 2319 2326 2362 a

370 2387 810 2471 philosophis,
869 2388 980 2472 qui
1025 2388 1283 2453 animae
1325 2387 1879 2451 immortalitatem
1924 2386 2178 2450 fortiter
2221 2404 2323 2449 as-

373 2473 695 2538 serebant.
787 2473 895 2539 Ad
949 2473 1016 2538 id
1064 2472 1234 2556 quod
1274 2473 1458 2538 dicit:
1506 2472 1684 2553 Quid
1728 2473 1969 2538 facient
2012 2472 2123 2555 qui
2168 2470 2322 2553 bap-

371 2560 661 2624 tizantur
695 2579 814 2642 pro
848 2559 1123 2625 mortuis
1160 2559 1223 2643 (l
1268 2556 1417 2623 Cor.
1464 2563 1557 2636 15,
1605 2558 1760 2642 29)?
1817 2558 2005 2623 facile
2042 2563 2184 2620 erat
2220 2577 2323 2618 re-

373 2645 723 2728 spondere:
762 2647 916 2728 quia
950 2647 1205 2709 animae
1240 2656 1387 2727 post
1420 2653 1700 2709 mortem
1735 2644 2135 2726 superstites.
2190 2640 2323 2705 'Ad
2373 2686 2378 2705 ,

372 2729 537 2795 111οᾶ
575 2751 764 2795 vero:
802 2731 900 2796 Ut
932 2730 1086 2813 quid
1123 2748 1242 2795 nos
1278 2730 1725 2812 periclitamur
1748 2730 1924 2793 omni
1959 2728 2121 2793 hora
2146 2726 2321 2810 (ibid.
2373 2746 2377 2803 ς

382 2822 474 2892 15,
504 2816 660 2899 31)?
708 2816 830 2881 11οο
875 2838 1200 2899 exponere
1242 2817 1539 2900 fragilem
1587 2816 1758 2881 11000
1795 2817 1999 2879 vitam
2037 2836 2157 2896 pro
2201 2815 2322 2876 im-
2373 2820 2378 2911 ἰ

370 2902 789 2980 mortalitate,
825 2904 898 2966 in
931 2924 1061 2985 qua
1098 2902 1351 2966 meliori
1381 2907 1496 2983 [fol.
1526 2906 1633 2981 38]
1674 2903 1875 2966 nostri
1920 2910 2105 2984 parte
2140 2898 2323 2963 rive-
2372 2916 2378 2957 τ

2381 678 2385 709 ¹
2433 692 2676 749 cemus,
2702 681 2822 736 etc.
2868 671 2925 736 si
2969 672 3142 759 1100οὶ
3174 692 3339 756 0000
3380 674 3671 755 patimur
3713 675 3783 737 in
3811 674 4189 757 corporibus
4225 696 4377 740 nos-

2432 756 2553 821 tris
2599 757 2959 841 opprobria,
2998 778 3132 821 non
3168 778 3271 835 ea,
3317 779 3518 840 quam
3562 780 3903 842 speramus
3920 811 3934 837 ,
3981 759 4191 843 gloria
4233 782 4377 826 mu·-

2433 848 2750 907 tarentur.
2843 840 3033 922 Quod
3078 864 3211 907 non
3255 843 3552 908 futurum
3596 854 3712 923 est,
3759 846 3886 911 nisi
3930 845 4002 910 in
4047 866 4377 912 resurrec-

2432 929 2609 992 tione
2663 929 2899 994 carnis.
2989 928 3248 993 Deinde
3288 936 3364 992 ut
3407 930 3529 995 hoc
3567 930 3891 1012 praesidio
3926 929 4178 1009 cedam,
4226 952 4376 1015 pos-

2433 1034 2581 1076 sum
2637 1013 2742 1078 hic
2797 1014 3070 1078 alteram
3127 1016 3442 1079 rationem
3505 1015 3759 1080 addere.
3849 1016 4006 1082 Ideo
4060 1039 4181 1081 nos
4234 1037 4376 1081 esse

2431 1099 2730 1164 omnibus
2775 1099 3145 1164 hominibus
3188 1100 3718 1179 miserabiliores,
3764 1103 3820 1166 si
3862 1124 3995 1166 000
4032 1103 4118 1166 sit
4158 1123 4376 1167 resur-

2429 1184 2648 1249 rectio.
2739 1183 2916 1265 Quia
2958 1187 3218 1251 tametsi
3261 1200 3414 1250 ante
3457 1188 3992 1253 resurrectionem
4052 1189 4223 1252 beati
4265 1210 4376 1253 su-

2429 1290 2607 1348 mus,
2665 1292 2800 1335 non
2857 1279 3078 1336 tamen
3131 1272 3273 1336 sine
3324 1275 3815 1338 resurrectione.
3905 1274 3989 1337 In
4034 1273 4157 1338 hoc
4199 1274 4375 1338 enim

2430 1356 2654 1421 beatos
2689 1377 2830 1422 csse
2867 1366 3241 1423 sanctorum
3268 1359 3536 1440 spiritus
3575 1358 3864 1436 dicimus,
3903 1360 4054 1441 quia
4088 1361 4377 1441 acquies-

2428 1450 2589 1506 cunt
2622 1445 2690 1505 in
2727 1464 2842 1526 spe
2876 1444 3103 1508 beatae
3143 1444 3666 1509 resurrectionis:
3709 1464 3875 1526 quae
3919 1446 4141 1521 sinon
4185 1453 4373 1522 esset,

2429 1527 2674 1609 periret
2715 1527 2874 1593 haec
2919 1529 3133 1594 omnis
3167 1529 3518 1594 beatitudo,
3566 1530 3692 1594 Est
3724 1530 3927 1614 igitur
3953 1552 4181 1594 verum
4214 1529 4375 1594 illud

2428 1613 2641 1692 Pauli,
2689 1634 2808 1677 nos
2831 1635 2972 1679 esse
3006 1614 3506 1680 miserabiliores
3541 1616 3845 1681 omnibus
3887 1615 4281 1695 hominibus,
4318 1617 4375 1681 si

2426 1720 2558 1763 non
2605 1699 2693 1764 sit
2735 1700 3140 1765 resurrectio.
3197 1700 3336 1766 Nec
3358 1722 3505 1765 cum
3548 1701 3679 1766 illis
3703 1702 3920 1767 verbis
3963 1710 4215 1786 pugnat
4255 1701 4377 1768 1100

2428 1782 2691 1869 dogma:
2738 1785 2957 1850 beatos
2969 1806 3111 1851 0000
3137 1793 3510 1851 sanctorum
3534 1787 3817 1869 spiritus,
3857 1795 4011 1852 ante
4045 1809 4374 1852 resurrec-

2428 1871 2703 1949 tionem,
2752 1870 2866 1935 sed
2912 1880 3188 1954 propter·
3217 1873 3776 1937 resurrectionem.

2602 2042 2961 2107 Proferunt
3003 2043 3205 2108 etiam
3246 2042 3420 2125 quod
3476 2044 3547 2108 in
3591 2044 3866 2127 epistola
3910 2045 3993 2109 ad
4036 2044 4374 2110 Hebraeos

2428 2127 2492 2191 10
2544 2129 2690 2205 'tur,
2716 2127 2797 2192 de
2819 2129 3154 2194 veteribus
3175 2128 3469 2212 patribus
3492 2130 3726 2214 (Hebr.
3758 2135 3855 2208 11,
3888 2135 3962 2195 13
3986 2132 4119 2211 ss.).
4176 2130 4376 2196 quta

2427 2214 2473 2277 fi
2522 2234 2625 2277 em
2664 2213 2952 2279 defimcti
2987 2223 3141 2280 sunt
3176 2236 3402 2280 omnes
3437 2217 3563 2293 isti,
3601 2237 3738 2280 non
3774 2217 4056 2299 acceptis
4098 2217 4376 2299 promis-

2428 2299 2748 2364 sionibus:
2793 2298 2907 2363 sed
2950 2320 2991 2363 a
3031 2300 3225 2384 longe
3268 2320 3378 2366 eas
3423 2301 3803 2380 salutantes,
3849 2303 4003 2383 quia
4043 2303 4374 2385 peregrini

2429 2392 2497 2448 et
2552 2383 2844 2468 hospites
2898 2393 3057 2449 sunt
3112 2407 3310 2469 super
3363 2396 3624 2453 terram.
3716 2385 3851 2467 Qui
3892 2388 4067 2452 enim
4110 2386 4233 2452 hoc
4276 2387 4375 2451 di-

2428 2479 2604 2548 cunt,
2651 2471 3024 2555 significant
3065 2494 3133 2537 00
3171 2473 3451 2555 patriam
3486 2474 3825 2556 inquirere.
3899 2474 3989 2537 Et
4022 2474 4077 2538 si
4112 2471 4372 2555 quidem

2427 2556 2636 2640 ipsius
2676 2556 3158 2634 meminissent,
3206 2558 3286 2623 de
3330 2579 3457 2640 qua
3499 2560 3828 2635 exierunt,
3874 2558 4202 2623 habebant
4240 2559 4372 2623 uti-

2428 2664 2553 2725 que
2577 2650 2966 2725 potestatem
2992 2643 3390 2709 revertendi:
3420 2665 3596 2709 nunc
3621 2652 3840 2709 autem
3879 2645 4213 2709 meliorem
4252 2650 4372 2722 [fol.

2432 2734 2541 2807 39]
2588 2736 2924 2811 appetunt,
2962 2727 3030 2792 id
3063 2739 3190 2803 est,
3231 2729 3592 2795 coelestem.
3678 2729 3873 2796 Unde
3908 2732 3978 2794 in
4019 2731 4197 2796 hunc
4233 2751 4373 2794 mo-

2429 2813 2589 2877 dum
2634 2815 3135 2879 ratiocinantur:
3188 2814 3264 2880 Si
3301 2823 3618 2899 appetunt
3671 2816 3952 2899 patriam
4009 2816 4370 2895 coelestem,

2430 2920 2589 2983 ergo
2611 2921 2742 2963 non
2783 2899 3132 2982 possident.
3201 2901 3338 2966 Nos
3371 2923 3528 2967 vero
3566 2904 3685 2967 sic:
3726 2900 3801 2967 Si
3840 2908 4176 2987 appetunt,
4218 2922 4374 2985 ergo

370 3009 538 3054 mus.
601 2989 748 3053 Iam
772 2989 1056 3054 multum
1085 2989 1433 3054 verborum
1470 2991 1822 3071 posuimus,
1861 3008 2138 3070 quorum
2175 2985 2322 3050 nul·
2374 2982 2378 3008 ¹
2429 2994 2613 3052 sunt:
2661 3007 2793 3051 non
2839 2988 3014 3051 enim
3073 2988 3248 3054 cadit
3292 2989 3621 3070 appetitus
3638 3040 3651 3064 ,
3699 2989 3826 3053 nisi
3871 2991 3942 3053 in
3986 2987 4371 3055 subiectum.

371 3074 477 3139 lus
520 3096 682 3139 usus
728 3075 959 3141 fuisset
1000 3076 1176 3139 inter
1230 3075 1487 3141 dociles.
1577 3075 1727 3157 Ipse
1772 3076 1946 3138 enim
1991 3071 2323 3155 apostolus

372 3181 493 3224 nos
513 3181 658 3226 0000
693 3162 969 3226 miseros
1005 3160 1180 3239 dicit,
1219 3163 1273 3226 si
1311 3163 1381 3225 in
1416 3160 1538 3225 hac
1573 3167 1831 3224 tantum
1860 3161 1999 3224 vita
2032 3160 2105 3222 in
2132 3157 2325 3222 Chri-

374 3254 475 3310 sto
515 3268 872 3330 speramus.
962 3245 1157 3328 Quod
1192 3248 1332 3312 sine
1367 3247 1809 3334 controversia
1840 3244 2161 3328 liquidum
2195 3252 2321 3307 est:

370 3330 480 3395 vel
527 3352 605 3396 eo
650 3339 849 3411 teste,
896 3333 1006 3415 qui
1050 3333 1296 3397 fatetur
1337 3339 1544 3397 motos
1589 3332 1709 3397 sibi
1746 3352 1951 3414 paene
1994 3329 2210 3414 pedes,
2256 3338 2324 3393 et
2372 3303 2378 3446 1

371 3438 585 3500 paene
622 3418 860 3483 effusos
897 3439 1180 3502 gressus,
1227 3418 1385 3483 dum
1424 3418 1603 3482 videt
1643 3438 1868 3501 pacem
1912 3422 2323 3498 peccatorum

371 3504 442 3566 in
499 3511 678 3567 terra
738 3504 938 3588 (Psal.
990 3508 1088 3584 73,
1134 3508 1171 3567 2
1217 3504 1354 3588 ss.).
1442 3505 1536 3569 Et
1588 3523 1748 3568 sane
1814 3503 1867 3567 si
1927 3509 2079 3566 ante
2123 3499 2322 3584 pedes

370 3590 779 3671 respicimus,
815 3590 1082 3656 beatum
1126 3590 1415 3655 dicemus
1450 3588 1784 3672 populum,
1830 3589 1933 3654 cui
1976 3587 2197 3652 omnia
2239 3606 2321 3650 ex

372 3676 702 3739 sententia
735 3676 1030 3741 affluunt.
1123 3674 1198 3741 Si
1236 3698 1388 3741 vero
1423 3674 1684 3758 longius
1720 3673 2133 3739 extendimus
2168 3692 2320 3738 ocu-

370 3755 471 3824 los
488 3812 501 3838 ,
559 3762 795 3827 beatus
850 3763 977 3827 erit
1018 3761 1328 3844 populus,
1375 3761 1560 3826 cuius
1602 3761 1929 3824 Dominus
1974 3760 2157 3824 Deus
2202 3765 2319 3835 est,

368 3865 577 3928 penes
631 3868 824 3929 quem
881 3859 981 3913 est
1032 3850 1249 3912 exitus
1301 3847 1546 3912 mortis.
1635 3846 1774 3910 Nos
1816 3854 2036 3910 tamen
2081 3845 2322 3909 certius

374 3929 622 4020 aliquid
668 3932 1057 4014 adferemus,
1103 3933 1274 4016 quod
1316 3954 1451 3997 non
1495 3931 1690 3997 modo
1734 3934 2022 4015 ipsorum
2067 3929 2325 3995 refellat

371 4015 645 4096 obiecta,
692 4017 807 4083 sed
830 4040 1214 4103 germanam
1252 4019 1526 4101 apostoli
1568 4025 1856 4082 mentem
1900 4016 2181 4100 explicet
2221 4017 2321 4093 iis,

369 4103 485 4184 qui
514 4105 682 4169 citra
701 4104 1054 4170 verborum
1077 4105 1555 4170 contentionem
1580 4103 1829 4168 discere
1851 4102 2088 4168 volent.
2149 4102 2321 4166 Nam

369 4188 429 4253 si
452 4210 589 4254 non
614 4198 714 4255 est
737 4192 955 4255 carnis
981 4192 1394 4256 resurrectio:
1432 4189 1683 4267 1001110,
1714 4189 1925 4254 veleb
1949 4190 2072 4253 hoc
2095 4209 2321 4266 unum,

369 4274 666 4341 infelices
710 4284 901 4343 vocat
943 4277 1112 4361 pios:
1157 4276 1329 4359 quod
1370 4284 1470 4340 tot
1510 4275 1816 4354 vulnera,
1859 4273 2140 4358 flagella,
2188 4281 2355 4336 tor--

368 4371 631 4440 menta,
678 4361 1121 4440 contumelias,
1168 4363 1434 4427 ultimas
1470 4361 1749 4443 denique
1788 4359 2211 4426 necessitates
2254 4360 2323 4423 in

377 4448 758 4530 corporibus
817 4449 954 4524 suis
995 4449 1363 4531 perferunt,
1399 4467 1563 4530 quae
1605 4455 1840 4528 putant
1874 4446 2197 4510 destinata
2239 4444 2322 4509 ad

373 4533 959 4612 immortalitatem,
998 4533 1255 4618 quando
1299 4533 1559 4617 quidem
1605 4533 1731 4597 1100
1764 4553 1878 4615 spe
1922 4553 2039 4596 sua
2080 4530 2320 4595 fallun-

370 4627 506 4683 tur.
597 4618 775 4700 Quid
810 4620 986 4686 enim
1022 4622 1248 4705 magis,
1295 4640 1429 4684 non
1470 4619 1601 4683 iam
1647 4618 1787 4683 dico
1830 4618 2162 4696 miserum,
2208 4616 2320 4681 sed

368 4703 746 4784 ridiculum,
773 4726 970 4788 00010
994 4715 1285 4788 spectare
1309 4725 1537 4770 eorum
1572 4724 1860 4788 corpora,
1897 4704 2007 4786 qui
2041 4705 2113 4766 in
2148 4702 2322 4768 diem

370 4790 627 4870 vivunt,
653 4790 960 4857 omnibus
998 4791 1236 4857 delitiis
1272 4790 1577 4868 delibuta,
1617 4788 2144 4856 Christianorum
2180 4810 2321 4854 cor-

364 4896 548 4960 pora,
593 4878 782 4956 fame,
824 4878 1084 4961 frigore,
1130 4878 1366 4962 plagis,
1409 4878 1588 4942 omni
1624 4875 2163 4941 contumeliarum
2208 4895 2320 4958 ge-

368 4983 532 5026 nere
577 4963 894 5029 confecta:
941 4965 994 5027 si
1032 4971 1101 5029 et
1123 4964 1357 5027 horum
1395 4971 1462 5028 et
1498 4963 1762 5028 illorum
1809 4981 2078 5044 corpora
2105 4982 2191 5026 ex
2214 4980 2322 5025 ae-

366 5067 500 5132 quo
543 5048 919 5114 intereunt?
998 5049 1269 5113 Possem
1306 5050 1481 5113 enim
1515 5048 1584 5113 id
1619 5069 1702 5113 ex
1739 5050 1877 5114 eius
1916 5047 2133 5113 verbis
2168 5068 2319 5112 con-

366 5135 666 5213 firmare,
724 5155 890 5217 quae
944 5133 1235 5201 subiicit:
1294 5134 1390 5199 Ut
1445 5133 1601 5216 quid
1654 5135 2099 5217 periclitamur
2143 5133 2320 5198 omni

366 5220 580 5322 hva?
660 5219 970 5302 Quotidie
1006 5221 1249 5285 morior
1282 5241 1398 5302 per
1432 5232 1717 5285 vestram
1756 5221 2032 5316 gloriam
2066 5219 2320 5298 fratres,

2427 3072 2548 3149 Et,
2607 3072 2779 3155 quod
2831 3073 2914 3137 ab
2957 3073 3088 3138 illis
3132 3074 3340 3139 solum
3386 3095 3468 3139 ex
3516 3075 3754 3140 rimere
3797 3096 4025 3155 conor,
4069 3076 4377 3141 convenit

2428 3180 2569 3224 esse
2614 3178 2884 3224 sensum
2919 3158 3069 3223 boni
3107 3170 3174 3223 et
3207 3160 3384 3239 mali,
3421 3183 3465 3224 0
3510 3161 3533 3223 1
3575 3166 3676 3226 est
3714 3162 4059 3243 appetitus,
4105 3161 4217 3244 qui
4259 3169 4377 3226 aut

2428 3257 2739 3326 sequatur
2756 3296 2769 3318 ‚
2823 3244 2998 3326 quod
3041 3246 3195 3311 boni
3239 3245 3521 3327 speciem
3564 3247 3868 3330 praefert,
3915 3255 4031 3312 aut
4073 3248 4373 3331 refugiat,
4423 3275 4429 3282 ’

2428 3328 2600 3411 00οᾶ
2657 3329 2903 3395 malum
2961 3332 3174 3395 visum
3215 3331 3432 3396 fuerit.
3524 3332 3874 3414 Appetitus
3927 3333 4068 3412 ille,
4125 3332 4370 3410 dicunt,

2426 3416 2597 3482 iacet
2654 3415 2723 3478 in
2779 3416 2939 3480 Deo.
3032 3413 3180 3495 Quo
3235 3416 3404 3481 nihil
3447 3438 3558 3481 ma
3608 3418 3658 3483 ’s
3702 3417 4052 3482 ridiculum
4096 3418 4370 3501 cogitari

2426 3509 2541 3566 aut
2576 3501 2736 3584 fingi
2774 3509 3004 3583 potest.
3057 3565 3061 3574 ,
3093 3500 3434 3585 Siquidem
3470 3524 3508 3567 0
3592 3502 3819 3581 uobus,
3864 3502 4144 3568 alterum
4188 3503 4374 3569 evin-

2425 3589 2664 3653 cimus:
2710 3595 2825 3651 aut
2879 3585 3103 3652 Deum
3156 3588 3491 3671 quidpiam
3547 3596 3852 3672 appetere
3894 3588 4131 3652 melius
4174 3609 4373 3670 quam

2426 3673 2651 3738 habet:
2708 3681 2823 3737 aut
2879 3672 3121 3756 aliquid
3179 3695 3320 3739 0000
3363 3674 3432 3737 10
3479 3673 3622 3739 Deo
3639 3725 3654 3753 ,
3700 3673 3872 3757 quod
3917 3694 4048 3737 non
4093 3674 4182 3738 sit
4221 3672 4370 3738 Dei.

2426 3757 2614 3840 Quae
2657 3779 2763 3822 res
2807 3758 2970 3823 mihi
3012 3761 3448 3825 coniecturam
3475 3761 3658 3838 facit,
3690 3762 3761 3823 in
3796 3781 3869 3824 10
3904 3759 4075 3824 seria
4116 3779 4226 3825 eos
4268 3759 4370 3824 lu-

2427 3843 2598 3908 dere.
2688 3845 2908 3927 Atque
2952 3854 3030 3909 ut
3074 3846 3234 3911 haec
3277 3846 3672 3922 omittamus,
3719 3844 3876 3927 quid
3919 3844 4064 3910 vult
4105 3845 4229 3910 sibi
4267 3867 4371 3909 re-

2429 3928 2726 3996 vertendi
2749 3930 3077 4011 potestas?
3145 3930 3447 3997 Redeant
3481 3933 3700 4014 itaque
3737 3930 3820 3995 ad
3855 3950 3985 4008 cor,
4023 3937 4092 3995 et
4126 3929 4374 4014 aliquid

2427 4015 2662 4080 melius
2697 4014 2987 4092 audiant,
3027 4037 3222 4099 quam
3256 4017 3580 4083 hactenus
3614 4026 3978 4082 senserunt.
4034 4013 4115 4081 Si
4148 4024 4372 4082 tamen

2427 4122 2812 4184 persuasum
2867 4101 3140 4180 habent,
3187 4103 3360 4185 quod
3404 4106 3473 4168 in
3517 4103 3746 4185 primis
3788 4102 3988 4167 labris
4031 4103 4373 4168 circumfe-

2427 4197 2605 4252 runt.
2694 4188 3021 4270 Loquitur
3074 4189 3403 4273 apostolus
3458 4188 3540 4253 de
3583 4188 3922 4254 Abraham
3966 4198 4033 4253 et
4075 4193 4215 4254 eius
4255 4210 4371 4271 po-

2427 4275 2722 4340 steritate
2736 4325 2750 4351 ,
2810 4275 2916 4358 qui
2977 4276 3152 4339 inter
3205 4283 3552 4341 extraneos
3617 4272 3996 4338 habitarunt
4062 4274 4134 4338 in
4194 4282 4373 4339 terra

2427 4360 2670 4425 aliena:
2709 4367 2968 4425 tantum
3005 4382 3136 4426 non
3175 4360 3451 4440 exsules,
3491 4369 3669 4425 certe
3704 4360 4028 4443 inquilini,
4079 4360 4193 4425 vix
4230 4382 4370 4426 cor-

2425 4467 2589 4529 pora
2611 4454 2910 4529 tegentes
2946 4446 3305 4511 humilibus
3343 4446 3658 4529 tuguriis:
3704 4446 3891 4511 iuxta
3912 4447 4039 4511 Dei
4062 4466 4369 4530 praecep-

2425 4540 2568 4595 tum
2612 4531 2784 4615 quod
2829 4533 3140 4598 Abrahae
3169 4532 3396 4597 datum
3435 4533 3666 4610 fuerat,
3708 4540 3784 4597 ut
3822 4533 4032 4596 exiret
4072 4531 4150 4596 de
4194 4538 4372 4597 terra

2426 4639 2548 4682 000
2601 4625 2669 4682 et
2724 4617 2804 4682 de
2855 4619 3237 4702 cognatione
3294 4640 3427 4683 000.
3529 4618 3657 4682 Η10
3711 4619 4103 4702 promiserat
4165 4620 4366 4698 Deus,

2424 4702 2598 4786 quod
2640 4703 2934 4768 nondum
2979 4704 3383 4770 exhibuerat.
3473 4701 3952 4769 salutaverunt
3994 4725 4150 4788 ergo
4207 4705 4386 4769 emi-⁰

2423 4810 2556 4853 nus
2594 4790 3078 4872 promissiones,
3117 4797 3184 4853 et
3217 4790 3289 4853 in
3324 4796 3502 4855 certa
3534 4788 3664 4854 fide
3698 4790 3986 4855 defuncti
4020 4798 4195 4869 sunt,
4230 4792 4370 4856 fore

2426 4875 2601 4953 olim,
2635 4884 2708 4938 ut
2743 4884 3108 4957 praestaret
3138 4871 3327 4950 Deus
3361 4876 3683 4959 promissa
3717 4896 3854 4940 sua.
3932 4875 4134 4941 quta
4171 4898 4366 4960 quam

2424 4960 2622 5026 fidem
2665 4959 2943 5026 cdnfessi
2987 4968 3169 5039 sunt,
3214 4982 3348 5025 non
3393 4983 3534 5027 0000
3580 4962 3704 5027 sibi
3748 4968 3987 5027 statam
4032 4961 4253 5026 sedem
4296 4963 4369 5026 in

2426 5047 2638 5125 terris,
2685 5055 2755 5111 et
2796 5055 2985 5111 extra
3027 5054 3271 5111 terram
3297 5046 3443 5118 ,sibi
3483 5068 3623 5113 esse
3666 5048 3968 5130 patriam,
4013 5069 4210 5131 000111
4254 5069 4367 5132 ap-

2425 5140 2748 5217 peterent:
2795 5154 3030 5216 nempe
3072 5133 3144 5198 in
3177 5133 3372 5200 00010.
3461 5134 3546 5198 10
3587 5135 3718 5199 fine
3762 5154 3918 5199 vero
3964 5135 4194 5217 capitis
4236 5136 4368 5218 sig-

2425 5220 2650 5285 nificat
2693 5239 2802 5284 eos
2844 5240 3069 5285 omnes
3085 5269 3100 5298 ‚
3145 5241 3305 5303 quos
3343 5221 3691 5299 recensuit,
3735 5240 3872 5284 non
3917 5218 4186 5302 adeptos
4228 5239 4370 5284 esse
