4984 5975
607 346 733 409 247

606 533 835 599 visum
899 539 1024 610 est,
1098 551 1295 614 quam
1336 528 1682 612 paululum
1733 526 1996 592 inflexis
2052 546 2273 593 coram
2343 531 2565 590 statua

608 620 984 703 poplitibus,
1027 617 1202 701 regis
1235 615 1442 682 oculis
1486 615 1878 681 satisfacere.
1938 610 2238 694 Quorum
2283 618 2401 677 aut
2443 630 2564 675 1108

612 704 937 770 insaniam
993 701 1353 780 rideamne,
1414 699 1587 783 quod
1642 699 1899 765 nullam
1953 698 2115 763 adeo
2170 698 2251 764 ob
2295 716 2565 763 causam

612 787 1046 873 potentissimi
1102 788 1276 871 regis
1319 785 1728 852 iracundiam
1770 785 1843 849 in
1894 805 1990 863 se,
2046 803 2288 867 magno
2331 783 2566 866 eapitis

614 876 717 940 sui
762 873 1154 951 discrimine,
1192 872 1693 937 inflammarint:
1740 871 1846 936 vel
1879 869 2179 953 exemplo
2218 868 2564 944 discamus,

614 968 929 1026 externae
984 980 1240 1042 quoque
1283 966 1750 1042 susceptaeque
1791 957 1865 1021 in
1901 956 2242 1021 hominum
2275 954 2569 1039 gratiam

613 1044 1017 1111 idololatriae
1071 1045 1337 1128 gravius
1392 1043 1573 1109 omni
1621 1050 1833 1108 morte
1889 1042 2159 1107 subesse
2211 1039 2564 1124 piaculum.

616 1131 860 1214 Quare,
896 1152 1103 1214 quum
1136 1152 1174 1196 0
1208 1130 1462 1195 duobus
1497 1128 1873 1214 eligendum
1907 1136 2084 1194 essct
2117 1126 2414 1203 alterum,
2451 1132 2571 1189 aut

615 1226 693 1283 ut
735 1237 1007 1283 excusso
1060 1216 1191 1281 Dei
1243 1217 1477 1293 timore
1519 1215 1835 1281 scelerato
1879 1213 2090 1279 edicto
2133 1213 2568 1294 obsequeren-

615 1311 758 1381 tur,
817 1310 934 1367 aut
987 1302 1288 1367 homines
1340 1322 1500 1385 prae
1542 1301 1687 1366 Deo
1732 1310 2149 1367 contemnere
2237 1297 2411 1363 alam
2453 1294 2568 1360 de-

618 1388 963 1467 clararent,
1003 1396 1236 1452 notum
1271 1408 1413 1453 esse
1448 1390 1589 1472 regi
1625 1388 1995 1466 voluerunt,
2032 1406 2119 1467 qu
2248 1385 2389 1449 eius
2431 1402 2568 1446 non

619 1475 905 1540 colerent
928 1473 1099 1553 deos,
1136 1493 1260 1538 nec
1294 1492 1489 1556 quam
1526 1482 1826 1538 erexerat
1860 1480 2162 1549 statuam,
2198 1468 2565 1534 adorarent.

617 1561 864 1626 Parem
894 1560 1094 1625 etiam
1114 1558 1413 1624 Danielis
1447 1560 1654 1642 ipsius
1692 1560 1762 1622 in
1789 1579 1985 1624 causa
2019 1576 2335 1640 perquam
2366 1552 2569 1620 simili

628 1647 1080 1725 constantiam,
1122 1645 1495 1728 quicunque
1531 1645 1620 1710 sit
1660 1644 1772 1709 ille
1810 1645 1936 1710 scri
1984 1652 2105 1720 tor,
2147 1642 2257 1724 qui
2300 1638 2383 1704 ad
2426 1639 2570 1703 eius

618 1732 1031 1815 prophetiam
1053 1729 1480 1815 appendicem
1506 1729 1706 1812 (Dan.
1740 1731 1848 1814 14)
1974 1729 2136 1807 ‘ecit,
2177 1744 2568 1794 commemo-

622 1826 753 1882 rat:
795 1839 996 1902 quum
1040 1816 1350 1882 maluisse
1390 1826 1621 1881 narrat
1660 1815 1928 1882 leonum
1960 1813 2293 1897 unguibus
2317 1832 2389 1877 se
2434 1810 2568 1876 dis-

621 1903 1023 1987 cerpendum
1091 1903 1471 1985 permittere
1526 1923 1725 1985 quam
1790 1899 1874 1965 ad
1944 1899 2244 1965 draconis
2298 1897 2569 1975 cultum,

620 1989 734 2073 qui
758 2010 875 2072 pro
898 1989 1041 2053 Deo
1086 2009 1127 2053 a
1150 1989 1425 2054 caeteris
1453 1988 1807 2065 colebatur,
1832 2007 2009 2070 genu
2032 1984 2433 2051 submittere.
2478 1982 2575 2046 At

665 2075 929 2141 uoniam
971 2095 1107 2138 non
1151 2074 1454 2139 omnibus
1488 2073 1687 2139 fidem
1723 2073 1880 2137 facit
1914 2072 2207 2149 historia,
2254 2091 2339 2135 ex
2381 2089 2460 2134 ca
2494 2070 2572 2133 fi-

667 2181 774 2225 em
810 2160 998 2226 dictis
1032 2160 1197 2225 meis
1233 2160 1581 2225 conciliare
1616 2157 2022 2242 supersedeo.
2091 2157 2301 2223 Porro
2335 2176 2421 2220 ne
2457 2154 2575 2237 qui

622 2246 704 2312 ab
748 2245 1097 2311 adorandis
1140 2246 1380 2311 statuis
1422 2251 1620 2328 caput
1661 2244 2000 2321 duntaxat,
2045 2251 2163 2308 aut
2204 2261 2381 2326 genu
2424 2240 2576 2306 abs-

621 2332 960 2411 tinuisset,
1006 2329 1153 2397 ideo
1196 2352 1268 2396 se
1322 2332 1743 2414 perfunctum
1795 2330 2234 2408 existimaret,
2291 2327 2578 2410 plurima

623 2415 873 2483 addidit
895 2426 1243 2500 praecepta
1262 2418 1589 2482 Dominus
1616 2416 1698 2482 de
1719 2415 2143 2483 caeremoniis
2177 2415 2313 2480 suis
2347 2420 2576 2477 sancte

619 2503 1081 2582 custodiendis,
1098 2502 1181 2567 de
1202 2503 1328 2569 viis
1349 2503 1644 2587 gentium
1665 2503 1737 2567 in
1757 2510 1976 2567 totum
1995 2498 2338 2585 fugiendis.
2375 2494 2578 2581 Apud

619 2589 1009 2673 prophetam
1063 2588 1217 2673 (Ies.
1269 2593 1368 2667 52,
1419 2592 1527 2674 11)
1582 2596 1803 2654 autem
1845 2608 1979 2653 uno
2037 2587 2237 2652 verbo
2280 2604 2577 2668 pronun-

621 2675 832 2755 ciavit,
878 2696 1077 2758 quam
1120 2674 1347 2758 procul
1389 2675 1469 2740 ab
1515 2675 1697 2740 omni
1738 2672 2094 2757 impietatis
2137 2670 2578 2738 communica·

620 2762 803 2826 tione
857 2761 1083 2826 abesse
1139 2760 1451 2843 populum
1505 2780 1701 2825 suum
1754 2759 1983 2835 vellet,
2042 2777 2249 2840 quum
2312 2754 2579 2820 Iudaeis

621 2844 1034 2929 Babylonem
1072 2844 1427 2927 deportatis
1463 2846 1728 2910 omnino
1762 2843 2124 2920 interdixit,
2161 2842 2579 2906 immundum

622 2952 708 2996 ne
768 2931 1190 3015 attingerent.
1270 2928 1424 3011 Qua
1448 2932 1499 3013 ¹)
1558 2930 1855 2997 clausula
1911 2934 2014 3014 (ut
2065 2927 2318 2994 Paulus
2371 2930 2578 2991 inter-

622 3017 951 3100 pretatur)
1006 3016 1382 3082 summatim
1437 3014 1960 3100 comprehendit,
2005 3036 2094 3080 ne
2144 3033 2274 3097 qua
2313 3012 2576 3095 religio-

622 3104 728 3168 nis
771 3122 929 3167 suac
973 3101 1314 3166 sanctitate
1356 3101 1571 3166 aliena
1610 3102 2011 3186 indignaque
2055 3099 2463 3165 caeremonia
2505 3118 2575 3164 80

624 3186 1161 3254 contaminarent.
1231 3186 1404 3251 Nam
1459 3186 1954 3253 Corinthiorum
2010 3184 2322 3253 ecclesiae
2374 3184 2457 3249 de
2499 3204 2579 3250 ea

624 3294 698 3338 re
741 3271 1148 3356 praecipiens
1184 3270 1268 3337 ad
1302 3271 1737 3357 colligendam
1768 3274 1972 3338 totius
2015 3292 2172 3338 suae
2215 3270 2578 3336 sententiae

623 3379 971 3434 summam,
990 3358 1110 3424 hoc
1133 3358 1506 3424 testimonio
1528 3360 1874 3425 contentus
1894 3359 2033 3424 fuit.
2081 3357 2232 3422 Non
2254 3366 2356 3422 est
2376 3355 2575 3436 istud,

621 3445 789 3510 mihi
823 3443 1032 3521 crede,
1069 3444 1305 3510 leviter
1329 3465 1451 3511 nec
1471 3446 1825 3510 oscitanter
1843 3440 2425 3529 praetereundum:
2471 3464 2577 3507 sa-

625 3538 1032 3599 crosanctam
1069 3529 1202 3595 Dei
1236 3529 1615 3615 religionem
1655 3532 1781 3596 rite
1812 3551 1925 3596 eos
1966 3529 2137 3596 80108
2171 3548 2575 3608 conservare,

621 3619 733 3700 qui
775 3616 977 3683 nullis
1017 3617 1233 3699 ipsam
1274 3636 1736 3698 perversarum
1778 3616 2315 3699 superstitionum
2357 3616 2576 3698 inqui-

622 3703 952 3769 namentis
993 3701 1358 3785 profanent.
1426 3702 1725 3770 Eandem
1757 3702 1906 3768 11108
1946 3701 2194 3768 violare
2207 3752 2223 3780 ,
2267 3701 2577 3782 polluere,

620 3789 938 3868 lacerare,
991 3788 1103 3872 qui
1144 3788 1423 3871 impuris
1474 3789 1688 3871 ipsam
1735 3788 2085 3872 impiisque
2129 3787 2367 3852 ritibus
2418 3787 2577 3852 mis-

624 3883 834 3941 ceant.
923 3873 1074 3955 Qua
1125 3875 1516 3958 cogitatione
1572 3873 1686 3958 qui
1739 3895 1809 3939 se
1865 3874 2264 3940 exercebunt
2327 3872 2573 3952 fideles,

624 3959 743 4024 tali
763 3959 1104 4044 sacrilegio
1126 3982 1209 4026 ne
1232 3959 1493 4045 quando
1516 3980 1588 4026 se
1622 3960 2055 4045 obstringant,
2073 3964 2220 4039 [pag.
2256 3964 2357 4040 12]
2393 3961 2577 4025 omni

626 4044 842 4111 studio
875 4043 1324 4128 providebunt.
1381 4043 1468 4111 111
1490 4068 1645 4112 eum
1679 4045 1947 4111 modum
1970 4044 2327 4126 Abraham,
2365 4047 2573 4124 Isaac,

625 4130 992 4212 caeterique
1012 4131 1441 4213 patriarchae,
1469 4152 1673 4216 quum
1708 4132 2054 4215 regionum
2089 4141 2310 4197 essent
2344 4152 2577 4197 earum

624 4215 934 4300 inquilini
965 4237 1131 4298 quae
1163 4215 1486 4284 idolorum
1525 4215 2118 4284 abominationibus
2153 4219 2431 4284 refertae
2471 4240 2574 4285 es-

625 4313 801 4379 sent,
850 4322 1221 4384 quanquam
1274 4325 1407 4370 non
1449 4306 1591 4376 sine
1636 4304 1887 4388 gemitu
1929 4305 2309 4389 spectabant
2352 4304 2574 4388 hospi-

627 4397 773 4453 tum
815 4408 1085 4454 suorum
1126 4387 1432 4468 insanias,
1479 4391 1635 4474 quia
1677 4402 1899 4455 tamen
1942 4388 2192 4455 mederi
2225 4411 2357 4457 non
2393 4404 2575 4473 pote-

624 4481 806 4554 rant,
860 4471 1154 4538 ferebant
1194 4474 1456 4557 quidem
1500 4498 1647 4555 eas,
1690 4475 1807 4541 sed
1850 4496 1921 4542 se
1962 4476 2037 4540 in
2076 4496 2245 4559 puro
2287 4476 2573 4556 illibato-3

624 4579 753 4642 que
802 4559 932 4624 Dei
988 4559 1090 4624 sui
1141 4557 1324 4624 cultu
1377 4562 1650 4628 sollicite
1705 4562 2145 4628 continebant.
2223 4564 2446 4646 Atque
2499 4574 2576 4630 ut

624 4645 706 4711 ab
750 4664 980 4710 eorum
1021 4645 1587 4727 superstitionibus
1630 4670 1702 4714 se
1745 4647 2090 4726 dissidere,
2136 4649 2392 4731 publice
2436 4671 2575 4715 non

622 4728 1145 4815 proclamabant:
1191 4731 1285 4795 ita
1321 4752 1443 4798 nec
1478 4734 1681 4800 ullam
1717 4734 1963 4800 dabant
2005 4734 2570 4817 significationem,

622 4838 757 4901 qua
809 4837 880 4881 80
935 4816 1307 4881 consentire
1372 4819 1777 4887 simularent.
1853 4819 2093 4899 Huius,
2134 4821 2573 4905 simplicitatis

621 4903 885 4987 insigne
910 4901 1164 4967 exstitit
1189 4903 1260 4966 in
1293 4900 1575 4969 Daniele
1609 4907 1797 4990 (Cap.
1837 4910 1895 4985 6,
1940 4909 2048 4990 11)
2085 4905 2569 4975 documentum.

618 5190 1013 5328 clauslulefda'
1044 5207 1177 5250 w
1204 5190 1342 5246 ¹5⁷6
1365 5207 1506 5262 ης·
1542 5193 1766 5248 mm‘
1801 5197 1948 5260 Q¹¹⁸0
1987 5196 2176 5264 (Ῑῧθθε
2214 5214 2316 5267 par
2337 5199 2570 5268 laquelle

2326 335 2793 404 EPISTOLA
2831 337 2889 404 I.

4490 336 4616 399 248

2667 527 2842 592 Nam
2896 528 3197 610 quamvis
3255 525 3600 611 Babylone
3642 527 3715 592 in
3755 525 3990 593 mediis
4031 524 4436 593 idololatriae
4479 544 4617 591 sor·

2669 611 2858 679 dibus
2894 622 3288 691 versaretur,
3334 614 3487 695 quia
3528 620 3753 678 tamen
3789 613 3870 678 ab
3905 615 4085 678 omni
4129 610 4356 696 procul
4392 610 4619 677 aberat

2668 700 3274 765 communicationis
3311 696 3740 776 simulatione,
3775 699 4047 782 perinde
4084 718 4160 764 ao
4194 697 4252 763 si
4285 696 4482 782 longo
4517 698 4619 762 in-

2669 784 2946 851 tervallo
2984 784 3354 850 disiunctus
3387 791 3578 863 esset,
3610 784 3937 849 maculam
3982 783 4236 850 nullam
4271 783 4619 850 contrahe·

2668 871 2797 936 bat.
2849 869 3179 951 Quoniam
3217 878 3439 934 autem
3461 870 3534 933 in
3569 890 3879 936 consessu
3912 871 4136 954 populi
4157 891 4354 936 verae
4387 867 4620 952 pietati

2668 955 2934 1022 videbat
2965 976 3098 1021 non
3113 955 3272 1021 ·fore
3314 956 3549 1034 locum,
3586 954 3665 1019 ab
3700 955 3841 1022 eius
3877 966 4228 1040 conspectu
4261 955 4621 1021 subductus

2668 1041 2965 1109 obductis
3013 1040 3343 1108 coenaculi
3378 1041 3624 1107 foribus
3639 1093 3653 1117 ,
3689 1042 3906 1106 Deum
3942 1063 4152 1117 suum,
4189 1062 4318 1125 qua
4352 1040 4626 1107 decebat

2668 1129 2972 1211 puritate,
3011 1126 3307 1194 seorsum
3328 1127 3608 1193 colebat:
3645 1127 3740 1192 ita
3763 1129 3834 1192 in
3867 1128 4123 1210 publico
4150 1128 4328 1193 urbis
4350 1148 4427 1192 ac
4462 1130 4622 1211 gen-

2669 1215 2755 1278 tis
2808 1234 3029 1280 errore
3082 1234 3123 1279 a
3164 1214 3274 1279 via
3337 1214 3479 1295 ipse
3530 1233 3660 1277 non
3720 1213 4117 1280 deflectebat.
4197 1214 4351 1278 Huc
4394 1221 4464 1278 et
4503 1212 4628 1277 illa

2670 1299 2934 1365 Iudaeis
2987 1302 3059 1364 in
3117 1299 3261 1384 lege
3316 1308 3662 1382 praecepta
3715 1300 4082 1365 observatio
4135 1321 4167 1365 s
4215 1300 4498 1377 eetabat,
4545 1306 4628 1363 ut

2671 1406 2756 1450 ne
2781 1387 2831 1470 ¹)
2865 1406 3100 1453 aurum
3126 1386 3232 1451 vel
3271 1393 3624 1469 argentum
3657 1406 3694 1450 e
3730 1386 4033 1468 gentium
4066 1407 4182 1451 scu
4209 1384 4482 1467 ptilibus
4509 1406 4627 1468 ap-

2671 1481 2986 1554 peterent,
3026 1491 3101 1536 ae
3133 1472 3456 1536 inferrent
3487 1471 3562 1535 in
3597 1469 3819 1536 domos
3841 1490 4025 1536 suas:
4071 1471 4184 1537 sed
4219 1471 4410 1554 quasi
4430 1491 4631 1554 spur-

2673 1558 2894 1623 citiam
2929 1568 2997 1621 et
3035 1556 3259 1623 sordes
3303 1556 3864 1634 abominarentur,
3901 1557 4072 1640 qnod
4107 1556 4378 1622 Domini
4410 1557 4632 1623 forent

2673 1643 3115 1709 anathemata.
3161 1640 3275 1709 Sic
3320 1643 3498 1707 enim
3533 1641 3617 1706 ad
3654 1642 4118 1708 detestandum
4151 1642 4468 1722 idemne,
4507 1664 4628 1708 ex-

2673 1727 3188 1811 secrandumque
3232 1725 3549 1812 quidquid
3592 1728 3755 1793 idoli
3788 1730 4057 1793 nomine
4092 1729 4293 1794 semel
4328 1729 4630 1793 inustum

2670 1814 2919 1895 fuisset,
2957 1835 3067 1881 eos
3086 1815 3499 1880 instituebat:
3536 1835 3662 1897 quo
3696 1815 3778 1879 ab
3812 1816 3991 1880 omni
4026 1815 4377 1899 gentilium
4395 1834 4630 1898 super-

2673 1902 3017 1967 stitionum
3049 1899 3466 1965 immunditie
3509 1901 3863 1966 animosius
3908 1901 4354 1966 abhorrerent.

2848 1984 3043 2067 Quod
3095 1988 3152 2050 si
3204 1994 3392 2051 tanta
3433 1995 3744 2051 externae
3788 1987 4207 2069 professionis
4251 1984 4632 2053 sinceritate

2677 2072 3061 2157 religionem
3114 2092 3299 2138 suam
3315 2124 3331 2151 ,
3393 2073 3732 2138 obscuram
3789 2072 4006 2137 adhuc
4060 2081 4127 2138 et
4177 2072 4411 2157 figuris
4453 2071 4633 2138 dun-

2678 2168 2868 2223 taxat
2901 2157 3377 2236 adumbratam,
3415 2157 3537 2223 sub
3582 2159 3789 2223 veteri
3824 2166 4216 2223 testamento
4256 2158 4382 2224 coli
4418 2158 4638 2225 voluit

2679 2244 2885 2324 Deus,
2943 2253 3187 2327 quanto
3240 2243 3307 2308 id
3359 2244 3759 2310 christianae
3802 2244 4111 2310 ecclesiae
4164 2245 4389 2311 verius
4430 2244 4639 2310 fuerit

2678 2330 3175 2414 praestandum:
3235 2330 3338 2396 cui
3395 2331 3536 2413 ipse
3579 2350 3697 2413 per
3741 2330 4158 2414 unigenitum
4212 2330 4423 2395 filium
4470 2330 4642 2397 dum

2680 2417 3003 2501 apparuit,
3048 2417 3406 2500 sapientiae
3450 2437 3609 2481 suae
3644 2417 3960 2500 mysteria
4001 2416 4133 2481 late
4176 2417 4520 2495 reseravit,
4569 2426 4644 2483 et

2662 2511 2817 2567 >toto
2874 2502 3083 2569 veluti
3136 2501 3388 2566 ambitu
3451 2502 3796 2567 veritatem
3851 2523 4043 2567 suam
4108 2502 4377 2568 illucere
4430 2502 4638 2568 fecit?

2680 2588 2887 2671 quue
2909 2589 3128 2671 ipsum
3150 2587 3593 2671 apostolorum
3620 2587 3916 2654 doctrina
3944 2590 4333 2654 confirmare
4412 2608 4644 2672 romp-

2680 2681 2826 2738 tum
2880 2682 3012 2739 est:
3071 2694 3231 2738 nam
3282 2680 3749 2756 argumentum
3763 2724 3780 2753 ,
3835 2694 3963 2756 quo
4015 2674 4268 2740 Paulus
4400 2694 4645 2741 versus

2679 2759 3176 2825 fornicationem
3211 2759 3437 2837 utitur,
3483 2757 3744 2841 quando
3780 2758 3978 2826 huius
4011 2780 4267 2843 quoque
4310 2759 4435 2825 loci
4479 2781 4644 2844 pro-
4759 2792 4768 2811 .

2680 2846 2895 2929 priam
2916 2845 3116 2909 habet
3138 2844 3477 2922 rationem,
3518 2844 3648 2910 huc
3685 2846 4173 2911 accommodare
4213 2846 4483 2910 minime
4519 2848 4645 2912 ab·

2661 2929 2957 2998 ‘surdum
3000 2930 3153 2996 erit:
3199 2929 3499 3012 Nescit-is,
3544 2931 3778 3015 inquit,
3824 2951 4102 3016 corpora
4144 2941 4383 3012 vestra,
4423 2953 4645 2999 mem-

2680 3015 2799 3082 bra
2841 3037 2985 3082 esse
3028 3015 3324 3082 Christi?
3392 3016 3658 3082 'I'ollens
3694 3038 3851 3101 ergo
3887 3017 4186 3083 membra
4222 3019 4496 3096 Christi,
4539 3021 4644 3085 fa-

2678 3104 2849 3170 ciam
2884 3101 3183 3167 membra
3216 3103 3619 3169 meretricis?
3689 3102 3886 3168 Absit
3927 3109 3993 3187 (1
4034 3103 4183 3170 Cor.
4226 3109 4283 3180 6,
4329 3105 4456 3188 15).
4517 3104 4646 3173 sio

2680 3198 2748 3254 et
2789 3187 2873 3254 ad
2912 3188 3191 3254 eandem
3234 3190 3420 3255 nobis
3453 3190 3734 3254 formam
3769 3190 4150 3257 ratiocinari
4188 3190 4369 3255 licet:
4413 3190 4646 3257 Mem-

2673 3274 2799 3358 bra
2815 3283 3046 3340 nostra
3069 3296 3273 3356 quum
3299 3273 3557 3341 Christi
3579 3276 3877 3341 membra
3900 3277 4053 3354 sint,
4090 3276 4415 3342 idolorum
4451 3277 4649 3344 cultu

2679 3361 2787 3426 vel
2828 3359 3188 3427 immundis
3240 3360 3811 3444 superstitionibus
3850 3361 4301 3428 foedabimus?
4361 3371 4432 3427 at
4472 3361 4648 3446 quid

2679 3446 2802 3513 hoc
2844 3446 3059 3525 fuerit,
3104 3448 3234 3512 nisi
3267 3447 3377 3512 vel
3409 3447 3666 3512 Christi
3700 3446 3977 3532 gloriam
4011 3448 4133 3512 tali
4167 3447 4488 3515 subiicere
4535 3448 4648 3535 ig-

2679 3533 3034 3598 nominiae:
3074 3532 3181 3598 vel
3217 3554 3454 3616 corpus
3498 3545 3798 3599 nostrum
3839 3554 3880 3598 a
3913 3532 4164 3618 Christi
4199 3553 4472 3617 corpore
4519 3536 4647 3601 ab·

2680 3617 2996 3698 scindere,
3039 3625 3116 3683 ut
3160 3640 3312 3685 cum
3354 3618 3544 3685 idolis
3591 3623 3739 3698 [pag.
3791 3634 3817 3683 1
3830 3625 3896 3699 3]
3936 3619 4294 3685 fornicetur
4307 3619 4339 3682 ?
4407 3618 4648 3701 Quam
4707 3683 4720 3710 ι

2680 3726 2835 3770 vero
2870 3703 3134 3769 demum
3176 3706 3704 3789 praeceptionem
3744 3703 4034 3785 subiicit,
4080 3704 4164 3771 ad
4205 3726 4472 3771 omnem
4519 3729 4648 3773 ex-

2679 3799 2936 3855 ternam
2978 3788 3493 3856 moderationem
3535 3789 3860 3875 generalis
3908 3801 4039 3857 est:
4084 3802 4163 3855 ut
4203 3812 4439 3876 corpus
4479 3813 4647 3860 nos-

2681 3887 2864 3941 trum
2913 3877 3407 3948 meminerimus
3461 3876 3785 3959 templum
3851 3897 3995 3942 esse
4057 3877 4329 3959 spiritus
4385 3881 4644 3946 sancti:

2679 3982 2801 4028 nos
2827 3982 2961 4026 non
2986 3982 3130 4027 esse
3151 3972 3434 4029 nostros:
3460 3970 3713 4046 emptos
3734 3963 3909 4028 enim
3946 3984 4088 4029 esse
4121 3963 4330 4046 pretio
4363 3983 4644 4048 magno,

2678 4047 2918 4113 idcirco
2943 4048 3334 4130 portandum
3357 4056 3426 4114 et
3459 4048 3957 4133 glorificandum
3992 4049 4214 4114 Deum
4248 4049 4319 4113 in
4354 4068 4645 4132 corpore

2678 4143 2919 4199 nostro.
2997 4134 3253 4217 Ecquid
3297 4134 3580 4200 elucebit
3620 4135 3692 4198 in
3736 4155 4002 4217 corpore
4047 4143 4271 4199 nostro
4308 4134 4443 4200 Dei
4488 4137 4644 4221 glo-

2677 4221 2805 4300 ria,
2851 4221 2907 4287 si
2949 4220 3125 4285 inter
3165 4222 3657 4305 sacrilegiorum
3699 4220 3922 4286 sordes
3957 4219 4432 4304 provolvatur?
4501 4223 4645 4289 Ee-

2677 4306 2834 4390 quid
2854 4326 3042 4372 sacra
3064 4307 3291 4390 templi
3311 4306 3444 4372 Dei
3475 4307 3787 4373 sanctitas
3823 4306 4334 4384 conservabitur,
4373 4307 4432 4372 si
4470 4308 4645 4374 alie-

2675 4394 2780 4458 nis
2836 4393 3253 4476 profanisque
3308 4393 3543 4459 ritibus
3599 4392 3977 4475 polluatur?
4045 4391 4297 4457 Verum
4312 4442 4327 4470 ,
4383 4393 4441 4458 si
4499 4413 4648 4477 qua

2678 4478 2807 4543 alia
2861 4480 2932 4543 in
2986 4486 3175 4561 parte
3230 4479 3589 4545 vehemens
3643 4486 3746 4543 est
3801 4476 3885 4543 ad
3925 4478 4214 4544 officium
4253 4477 4646 4546 cohortator

2675 4564 2950 4643 Paulus,
2974 4564 3045 4629 in
3079 4564 3202 4631 hac
3237 4566 3523 4630 maxime
3556 4584 3754 4630 causa
3788 4564 4242 4631 vehementiae
4277 4583 4438 4629 suae
4474 4586 4645 4631 ner-

2676 4671 2794 4716 vos
2835 4672 3062 4715 omnes
3102 4648 3463 4728 contendit,
3513 4649 3671 4715 dum
3714 4648 4127 4716 Christianos
4170 4649 4497 4728 admonet,
4549 4674 4647 4719 110

2718 4736 2836 4802 uid
2882 4737 2956 4801 in
3011 4735 3352 4801 hominum
3409 4735 3610 4801 oculis
3665 4734 3819 4800 fidei
3875 4756 4031 4801 snae
4074 4735 4481 4803 confessione
4527 4739 4646 4803 in-

2725 4822 2967 4907 'gnum‚
3013 4841 3253 4904 pravas
3297 4824 3739 4886 caeremonias
3774 4820 4170 4904 usurpando,
4215 4842 4371 4903 prae
4416 4841 4491 4887 se
4539 4826 4646 4890 fe-

2675 4917 2842 4974 rant.
2907 4906 3192 4974 Duabus
3244 4914 3468 4973 autem
3509 4907 3859 4990 propositis
3905 4909 4095 4973 noxis
4110 4960 4126 4986 ,
4170 4905 4300 4971 Dei
4343 4906 4645 4974 inhono-

2674 4995 2929 5060 ratione
2945 5045 2959 5071 ,
3016 5001 3085 5058 et
3139 4993 3482 5058 hominum
3538 4993 3923 5072 offensione,
3980 5013 4142 5077 quas
4186 5011 4414 5058 secum
4457 4995 4646 5062 ferat

2812 5267 2870 5332 1)
2907 5283 3044 5335 non,
3081 5264 3216 5320 15⁷6
3249 5281 3390 5338 seqq.
