4984 5975
66 5006 80 5081 -Ἶ
66 4900 76 4959 “-“
66 4696 80 4877 fi„

66 5126 74 5177 -ι-ιι-

613 318 748 383 4OE

627 504 898 588 pultum
952 502 1083 567 Dei
1131 499 1436 577 verbum,
1490 499 1708 566 virtus
1750 497 2004 564 Christi
2054 499 2380 582 profunda
2419 499 2584 564 obli-

625 590 828 658 vione
864 588 1149 666 inducta,
1194 607 1439 650 munus
1476 584 1801 668 pastorale
1840 584 2183 650 inversum
2225 593 2386 651 erat.
2469 585 2585 649 In-

626 676 823 742 terim
874 674 968 738 sic
1178 671 1446 737 sabatur
1507 671 1846 753 impietae,
1910 676 1989 733 ut
2059 670 2321 735 nullum
2377 690 2585 754 prope

621 759 958 844 religionis
1068 778 1264 841 ogma
1319 778 1360 821 a
1422 756 1744 830 fermjento
1796 776 2071 838 purum,
2137 756 2324 821 nulla
2365 778 2584 822 caere*

627 844 853 911 monia
915 864 1137 909 errore
1202 863 1412 908 vacua
1435 893 1450 922 ,
1520 842 1709 907 nulla
1768 841 1975 908 divini
2031 841 2246 908 cultus
2288 843 2584 925 portiun-

625 930 776 997 cula
819 951 859 994 a
902 929 1363 1012 superstitione
1406 928 1655 994 intacta
1696 936 1888 994 esset.
1943 925 2098 1006 *Qui
2143 949 2298 994 cum
2339 927 2583 993 talibus

625 1016 818 1081 malis
860 1015 1349 1092 conflictantur,
1402 1013 1735 1079 bellumne
1777 1011 2080 1078 indicunt
2122 1014 2457 1092 ecclesiae,
2505 1035 2582 1079 ac

621 1122 760 1167 non
803 1102 1024 1184 potius
1065 1100 1382 1165 extremis
1422 1099 1617 1165 malis
1658 1098 1939 1165 afflictae
1980 1098 2430 1180 opitulantur?
2488 1100 2584 1163 Et

621 1187 840 1253 adhuc
905 1184 1338 1251 obedientiam
1405 1186 1975 1266 humilitatemque
2038 1193 2328 1250 vestram
2393 1185 2581 1250 nobis

622 1271 945 1350 venditas,
987 1271 1160 1354 quod
1201 1291 1320 1337 vos
1362 1271 1644 1336 retineat
1681 1269 1994 1336 ecclesiae
2036 1272 2373 1336 veneratio
2389 1322 2404 1348 ,
2449 1289 2579 1353 quo

621 1360 845 1423 minus
903 1356 988 1423 ad
1026 1356 1351 1441 exigenda
1401 1357 1564 1422 haec
1617 1356 1875 1440 flagitia
1915 1376 2187 1421 manum
2229 1356 2578 1421 admovea-

617 1446 730 1510 tis.
807 1442 990 1524 Quid
1045 1442 1297 1507 homini
1352 1442 1706 1507 christiano
1763 1462 1917 1507 cum
1981 1441 2110 1507 ista
2163 1443 2579 1526 praevarica-

619 1530 784 1596 trice
818 1528 1200 1605 obedientia,
1237 1549 1405 1611 quae
1439 1528 1638 1595 verbo
1673 1528 1802 1593 Dei
1836 1526 2173 1593 licentiose
2208 1534 2578 1609 contempto

621 1616 936 1698 obsequia
984 1635 1106 1678 sua
1158 1613 1368 1679 defert
1409 1613 1758 1678 hominum
1801 1612 2124 1678 vanitati?
2211 1612 2388 1693 Quid
2425 1633 2579 1698 cuin

614 1702 745 1784 ista
786 1700 1157 1766 contumaci
1201 1699 1697 1782 praefractaque
1755 1697 2156 1776 humilitate,
2214 1719 2406 1781 quae,
2464 1696 2577 1762 de-

617 1794 842 1870 specta
874 1784 1003 1850 Dei
1048 1785 1410 1864 maiestate,
1458 1784 1758 1849 homines
1799 1782 1992 1847 modo
2036 1785 2310 1866 suspicit
2353 1805 2429 1850 ac
2473 1804 2579 1848 re-

617 1871 934 1937 veretur?
1013 1871 1378 1936 Facessant
1429 1869 1662 1934 inanes
1707 1870 2033 1933 virtutum
2077 1869 2292 1948 tituli,
2337 1869 2446 1952 qui
2492 1867 2577 1933 ad

618 1956 988 2041 obtegenda
1031 1956 1196 2021 vitia
1238 1964 1679 2020 accersuntur.
1751 1954 1924 2018 Rem
1964 1955 2185 2036 ipsam
2231 1955 2373 2020 sine
2427 1954 2577 2019 fuco

620 2044 1004 2108 afferamus:
1051 2042 1137 2104 sit
1179 2041 1354 2106 inter
1396 2061 1517 2105 nos
1561 2039 1922 2119 humilitas,
1970 2060 2139 2123 quae
2184 2039 2266 2105 ab
2307 2045 2424 2120 [fol.
2465 2045 2574 2119 35]

622 2129 849 2193 infimo
894 2147 1143 2206 exorsa,
1190 2148 1307 2191 suo
1350 2146 1671 2208 quemque
1716 2124 1929 2207 gradu
1971 2125 2069 2189 ita
2112 2124 2307 2203 colat,
2352 2134 2430 2190 ut
2471 2146 2576 2190 ec-

620 2214 857 2280 clesiae
912 2233 1236 2276 summam
1291 2210 1741 2294 dignationem
1793 2211 2407 2295 observantiamque
2463 2210 2576 2275 de-

619 2299 816 2376 ferat,
869 2317 1032 2380 quae
1075 2307 1300 2360 tamen
1343 2298 1485 2379 ipsa
1524 2296 1790 2360 demum
1833 2296 1918 2359 ad
1962 2294 2332 2376 Christum,
2378 2295 2578 2362 eccle-

618 2386 757 2450 siae
800 2390 1015 2465 caput,
1062 2383 1410 2462 referatur3
1455 2382 1541 2446 sit
1573 2381 1957 2460 obedientia,
2003 2404 2170 2465 quae
2205 2384 2299 2448 sic
2343 2381 2427 2447 ad
2457 2403 2575 2447 au-

618 2469 890 2535 diendos
951 2469 1314 2551 praefectos
1379 2487 1454 2533 ac
1520 2467 1801 2532 maiores
1866 2487 1990 2532 nos
2056 2476 2430 2550 componat,
2497 2473 2578 2531 ut

615 2555 836 2620 omnia
891 2560 1115 2618 tamen
1168 2554 1478 2636 obsequia
1531 2550 1611 2616 ad
1667 2554 1928 2618 unicam
1973 2554 2159 2620 verbi
2200 2552 2330 2620 Dei
2375 2574 2575 2638 regu-

611 2642 747 2705 lam
792 2640 1041 2723 exigat3
1099 2640 1186 2704 sit
1229 2637 1508 2720 denique
1566 2638 1866 2717 ecclesia,
1921 2642 2027 2706 cui
2069 2660 2416 2722 supremae
2459 2660 2574 2705 cu-

615 2748 728 2791 rae
772 2726 894 2804 sit,
947 2724 1258 2808 religiosa
1311 2725 1685 2788 humilitate
1728 2727 2058 2808 suspicere
2103 2726 2379 2791 verbum
2420 2725 2571 2804 Dei,

613 2821 683 2876 et
726 2811 847 2877 sub
893 2812 1032 2875 eius
1074 2809 1445 2875 obedientia
1488 2832 1559 2875 se
1603 2811 1956 2876 continere.
2046 2812 2170 2891 At,
2227 2813 2416 2877 cuius
2465 2833 2573 2876 ar·

613 2895 953 2981 rogantiae
997 2903 1126 2974 est,
1182 2896 1468 2979 inquies,
1525 2896 1766 2961 iactare
1808 2917 2010 2980 penes
2056 2918 2172 2963 vos
2216 2896 2387 2963 solos
2429 2917 2572 2962 esse

612 2981 985 3061 ecclesiam,
1049 2990 1118 3047 et
1168 3003 1316 3046 eam
1366 2981 1631 3045 interim
1686 2981 1974 3049 adimere
2026 2981 2170 3048 orbi
2212 2982 2568 3050 universo?

611 3070 753 3133 Nos
775 3089 951 3144 vero,
988 3065 1312 3142 Sadolete‚
1348 3067 1652 3133 ecclesias
1676 3066 1927 3133 Christi
1959 3089 2087 3149 eae,
2124 3069 2360 3152 quibus
2378 3090 2571 3153 prae—

613 3152 861 3231 sidetis,
909 3174 1051 3218 esse
1087 3172 1222 3217 non
1256 3174 1596 3236 negamus,
1642 3152 1756 3218 sed
1789 3155 2164 3237 pontificem
2198 3174 2568 3233 romanum,

613 3261 766 3306 cum
820 3246 957 3303 toto
1011 3238 1710 3322 pseudoepiscoporum
1762 3261 1961 3325 grege
1977 3291 1992 3321 ,
2058 3241 2171 3324 qui
2226 3250 2571 3325 pastorum

613 3326 832 3391 locum
861 3325 1009 3391 istic
1043 3333 1463 3407 occuparunt,
1499 3324 1822 3390 immanes
1858 3348 2000 3392 esse
2034 3327 2224 3409 lupos
2260 3325 2567 3391 dicimus:

657 3412 850 3477 uibus
903 3411 1174 3476 unicum
1232 3409 1527 3475 studium
1579 3410 1897 3477 hactenus
1952 3414 2076 3477 fuit
2091 3463 2105 3489 ,
2164 3420 2446 3477 atterere
2503 3418 2571 3477 et

553 3578 558 3584 .
612 3433 990 3580 disperdere
1034 3494 1285 3561 Christi
1330 3517 1628 3580 regnum,
1676 3495 1880 3562 donec
1913 3499 2221 3564 vastitate
2267 3507 2335 3562 et
2374 3498 2571 3563 ruina

612 3582 1070 3648 deformarent.
1137 3581 1366 3664 Neque
1401 3582 1572 3647 hanc
1606 3590 1829 3647 tamen
1865 3585 2342 3666 querimoniam
2368 3583 2569 3666 primi

612 3690 968 3735 movemus.
1057 3668 1445 3733 Bel-nardus
1485 3675 1734 3750 quanta
1776 3668 2193 3735 vehementia
2233 3670 2304 3734 in
2342 3670 2567 3752 Euge-

611 3755 800 3820 nium
857 3774 1217 3835 omnesque
1296 3774 1452 3818 suae
1510 3755 1744 3818 aetatis
1798 3756 2129 3837 episcopos
2189 3755 2520 3820 ‘fulminat
2532 3754 2576 3817 ‘2-

612 3839 716 3903 At
747 3848 991 3921 quanto
1049 3839 1316 3906 saeculi·
1347 3839 1523 3904 illius
1579 3838 1865 3904 conditio
1920 3840 2045 3905 hac
2090 3842 2422 3923 praesenti
2466 3851 2566 3905 to-

611 3923 987 3989 lerabilior?
1047 3925 1156 3991 Ad
1192 3934 1558 3990 extremum
1596 3925 1775 3990 enim
1810 3927 2137 4009 nequitiae
2172 3937 2565 4010 perventum

614 4016 744 4074 est:
790 4018 868 4074 ut
908 4011 1040 4074 iam
1086 4032 1205 4077 nec
1238 4012 1407 4076 vitia
1449 4032 1590 4091 sua,
1636 4032 1756 4075 nec
1796 4012 2089 4077 remedia
2131 4013 2271 4095 pati
2310 4014 2568 4096 possint

611 4094 981 4160 adumbrati
1037 4097 1147 4161 isti
1198 4096 1559 4180 praesules,
1615 4097 1685 4161 in
1731 4098 1966 4180 quibus
2022 4108 2197 4163 stare
2242 4106 2309 4162 et
2348 4099 2485 4180 peri
2495 4118 2565 4161 re

611 4182 951 4248 ecclesiam
985 4192 1200 4263 putas,
1246 4204 1287 4247 a
1327 4182 1565 4266 quibus
1602 4204 1723 4247 nos
1763 4184 1973 4266 ipsam
2019 4184 2296 4250 dicimus
2331 4184 2564 4249 imma-

612 4267 790 4333 niter
831 4269 1030 4332 fuisse
1071 4266 1406 4333 disiectam
1453 4276 1522 4333 et
1572 4268 1975 4348 mutilatam,
2033 4277 2100 4336 et
2154 4290 2393 4354 parum
2448 4271 2564 4335 ab-

610 4354 832 4431 fuisse,
870 4353 1030 4435 quin
1054 4353 1137 4418 ad
1158 4355 1674 4420 internecionem
1710 4376 1917 4437 usque
1954 4355 2298 4420 deleretur.
2370 4353 2565 4436 Quod

611 4446 789 4503 certe
829 4439 1060 4503 fuisset
1103 4440 1364 4517 factum,
1405 4441 1531 4504 nisi
1577 4440 1927 4523 singularis
1971 4442 2102 4507 Dei
2143 4443 2403 4506 bonitas
2448 4441 2563 4507 ob-

611 4524 896 4588 stitisset.
989 4523 1097 4588 Ita
1149 4524 1221 4587 in
1275 4525 1577 4590 omnibus
1631 4525 1817 4604 locis,
1877 4526 1989 4608 qui
2043 4528 2303 4590 romani
2341 4529 2563 4610 ponti-

611 4611 753 4675 ficis
787 4608 1136 4693 tyrannide
1169 4619 1586 4692 occupantur,
1609 4612 1723 4676 vix
1760 4619 2078 4693 apparent
2111 4634 2343 4694 sparsa
2363 4634 2562 4696 quae-

610 4694 763 4760 dam
807 4704 874 4759 et
916 4695 1134 4760 lacera
1176 4697 1486 4779 vestigia,
1531 4717 1615 4761 ex
1657 4696 1893 4778 quibus
1936 4696 2240 4762 ecclesias
2281 4698 2417 4765 illic
2459 4721 2562 4764 se-

607 4781 989 4863 misepultas
1029 4782 1238 4845 iacere
1283 4800 1614 4865 agnoscas.
1680 4781 1911 4865 Neque
1953 4782 2023 4847 id
2066 4783 2423 4849 absurdum
2460 4786 2560 4851 vi-

610 4866 750 4932 deri
796 4867 914 4931 tibi
959 4866 1179 4945 debet,
1236 4868 1347 4950 qui
1402 4867 1588 4932 audis
1641 4888 1725 4932 ex
1779 4889 1891 4933 ore
1933 4869 2160 4949 Pauli,
2215 4892 2349 4935 non
2405 4869 2558 4934 alibi

606 4952 829 5018 sedem
873 4952 1282 5017 Antichristo
1337 4954 1499 5031 fore,
1556 4975 1753 5036 quam
1803 4956 1874 5019 in
1930 4955 2146 5020 medio
2188 4956 2318 5020 Dei
2371 4975 2558 5020 sanc-

609 5040 823 5103 tuario
869 5038 938 5122 (2
977 5037 1203 5102 Thess.
1244 5042 1301 5118 2,
1339 5038 1429 5122 4).
1495 5040 1606 5103 An
1641 5062 1771 5105 non
1807 5040 1917 5107 vel
1949 5063 2084 5107 una
2129 5042 2289 5106 haec
2334 5040 2558 5105 admo-

606 5125 794 5203 nitio¹
822 5124 1321 5208 expergefacere
1362 5145 1481 5189 nos
1525 5123 1745 5204 debet,
1802 5147 1886 5191 ne
1928 5149 2095 5210 quae
2147 5128 2314 5191 forte
2367 5125 2559 5192 nobis

602 5210 998 5294 praestigiae
1054 5218 1120 5275 et
1172 5209 1506 5293 captiones
1549 5210 1622 5273 in
1666 5212 1973 5276 ecclesiae
2030 5212 2294 5278 nomine
2337 5213 2557 5277 inten-

2363 308 2894 377 RESPONSIO

4511 313 4630 376 404

2688 498 2971 565 dantur?
3062 496 3200 564 Sed
3256 498 3737 581 qualescunque
3793 499 3953 577 sint,
4012 499 4257 581 inquis,
4318 498 4448 564 scri
4496 507 4634 564 tum

2687 594 2912 650 tamen
2954 593 3083 649 est:
3130 583 3320 664 Quae
3363 583 3588 650 dicunt
3628 585 3821 649 facite
3857 583 4126 664 (Matth.
4151 588 4252 663 23,
4279 585 4367 669 3).
4494 604 4631 664 ane,

2686 672 2743 737 si
2794 671 2865 734 in
2920 668 3233 735 cathedra
3273 670 3480 735 Mosis
3530 670 3816 735 sedeant.
3906 668 4044 735 Sed
4082 669 4198 735 ubi
4244 691 4282 735 c
4324 669 4634 737 cathedra

2685 756 3000 823 vanitatis
3054 756 3370 839 populum
3423 755 3622 839 nugis
3676 754 4084 833 dementant,
4142 757 4458 839 scriptum
4504 763 4629 821 est:

2686 840 2932 907 Cavete
2975 839 3059 907 ab
3102 862 3327 906 eorum
3370 842 3691 906 fermento
3735 841 4005 924 (Matth.
4047 845 4144 921 16,
4186 843 4274 924 6).
4341 842 4497 907 Non
4538 850 4635 907 est

2684 934 3006 1007 nostrum,
3052 924 3377 1004 Sadolete,
3423 947 3615 992 suum
3661 927 3966 992 ecclesiae
4009 928 4112 993 ius
4146 929 4417 1012 eripere,
4464 926 4636 1010 quod

2684 1013 2782 1077 illi
2825 1033 2963 1077 non
3003 1011 3198 1077 modo
3240 1013 3372 1077 Dei
3410 1011 3813 1096 benignitate
3856 1033 4257 1091 concessum,
4302 1012 4419 1079 sed
4462 1013 4634 1077 mul-

2684 1099 2771 1164 tis
2825 1099 3027 1163 etiam
3078 1097 3447 1164 interdictis
3498 1118 3727 1163 severe
3768 1098 4176 1163 vindicatum
4224 1099 4368 1164 fuit.
4458 1098 4635 1164 Nam

2683 1191 2761 1248 ut
2815 1183 2899 1249 ad
2949 1183 3308 1268 regendam
3363 1183 3704 1249 ecclesiam
3747 1205 3882 1249 non
3936 1185 4325 1250 emittuntur
4366 1184 4450 1249 ab
4492 1185 4635 1267 ipso
4724 1199 4751 1224 ⁶

2683 1291 2834 1335 cum
2876 1269 3219 1335 licentiosa
3263 1269 3603 1354 exlegique
3645 1277 3967 1352 potestate
4008 1277 4332 1353 pastores,
4388 1269 4513 1335 sed
4556 1270 4636 1335 ad

2683 1366 2933 1420 certam
2975 1355 3171 1421 officii
3208 1355 3559 1420 formulam
3604 1355 4123 1439 adstringuntur,
4181 1377 4382 1439 quam
4441 1376 4635 1422 exce-

2684 1439 2838 1506 dere
2879 1463 3014 1506 non
3057 1441 3268 1517 liceat,
3312 1441 3409 1504 ita
3451 1440 3797 1524 explorare
3831 1440 4095 1507 iubetur
4129 1441 4402 1508 ecclesia
4436 1463 4637 1524 quam

2681 1525 2965 1591 fideliter
3017 1528 3342 1593 vocationi
3398 1526 3838 1608 respondeant
3891 1548 4079 1605 suae,
4137 1549 4301 1610 quos
4354 1548 4437 1593 ea
4488 1527 4636 1612 lege

2682 1612 2807 1678 sibi
2854 1613 3214 1694 praefectos
3258 1612 3457 1678 habet
3500 1612 3564 1697 (l
3593 1612 3820 1677 Thess.
3860 1617 3919 1690 5,
3958 1618 4072 1692 213
4117 1613 4402 1678 lIoann.
4441 1619 4506 1689 4,
4556 1616 4633 1696 1).

2683 1698 2889 1780 Atqui
2924 1697 3029 1763 vel
3072 1719 3205 1762 non
3230 1697 3516 1762 multum
3561 1697 3827 1763 habebit
3851 1699 4167 1763 momenti
4203 1697 4458 1764 Christi
4506 1707 4636 1764 tes-

2683 1783 3055 1862 timonium,
3114 1794 3230 1848 aut
3281 1786 3466 1849 nefas
3520 1784 3673 1862 erit,
3730 1785 4147 1848 autoritatem
4205 1784 4310 1848 vel
4352 1784 4637 1850 minima

2683 1889 2768 1933 ex
2808 1876 2997 1952 parte
3050 1869 3133 1933 iis
3186 1867 3515 1953 abrogari,
3573 1889 3734 1952 quos
3791 1876 3928 1933 tam
3983 1868 4345 1953 splendidis
4400 1869 4636 1954 elogiis

2682 1955 2959 2019 ornavit.
3046 1955 3192 2019 Imo
3234 1973 3392 2020 vero
3434 1954 3711 2034 falleris,
3767 1955 3823 2020 si
3866 1963 4060 2040 putas
4100 1955 4465 2019 Dominum
4509 1957 4636 2020 im-

2679 2040 2972 2123 posuisse
3014 2040 3254 2123 populo
3298 2045 3418 2118 [fol.
3455 2045 3564 2119 36]
3602 2061 3724 2105 suo
3767 2049 4118 2126 tyrannos,
4163 2041 4275 2123 qui
4319 2062 4439 2125 pro
4482 2041 4634 2106 libi-

2681 2124 2835 2191 dine
2878 2124 3399 2205 dominarentur,
3447 2125 3563 2190 ubi
3603 2127 3685 2191 iis
3726 2147 3890 2209 quos
3933 2125 4017 2191 ad
4039 2127 4456 2211 evangelium
4475 2148 4632 2211 pro-

2679 2210 3115 2294 mulgandum
3155 2210 3474 2290 mittebat,
3520 2218 3780 2282 tantum
3823 2211 4059 2277 detulit
4098 2213 4462 2295 potestatis.
4550 2213 4635 2277 In

2681 2318 2756 2361 eo
2800 2305 3019 2362 autem
3057 2297 3385 2382 impingis,
3429 2296 3599 2380 quod
3643 2319 3778 2363 non
3821 2299 4070 2382 cogitas
4111 2306 4266 2363 ante
4309 2298 4458 2363 illos
4506 2299 4636 2364 cir-

2680 2382 3026 2448 cumscribi
3065 2384 3261 2449 certis
3302 2384 3563 2463 finibus,
3607 2404 3807 2466 quam
3840 2391 4162 2467 potestate
4196 2385 4637 2450 instruantur.

2679 2467 3064 2533 Audiendos
3103 2490 3260 2553 ergo
3302 2470 3607 2547 fatemur,
3652 2490 3789 2533 non
3822 2488 4010 2536 secus
4041 2489 4116 2534 ac
4152 2468 4499 2543 Christum
4537 2471 4637 2553 ip-

2679 2574 2847 2633 sum,
2893 2554 3360 2620 ecclesiasticos
3404 2563 3716 2637 pastores,
3762 2554 3878 2620 sed
3922 2555 4035 2638 qui
4066 2576 4310 2620 munus
4354 2557 4480 2620 sibi
4528 2556 4635 2620 in-

2676 2639 2971 2704 iunctum
3011 2647 3470 2722 exsequantur.
3537 2640 3618 2705 Id
3662 2660 3855 2724 porro
3900 2642 4116 2724 ipsum
4150 2662 4295 2706 esse
4329 2641 4632 2721 dicimus,

2676 2745 2812 2789 non
2853 2747 3020 2808 quae
3056 2746 3096 2789 a
3130 2746 3200 2791 se
3243 2727 3403 2808 ipsis
3448 2725 3687 2808 placita
3730 2734 3977 2791 temere
4020 2725 4426 2806 excuderint,
4472 2748 4634 2792 con-

2675 2810 2957 2876 fidenter
2998 2812 3325 2894 ingerere,
3381 2811 3496 2876 sed
3541 2832 3706 2895 quae
3760 2833 3843 2876 ex
3895 2832 4007 2876 ore
4048 2812 4321 2876 Domini
4364 2813 4637 2879 oracula

2678 2897 3062 2979 acceperint,
3105 2897 3410 2981 religiose
3455 2919 3531 2966 ac
3575 2897 3745 2963 bona
3786 2897 3915 2962 fide
3957 2898 4265 2980 proferre.
4344 2898 4529 2963 Nam
4570 2906 4637 2964 et
4750 2907 4757 2924 ⁸

2675 2981 2759 3047 iis
2802 2982 3108 3049 cancellis
3150 2984 3531 3048 terminavit
3573 2981 3902 3063 Christus,
3946 3005 4142 3067 quam
4177 2984 4488 3067 apostolis
4524 3006 4632 3050 re-

2674 3069 3041 3135 verentiam
3081 3069 3292 3135 voluit
3334 3068 3656 3134 exhiberi:
3715 3090 3837 3135 nec
3877 3070 4118 3135 Petrus
4169 3070 4321 3154 plus
4373 3071 4633 3154 aliquid

2675 3155 2781 3219 vel
2826 3154 2950 3220 sibi
2995 3155 3242 3233 tribuit,
3286 3155 3394 3220 vel
3437 3155 3584 3220 aliis
3625 3155 3963 3237 permittit,
4009 3177 4207 3239 quam
4249 3167 4323 3221 ut
4362 3157 4633 3240 quoties

2673 3240 3032 3323 loquuntur
3063 3242 3238 3306 inter
3270 3240 3513 3316 fideles,
3551 3240 3760 3305 veluti
3794 3261 3880 3305 ex
3913 3262 4025 3306 ore
4044 3242 4317 3308 Domini
4348 3241 4633 3325 loquan-

2675 3334 2785 3390 tur
2874 3331 2903 3389 1
2932 3327 3111 3392 Petr.
3146 3333 3205 3404 4,
3253 3328 3378 3408 11).
3466 3326 3685 3391 Effert
3733 3326 3999 3409 quidem
4053 3327 4402 3411 magnifice
4444 3328 4633 3393 Pau-

2673 3411 2778 3476 lus
2833 3328 2901 3495 {2
2939 3412 3091 3477 Cor.
3134 3416 3232 3490 13,
3278 3411 3384 3496 10)
3441 3412 3849 3495 spiritualem
3890 3413 4074 3478 illam
4115 3434 4246 3496 qua
4285 3413 4631 3497 praeditus

2674 3504 2816 3561 erat
2836 3504 3245 3580 potestatem,
3284 3497 3400 3562 sed
3437 3496 3729 3562 adhibita
3763 3497 4224 3578 moderatione,
4263 3507 4338 3564 ut
4356 3520 4444 3563 ne
4465 3498 4632 3582 quid

2672 3583 2907 3663 valeat,
2953 3584 3080 3648 nisi
3126 3583 3209 3648 ad
3254 3583 3797 3664 aedificationem;
3839 3591 3914 3648 ut
3956 3606 4041 3650 ne
4081 3606 4277 3667 quam
4323 3585 4625 3650 domina—

2671 3669 2873 3733 tionis
2916 3670 3195 3751 speciem
3239 3690 3398 3752 prae
3442 3691 3512 3735 se
3556 3670 3755 3749 ferat;
3812 3677 3888 3734 ut
3940 3690 4026 3734 ne
4083 3670 4168 3736 ad
4219 3670 4421 3735 fidem
4464 3670 4629 3736 sub·

2669 3753 3025 3839 iugandam
3067 3756 3456 3820 conferatur.
3524 3752 3881 3839 Superbiat
3918 3777 4114 3835 nunc,
4158 3765 4237 3820 ut
4255 3755 4452 3835 volet,
4489 3756 4628 3821 Pe-

2670 3841 2757 3904 tri
2817 3842 3225 3906 successione
3278 3841 3576 3925 pontifex
3628 3850 3874 3906 vester:
3916 3842 4129 3906 etiam
4181 3842 4240 3907 si
4293 3862 4442 3905 eam
4497 3842 4629 3908 sibi

2671 3925 2973 4004 evicerit,
3030 3926 3196 3990 nihil
3254 3933 3477 3991 tamen
3529 3925 3685 3990 inde
3728 3934 4185 4009 consequetur,
4238 3948 4436 4010 quam
4494 3927 4628 3994 sibi

2670 4009 3107 4077 obedientiam
3151 4034 3191 4075 a
3235 4012 3591 4078 christiano
3635 4012 3873 4095 populo
3927 4011 4179 4091 deberi,
4234 4015 4630 4097 quantisper

2669 4096 2865 4161 fidem
2909 4098 3050 4180 ipse
3093 4096 3360 4163 Christo
3401 4098 3791 4177 servaverit,
3837 4118 3960 4163 nec
4004 4096 4086 4162 ab
4130 4098 4456 4183 evangelii
4499 4121 4628 4182 pu-

2669 4183 2863 4247 ritate
2919 4183 3237 4250 deflectat.
3324 4183 3478 4248 Non
3536 4184 3713 4247 enim
3770 4184 3841 4248 in
3903 4184 4105 4249 alium
4159 4184 4457 4249 ordinem
4502 4207 4626 4251 voe

2670 4270 2846 4354 cogit
2900 4269 3175 4336 ecclesia
3225 4269 3518 4334 fidelium
3561 4288 3756 4352 quam
3799 4269 3872 4333 in
3913 4292 4040 4353 quo
4094 4278 4271 4335 stare
4312 4290 4435 4335 vos
4478 4273 4625 4337 Do-

2668 4356 2893 4419 minus
2931 4355 3173 4420 voluit:
3216 4354 3330 4419 ubi
3371 4355 3455 4419 ad
3499 4375 3645 4419 eam
3685 4376 3803 4419 vos
3848 4357 4147 4438 regulam
4190 4355 4429 4439 exigit,
4486 4378 4623 4440 qua

2669 4449 2807 4506 tota
2848 4450 3074 4507 vestra
3115 4448 3404 4525 potestas
3447 4441 3833 4506 continetur.
3922 4442 4073 4520 Hic,
4118 4442 4409 4523 inquam,
4457 4442 4623 4509 ordo

2666 4528 2840 4592 inter
2892 4527 3117 4593 fideles
3172 4534 3273 4592 est
3325 4526 3720 4592 constitutus
3774 4527 4045 4591 Domini
4088 4547 4279 4606 voce,
4336 4537 4411 4591 ut
4508 4549 4619 4593 ro-

2667 4612 2889 4695 pheta,
2935 4613 3049 4694 qui
3094 4613 3310 4679 locum
3354 4610 3627 4678 docendi
3670 4621 3881 4690 tenet,
3939 4633 3980 4676 a
4019 4634 4329 4679 consessu
4368 4551 4619 4680 iudice—

2666 4707 2776 4763 tur
2820 4697 2885 4783 (l
2914 4697 3064 4763 Cor.
3100 4704 3193 4777 14,
3233 4699 3362 4780 29).
3452 4697 3560 4763 Ab
3610 4719 3686 4761 eo
3729 4699 4102 4781 quicunque
4156 4720 4227 4765 se
4270 4701 4527 4777 eximit,
4574 4720 4618 4764 e

2663 4806 2935 4859 munero
2967 4785 3442 4868 prophetarum
3486 4806 3555 4849 se
3597 4783 3780 4865 prius
3816 4791 4156 4868 expungat
4188 4806 4455 4851 necesse
4489 4792 4614 4851 est.

2833 4872 3054 4954 Atque
3099 4871 3206 4936 hic
3240 4870 3405 4934 mihi
3440 4893 3511 4936 se
3556 4869 3769 4951 aperit
3808 4870 4167 4935 latissimus
4208 4871 4616 4955 redarguen-

2663 4954 2786 5020 dae
2839 4957 3133 5022 inscitiae
3166 4965 3318 5020 tuae
3363 4976 3659 5039 campus,
3703 4954 4025 5037 siquidem
4069 4956 4268 5040 vulgo
4310 4957 4615 5023 fidelium

2660 5041 2829 5105 nihil
2849 5041 3027 5105 inter
3052 5041 3384 5124 religionis
3408 5040 3884 5108 controversias
3915 5042 4243 5123 reliquum
4273 5043 4454 5121 facis,
4476 5042 4611 5107 nisi

2660 5134 2737 5190 ut
2778 5126 3028 5193 aversis
3064 5147 3103 5190 a
3137 5148 3208 5191 re
3256 5127 3402 5210 ipsa
3447 5127 3679 5205 oculis,
3730 5125 4122 5193 doctioribus
4167 5148 4239 5192 se
4280 5128 4601 5194 addicant.

2658 5212 2755 5278 At
2777 5233 2980 5295 quum
3002 5209 3350 5276 obnoxiam
3361 5210 3649 5278 Satanae
3673 5212 3963 5278 animam
3976 5234 4121 5279 esse
4143 5222 4414 5295 constet,
4439 5233 4611 5299 quae
