4984 5975
660 343 775 404 111

840 527 916 594 Ut
958 527 1318 592 sententiam
1363 546 1548 588 secam
1592 527 1849 606 quisq-ue
1892 523 2205 612 scriberet]
2265 525 2396 590 Hic
2439 525 2606 590 ritus

653 622 730 681 ut
781 614 1138 697 plurimum
1195 611 1265 674 in
1319 610 1573 674 iudiciis
1636 610 1908 693 publicis
1965 611 2470 688 observabatur,
2534 617 2605 675 ut

654 699 897 766 iudices
942 697 1166 762 audita
1202 717 1414 773 causa,
1461 697 1850 761 sententiam
1890 719 2076 761 suam
2112 697 2491 773 scriberent,
2540 706 2608 761 et

654 788 723 851 in
768 806 1005 849 urnam
1049 783 1472 858 coniicerent,
1530 782 1622 847 sic
1681 791 1755 846 ut
1815 783 1980 848 alter
2023 782 2295 848 alterius
2340 789 2604 847 senten-

652 873 815 936 tiam
849 870 1201 953 ignoraret,
1241 876 1309 932 et
1343 888 1569 930 omnes
1609 868 1919 933 omnium.
1989 869 2155 932 Tum
2196 880 2458 950 praetor
2494 868 2602 950 qui

653 956 1013 1040 quaestioni
1061 961 1375 1036 praeerat,
1422 973 1502 1016 ex
1544 975 1770 1018 eorum
1814 955 2141 1020 sentent-ia
2180 956 2292 1036 qui
2329 975 2605 1018 numero

653 1043 1031 1117 vincebant,
1093 1047 1237 1119 lpag.
1281 1043 1446 1117 1031.
1481 1040 1970 1122 pronunciabat.
2060 1039 2140 1103 Id
2182 1050 2400 1103 tamen
2454 1060 2603 1122 per-

652 1138 925 1211 petuum
968 1148 1104 1190 non
1146 1135 1317 1190 erat:
1374 1125 1544 1206 quod
1589 1132 1840 1191 certum
1886 1134 1986 1190 est
2028 1147 2110 1188 ex
2155 1125 2295 1190 loeo
2342 1125 2602 1190 Cicero-

653 1213 758 1279 nis
801 1213 867 1276 in
913 1213 1210 1277 oiatione
1249 1232 1367 1293 pro
1415 1210 1740 1275 Cluentio.
1833 1210 2202 1291 Quaesivit,
2261 1212 2504 1292 inquit,
2566 1231 2605 1272 a

653 1321 763 1364 reo
809 1297 881 1364 G.
928 1298 1165 1362 Iunius
1209 1298 1538 1380 quaesitor
1592 1318 1675 1361 ex
1728 1296 1872 1379 lege
1928 1296 2043 1361 illa
2088 1296 2395 1362 Cornelia
2438 1318 2604 1378 quae

654 1395 792 1449 tum
852 1395 1022 1458 erat,
1082 1383 1278 1458 clam,
1331 1404 1417 1447 an
1470 1382 1690 1465 palam
1745 1382 1823 1447 de
1879 1405 1947 1447 se
1998 1384 2392 1447 sententiam
2447 1383 2600 1446 ferri

613 1483 618 1486 '
653 1470 871 1536 vellet.
938 1469 1046 1532 De
1081 1467 1432 1551 Oppianici
1468 1470 1797 1533 sententia
1839 1490 2226 1551 responsum
2270 1477 2385 1546 est,
2434 1466 2606 1550 quod

657 1557 713 1620 is
767 1556 998 1620 Habiti
1025 1557 1074 1637 ¹)
1130 1553 1519 1618 familiarem
1579 1575 1720 1619 esse
1778 1555 2047 1618 Iunium
2098 1553 2380 1633 dicebat,
2436 1553 2604 1618 elam
2654 1571 2659 1598 ¹

655 1642 811 1708 ferri
860 1640 1046 1706 velle.
1110 1640 1290 1703 Itum
1335 1650 1436 1705 est
1476 1641 1547 1703 in
1590 1639 1960 1720 consilium:
2004 1638 2306 1704 omnibus
2341 1648 2605 1706 senten-

655 1729 768 1792 tiis
812 1735 1073 1809 praeter
1117 1747 1343 1801 unam,
1403 1747 1599 1808 quam
1655 1747 1843 1790 suam
1888 1724 2200 1791 Staienus
2246 1746 2387 1790 esse
2432 1724 2604 1790 dice-

654 1814 782 1888 bat,
823 1811 1229 1877 Scamander
1252 1812 1462 1894 prima
1495 1811 1749 1876 actione
1772 1808 2241 1876 condemnatus
2275 1818 2391 1877 est.
2445 1809 2606 1876 Fal-

655 1900 888 1964 luntur
941 1918 1098 1980 ergo
1142 1898 1254 1980 qui
1308 1918 1566 1979 semper
1607 1897 1951 1962 tabellares
2005 1898 2202 1961 fuisse
2248 1897 2605 1961 sententias

657 1985 1057 2051 existimant.

835 2069 934 2135 Ne
987 2090 1059 2132 ea
1114 2070 1392 2133 omnium
1441 2071 1642 2148 lieret,
1697 2090 1855 2148 quae
1903 2066 2221 2154 Caesaris]
2284 2067 2429 2132 Hoc
2486 2073 2603 2143 est,

658 2178 743 2220 ne
799 2157 852 2220 si
906 2155 1124 2238 palam
1169 2154 1549 2235 protulisset
1595 2156 1936 2237 Augustus
1992 2156 2414 2231 sententiam,
2466 2173 2606 2216 om-

649 2263 775 2312 nes
821 2242 960 2306 eius
1004 2241 1421 2304 autoritatem
1463 2240 1678 2303 instar
1721 2240 2102 2322 praeiudicii
2159 2249 2605 2322 sequerentur.

658 2329 767 2392 Ita
832 2337 1022 2391 erant
1086 2326 1419 2390 liberiores
1483 2347 1647 2407 quae
1714 2325 2163 2390 scribebantur
2224 2324 2603 2389 sententiae.

659 2411 881 2494 Quare
918 2411 1144 2478 Cicero
1182 2410 1260 2474 de
1295 2410 1440 2494 lege
1480 2411 1754 2494 agraria,
1801 2411 2109 2476 tabellam
2144 2432 2272 2494 qua
2307 2410 2604 2475 fereban-

659 2508 768 2564 tur
788 2498 1119 2582 suffragia,
1150 2505 1333 2561 vocat
1367 2496 1646 2561 indicem
1683 2497 1917 2562 tacitae
1953 2496 2304 2583 libertati53
2352 2505 2418 2561 et
2450 2495 2606 2559 alibi

658 2584 936 2650 tabellae
979 2584 1314 2648 latebram.

833 2670 1086 2736 Iuravit
1124 2689 1188 2734 se
1239 2668 1424 2732 Tarii
1463 2667 1779 2747 locupletis
1818 2666 2114 2755 hominis]
2135 2735 2144 2745 ,
2163 2668 2303 2733 Cur
2346 2667 2604 2731 iurave-

657 2759 746 2820 rit
792 2759 1167 2837 AugustuS,
1225 2761 1453 2837 postea
1496 2753 1706 2835 aperit
1750 2752 2028 2832 Seneca,
2087 2775 2169 2817 ne
2215 2752 2464 2818 scilieet
2508 2754 2604 2816 vi-

552 2886 568 2910 .
660 2840 926 2905 deretur
981 2840 1166 2921 spolii
1229 2841 1251 2910 (
1259 2850 1331 2901 ut
1383 2837 1649 2920 dieitur)
1706 2838 2060 2921 cupiditate
2115 2839 2429 2902 conficere
2490 2838 2604 2902 be-

657 2926 868 2991 luam:
914 2936 980 2989 et
1015 2924 1159 2989 ideo
1182 2924 1391 2987 filium
1429 2922 1509 2988 ab
1548 2922 1945 2988 haereditate
1988 2930 2262 3008 paterna
2306 2922 2602 3000 deiicere,

657 3022 737 3077 ut
776 3013 918 3095 ipse
961 3011 1190 3074 haeres
1227 3010 1569 3074 institutus
1602 3008 1670 3072 in
1707 3009 1923 3074 locum
1961 3009 2350 3075 succederet.
2408 3007 2603 3088 Quod

627 3098 767 3162 *hic
821 3094 1090 3160 Tarium
1159 3095 1486 3158 hominem
1545 3093 1936 3178 locupletem
1990 3095 2275 3178 appellat
2330 3092 2601 3171 Seneca,

659 3182 854 3265 homo
897 3183 1036 3264 ipse
1080 3178 1442 3262 praedives,
1489 3200 1617 3243 non
1662 3181 1778 3245 abs
1820 3203 1892 3245 re
1926 3187 2041 3246 est.
2112 3178 2451 3262 Siquidem
2474 3181 2602 3244 Ta-

659 3270 815 3345 rius,
863 3276 936 3332 ut
979 3266 1206 3332 scribit
1249 3265 1508 3329 Plinius
1561 3266 1631 3329 in
1687 3287 1761 3332 6ο
1806 3288 1998 3349 quom
2043 3267 2388 3332 citavimus
2442 3265 2600 3343 locO,

659 3354 896 3420 millies
919 3352 1293 3418 sestertium
1315 3350 1702 3416 liberalitate
1728 3353 2011 3435 Augusti
2024 3363 2406 3436 congestum
2428 3352 2604 3435 agris

631 3440 1034 3507 'coemundis
1079 3437 1415 3502 exhausit:
1474 3458 1640 3519 quae
1685 3459 1942 3502 summa
1984 3439 2139 3503 facit
2181 3439 2351 3515 aeris
2396 3437 2605 3501 nostri

658 3527 861 3592 vicies
902 3524 1245 3609 quinquies
1289 3530 1563 3587 centena
1604 3523 1840 3602 millia,
1899 3546 2015 3589 seu
2067 3523 2226 3590 duos
2279 3523 2604 3588 milliones

658 3619 725 3677 et
781 3613 1143 3696 quingenta
1199 3608 1409 3673 millia
1460 3616 1954 3687 coronatorum:
2011 3616 2085 3674 ut
2138 3609 2468 3693 colligitur
2521 3631 2605 3674 ex

658 3696 1121 3782 supputatione
1163 3693 1438 3760 Budaei.
1526 3694 1754 3777 Neque
1812 3697 1986 3760 enim
2039 3695 2203 3759 mihi
2255 3717 2451 3761 curae
2506 3703 2606 3759 est

658 3783 815 3867 quid
874 3782 1123 3866 garriat
1178 3781 1456 3845 Porcius
1514 3781 1718 3845 Latro
1774 3781 2183 3847 Vicentinus.
2287 3779 2465 3862 Quid
2521 3782 2606 3845 sit

659 3869 838 3934 adire
886 3866 1384 3944 haereditatem,
1442 3863 1615 3948 quod
1667 3876 1734 3932 et
1788 3887 2055 3932 cernere
2112 3867 2377 3945 dieitur,
2436 3865 2607 3931 nulli

551 3948 554 3955 ’
658 3956 863 4019 ferme
926 3952 1391 4018 iurisconsulto
1457 3973 1588 4015 non
1650 3954 1988 4035 cognitum
2054 3962 2168 4019 est.
2259 3951 2609 4036 Significat

661 4042 838 4105 euim
879 4039 1229 4104 haeredem
1270 4037 1581 4120 profiteri,
1629 4046 1697 4101 et
1732 4060 1802 4103 se
1846 4059 1964 4122 pro
2019 4037 2298 4105 haerede
2357 4058 2603 4122 gerere.

658 4125 854 4194 Unde
906 4133 973 4191 et
1023 4125 1465 4206 metaphorice
1519 4143 1785 4189 cernere
1837 4124 2311 4191 haereditatem
2349 4124 2607 4188 alienae

661 4209 896 4290 laudis,
944 4206 1244 4277 Ciceroni
1290 4208 1374 4274 ad
1413 4208 1841 4289 Dolabellam,
1886 4221 1954 4275 et
1995 4211 2159 4275 libro
2187 4210 2291 4273 VI
2295 4260 2308 4273 .
2355 4208 2436 4273 ad
2483 4210 2606 4272 At-

660 4299 892 4362 ticum:
936 4317 1202 4377 cernere
1246 4316 1553 4360 amorem.
1621 4296 1686 4358 N
1685 4316 1769 4360 on
1805 4296 2317 4361 contemnendus
2359 4302 2463 4359 est
2504 4315 2608 4358 er-

659 4405 770 4448 ror
812 4382 1130 4462 Marcelli,
1175 4382 1360 4446 cuius
1387 4383 1584 4447 verba
1627 4388 1809 4446 suut:
1854 4381 2159 4461 Cernere,
2204 4381 2433 4446 cedere
2476 4381 2607 4464 sig-

661 4470 914 4547 nificat3
973 4466 1145 4532 unde
1191 4477 1258 4531 et
1300 4488 1567 4532 eernere
1619 4465 2088 4533 haereditatem
2132 4467 2248 4532 filii
2294 4465 2605 4550 patribus,

661 4553 731 4619 id
776 4563 878 4619 est
907 4553 1151 4621 ‚cedere
1195 4553 1347 4618 dieti
1393 4564 1562 4621 sunt.
1628 4554 1774 4618 Imo
1798 4576 1952 4619 vero
1994 4554 2113 4619 filii
2154 4562 2419 4637 patrum
2452 4552 2609 4617 hae·

659 4639 1010 4704 reditatem
1054 4648 1351 4716 cernunt,
1398 4639 1465 4703 id
1510 4649 1611 4706 est
1653 4639 1913 4705 adeunt.

841 4723 1015 4790 Satis
1068 4724 1287 4789 habere
1345 4724 1616 4805 fiduciae
1679 4726 1750 4789 in
1792 4726 1952 4792 bona
1994 4725 2365 4799 conscientia
2456 4723 2611 4789 Non

662 4811 846 4876 enim
889 4811 1204 4895 sapientis
1247 4818 1348 4876 est
1391 4833 1461 4900 66
1506 4820 1697 4876 extra
1740 4833 2072 4895 quaerere,
2117 4818 2184 4875 et
2239 4830 2370 4894 pen
2415 4830 2526 4874 ere
2572 4829 2611 4873 a

661 4896 1056 4976 rumoribus,
1096 4895 1211 4961 sed
1234 4896 1669 4963 conscientiae
1705 4919 1864 4965 suae
1897 4896 2138 4964 fiducia
2172 4896 2316 4973 niti,
2354 4904 2429 4960 ut
2461 4895 2610 4978 phi-

659 4982 913 5065 losophi
957 4981 1352 5066 praedicant.
1443 4981 1675 5049 Cicero
1720 4983 1805 5049 ad
1846 4983 2145 5050 Atticum
2188 4982 2354 5047 libro
2415 4980 2608 5046 XH.:

668 5150 918 5157 —-—-———--

802 5257 859 5323 1)
900 5257 1085 5312 Hodie
1116 5257 1339 5327 leyitur:
1377 5258 1537 5312 Aviti.

2306 337 2432 401 DE
2475 336 3019 403 CLEMENTIA

4526 344 4626 405 112

2709 526 2863 591 Mea
2908 526 3300 591 conscientia
3352 526 3558 609 pluris
3611 535 3738 602 est,
3787 548 3984 608 quam
4040 528 4381 592 hominum
4424 549 4629 596 sermo.

2709 611 2881 675 Item
2923 611 3090 675 libro
3133 611 3365 676 XIII.:
3421 613 3525 677 De
3579 613 3754 675 fama
3810 612 3973 676 nihil
4033 635 4189 678 sane
4242 613 4488 690 labor0,
4526 617 4631 681 etsi

2708 696 3097 781 scripseram
3144 698 3226 761 ad
3280 709 3344 762 te
3400 705 3555 762 tunc
3613 698 3829 763 stulte.
3928 699 4111 763 Nihil
4181 699 4359 763 enim
4418 701 4625 767 melius

2708 783 3070 847 curandum
3115 793 3241 860 est,
3289 791 3482 866 atque
3525 783 3649 848 hoc
3680 783 3764 846 in
3808 786 3981 848 omni
4030 785 4173 848 vita
4229 805 4376 861 sua,
4432 806 4633 866 quem-

2708 889 2835 950 que
2883 890 2924 932 a
2980 877 3159 934 recta
3229 869 3627 934 conscientia
3674 878 4124 935 transversum
4183 891 4468 954 unguem
4519 893 4633 936 non

2708 961 2966 1037 oportet
3011 954 3356 1019 discedere.
3436 956 3621 1020 Haec
3681 955 3851 1049 apud
3909 955 4325 1038 philosophos
4371 956 4634 1038 valeant,

2706 1041 2893 1104 nobis
2950 1061 3104 1104 vero
3160 1040 3357 1124 longe
3423 1039 3596 1105 aliud
3664 1042 4050 1122 praescribit
4113 1049 4343 1106 nostra
4409 1042 4632 1127 religio.

2706 1125 2907 1202 Nam,
2956 1138 3040 1193 nut
3078 1128 3186 1190 aitx
3211 1128 3622 1190 Aucrustinus
3679 1126 3759 1190 de
3817 1128 4151 1191 communi
4198 1127 4339 1190 vita
4389 1127 4636 1192 clerico-

2707 1230 2882 1275 rum:
2934 1217 3078 1289 [pag.
3109 1218 3251 1287 104]
3300 1181 3494 1275 fiuae
3529 1232 3635 1276 res
3680 1220 3835 1276 suut
3879 1212 4303 1290 conscientia,
4351 1220 4418 1277 et
4451 1214 4634 1278 fama:

2708 1297 3105 1362 conscientia
3159 1299 3526 1362 necessaria
3581 1304 3681 1361 est
3735 1297 3883 1372 tibi,
3940 1299 4115 1362 fama
4169 1299 4469 1380 proximo
4521 1307 4636 1363 tuo.

2709 1380 2839 1530 lQui
2887 1383 3219 1448 confidens
3274 1383 3706 1448 eonscientiae
3763 1383 4038 1467 negligit
4090 1385 4366 1463 famam,
4429 1383 4638 1450 crude-

2735 1471 2791 1533 is
2836 1474 2950 1532 est.

2886 1553 3189 1635 Princeps
3230 1554 3429 1617 multa
3470 1554 3634 1619 debet
3676 1555 3863 1619 etiam
3903 1553 4140 1640 famae]
4197 1553 4368 1619 Nam
4433 1563 4506 1619 ut
4556 1556 4640 1619 lo-

2704 1639 2933 1721 quitur
2976 1638 3426 1719 Quintilianus
3471 1642 3541 1703 in
3582 1640 3795 1704 milite
3837 1641 4168 1705 Mariano:
4230 1638 4380 1721 Quo
4438 1640 4516 1705 ad
4558 1641 4642 1705 al-

2708 1725 2940 1789 tiorem
2984 1726 3253 1808 quisque
3298 1724 3619 1802 honorum
3663 1725 3943 1809 gradum
3997 1724 4391 1805 extenditur,
4451 1729 4644 1810 magis

2708 1810 2783 1874 in
2825 1810 3196 1893 exemplum
3241 1812 3681 1893 spectantibus
3737 1819 3935 1895 patet.
4022 1813 4112 1875 Et
4155 1812 4316 1876 haec
4361 1823 4466 1878 est
4505 1833 4642 1878 con-

2710 1895 2869 1960 ditio
2913 1897 3340 1979 superiorum,
3386 1905 3463 1961 ut
3503 1896 3817 1980 quidquid
3849 1897 4116 1975 faciunt,
4159 1897 4537 1981 praecipere
4555 1898 4645 1962 vi-

2709 1981 3001 2046 deantur.
3092 1979 3313 2061 Quare
3355 1982 3450 2045 nil
3495 1983 3766 2059 mirum,
3820 1984 3877 2047 si
3930 1982 4173 2047 habere
4233 1982 4513 2048 debeant
4559 1984 4646 2048 fa-

2710 2087 2856 2131 mae
2900 2068 3240 2131 rationem.
4556 2071 4561 2074 ’

2882 2152 3137 2218 Iuravit
3176 2173 3242 2218 se
3281 2174 3404 2217 non
3447 2151 3796 2240 aditurum]
3857 2153 4001 2219 Hoc
4056 2154 4322 2219 schema
4376 2155 4646 2219 rhetori-

2709 2260 2888 2316 cum,
2948 2237 3117 2321 quod
3162 2238 3275 2302 alii
3318 2230 3564 2317 πλὸκην,
3622 2238 3734 2302 alii
3777 2237 4194 2302 α’ναδίπλωσιν
4237 2249 4509 2320 vocant,
4552 2261 4646 2304 rc-

2707 2326 2957 2407 petitio,
3004 2345 3123 2388 seu
3167 2323 3503 2407 replicatio
3546 2324 3747 2388 latine
3791 2324 3917 2389 dici
3956 2330 4189 2407 potest.

2790 2423 2795 2426 ’
2886 2410 3247 2475 Gratuitam
3279 2430 3409 2474 esse
3442 2408 3852 2496 severitatem]
3898 2410 3963 2475 N
3964 2430 4051 2474 on
4097 2410 4535 2493 excogitatam
4571 2409 4646 2474 ad

2709 2493 3191 2561 confiscandam
3235 2495 3728 2574 haereditatem,
3771 2503 3891 2561 etc.

2884 2581 3027 2645 Non
3069 2581 3362 2658 culleum,
3423 2601 3544 2645 non
3585 2579 3923 2668 serpentes]
3987 2579 4338 2664 Significat
4383 2601 4650 2666 poenam

2708 2665 3199 2747 parricidarum,
3242 2667 3355 2747 qui
3397 2667 3602 2750 virgis
3645 2668 4020 2750 sanguineis
4064 2668 4417 2744 verberati,
4465 2680 4649 2750 atque

2704 2752 2911 2816 insuti
2955 2750 3163 2815 culleo
3205 2771 3355 2836 cum
3399 2772 3576 2830 cane,
3623 2752 3840 2830 simia,
3899 2774 4117 2836 angue
4156 2761 4223 2817 et
4266 2754 4645 2839 gallin-acce,

2707 2839 2777 2899 in
2814 2838 3266 2919 profluentem
3322 2835 3827 2928 deiiciebautur,
3874 2853 4020 2918 aut,
4075 2839 4131 2903 si
4175 2860 4361 2905 mare
4397 2839 4653 2924 longius

2707 2921 3009 2988 dissitum
3045 2933 3235 2997 esset,
3279 2922 3436 2988 feris
3480 2921 4003 2989 subiiciebantur.
4092 2919 4307 2990 Autor
4340 2925 4652 2992 Modesti-

2706 3030 2832 3072 nus
2886 3008 2960 3072 in
3012 3007 3053 3072 l.
3100 3030 3311 3090 poena
3364 3008 3697 3092 parricidii
3741 3010 3807 3073 ff.
3866 3009 3949 3074 ad
3991 2996 4057 3075 1>
4081 3011 4312 3095 Pomp.
4374 3011 4458 3077 de
4509 3030 4651 3096 par-

2707 3093 2887 3159 ricid.
2988 3092 3069 3158 Id
3133 3097 3560 3160 constitutum
3625 3106 3770 3160 erat
3838 3094 3984 3181 lege
4049 3095 4425 3176 Cornelias
4465 3117 4656 3182 quam

2707 3178 3009 3244 nonnulli
3077 3179 3280 3246 latam
3347 3203 3386 3244 a
3452 3179 3641 3267 Sylla
3705 3182 4105 3246 existimant.
4214 3183 4362 3266 Ego
4431 3191 4656 3250 contra

2707 3267 2934 3329 sentio.
3004 3266 3176 3330 Nam
3220 3266 3451 3332 Cicero
3495 3269 3566 3330 in
3606 3268 3901 3332 oratione
3942 3288 4060 3350 pro
4095 3267 4356 3346 Roscio,
4396 3267 4657 3351 Quanto

2706 3351 2948 3433 inquit,
3001 3353 3278 3416 maiores
3328 3352 3539 3417 nostri
3579 3353 3968 3435 sapientius,
4012 3354 4126 3436 qui
4167 3374 4374 3436 quum
4416 3354 4655 3420 intelli-

2708 3445 2937 3520 gerent
2979 3437 3143 3501 nihil
3189 3459 3331 3503 esse
3374 3447 3512 3502 tam
3556 3446 3874 3517 sanctum,
3919 3438 4094 3522 quod
4136 3460 4270 3504 non
4307 3438 4661 3524 aliquando

2707 3523 2987 3588 violaret
3038 3523 3337 3604 audacia,
3383 3523 3773 3607 supplicium
3815 3525 3886 3588 in
3924 3524 4280 3607 parricidas
4321 3526 4658 3611 singulare

2708 3609 3273 3692 excogitaverunt:
3325 3617 3401 3673 ut
3443 3630 3606 3693 quos
3650 3610 3793 3692 ipsa
3835 3623 4075 3675 natura
4116 3612 4408 3676 retinere
4452 3613 4527 3677 in
4570 3610 4661 3676 of-

2710 3695 2852 3759 ficio
2906 3714 3040 3758 non
3094 3696 3445 3779 potuisset,
3512 3695 3968 3778 magnitudine
4032 3717 4282 3778 poenae
4336 3698 4659 3763 maleficio

2709 3780 3285 3858 submoverentur,
3345 3781 3522 3855 insui
3581 3781 3931 3846 voluerunt
3985 3782 4058 3845 in
4110 3781 4399 3848 culleum
4462 3785 4662 3860 vivos,

2710 3876 2904 3948 atque
2945 3866 3042 3930 ita
3080 3867 3152 3930 in
3207 3868 3454 3932 flumen
3498 3866 3702 3932 deiici.
3793 3866 3925 3931 Hic'
3965 3889 4007 3931 a
4060 3868 4419 3934 maioribus
4461 3869 4665 3933 latam

2708 3951 2922 4034 legem
2979 3958 3287 4030 testatur,
3354 3973 3557 4035 quum
3617 3958 3842 4017 tamen
3905 3972 4169 4018 causam
4194 3956 4244 4037 ι)
4311 3953 4514 4039 Sylla
4570 3953 4661 4018 vi-

2710 4043 2907 4102 vente
2972 4047 3224 4120 ageret,
3283 4050 3509 4103 autore
3569 4037 3945 4104 Plutarcho,
4059 4037 4376 4122 Quisquis
4441 4050 4665 4104 tamen

2710 4122 2821 4187 ille
2854 4123 3052 4187 fuerit
3089 4121 3437 4189 Oornelius
3481 4124 3732 4206 primus
3775 4122 4136 4207 legislator,
4195 4124 4413 4209 legem
4456 4144 4665 4208 paene

2711 4207 3069 4287 obsoletam
3132 4210 3205 4273 in
3266 4232 3462 4275 usum
3525 4209 3858 4274 revocavit
3931 4195 4282 4299 Pompeius
4350 4212 4666 4295 Magnus,

2712 4294 2877 4358 nihil
2943 4293 3026 4359 ad
3079 4315 3356 4377 poenam
3410 4293 3747 4372 adiiciens,
3816 4294 4373 4377 quemadmodum
4438 4295 4669 4363 scribit

2711 4379 3067 4445 Marcellus
3118 4381 3452 4447 iuriscons.
3499 4382 3569 4445 in
3610 4380 3653 4445 l.
3691 4380 3744 4445 I.
3785 4380 3849 4444 ff.
3896 4380 3977 4444 ad
4020 4380 4063 4445 l.
4100 4381 4497 4466 Pompeiam
4545 4388 4665 4448 etc.

2712 4465 2785 4528 in
2838 4467 3022 4531 cuius
3081 4467 3302 4533 verbis
3358 4466 3488 4531 duo
3550 4465 3751 4531 verba
3816 4467 4262 4550 expungenda·
4315 4469 4669 4534 scitissime

2714 4549 2934 4617 docuit
2976 4552 3207 4616 Zasius
3259 4551 3776 4618 iurisconsultus.
3868 4551 4058 4618 Adde
4097 4554 4297 4619 etiam
4338 4553 4472 4620 hoc
4516 4573 4672 4636 sup-

2712 4636 2981 4719 plicium
3025 4659 3157 4702 non
3195 4640 3481 4721 primum
3520 4637 3963 4720 excogitatum
3997 4659 4143 4704 esse
4177 4639 4246 4703 in
4282 4639 4669 4722 parricidas,

2714 4722 2829 4787 sed
2872 4744 3075 4805 quum
3118 4724 3209 4789 M.
3249 4723 3506 4788 Tullius
3550 4721 3879 4801 duumvir,
3925 4724 4082 4806 quia
4123 4723 4365 4789 librum
4408 4731 4673 4816 secreta

2714 4808 3009 4874 civilium
3031 4829 3365 4875 sacrorum
3381 4808 3825 4874 continentem
3845 4809 4157 4875 Petronio
4169 4808 4421 4876 Sabino
4449 4818 4672 4877 trans-

2714 4893 3133 4960 scribendum
3185 4893 3481 4971 dederat,
3548 4895 3735 4959 iussu
3801 4895 4140 4978 Tarquinii
4204 4897 4381 4980 regis
4448 4895 4670 4963 culleo

2854 5182 2912 5248 1)
2953 5180 3063 5237 Ed.
3084 5181 3220 5236 159⁷
3246 5184 3375 5237 vitio
3407 5197 3697 5253 operarum
3731 5184 3923 5239 scribit
3955 5194 4137 5253 causa,
4172 5184 4304 5240 inde
4333 5186 4671 5255 poster-rom

2716 5267 2785 5307 ex
2818 5251 3143 5320 conjectura.
3164 5269 3372 5310 causas.
3999 5289 4015 5305 .
4385 5306 4395 5316 .
