4984 5975
2137 298 2877 370 PROLEGOMENA.
4265 308 4518 377 XXIX

2436 591 2597 660 vn.

1936 761 2262 829 EDI'I'IO
2305 763 2598 831 PAULI
2639 764 3086 835 LAOROIX.

832 930 3084 1020 OEuvressrancoisesdeelc'olvimrecueilliespourlaproeniere
3133 938 4522 1025 sois,precbdbaedesavoepar1⁷h.de

510 1041 686 1110 Bm
736 1047 795 1109 et
848 1044 1037 1110 ἄκουε
1087 1045 1281 1110 notice
1336 1042 1870 1130 biblioyraphoqtoe
1912 1067 2047 1130 par
2092 1045 2168 1112 P.
2211 1046 2289 1113 L.
2343 1045 2564 1128 Jacob,
2619 1047 3017 1133 Bibliophize.
3108 1027 3334 1130 Paris,
3385 1049 3710 1117 Libram
3760 1052 3838 1117 de
3896 1049 4157 1198 Gharles
4208 1053 4518 1122 Gesselin.

502 1158 710 1220 1842.
808 1152 969 1220 XII
1008 1160 1069 1222 et
1113 1160 1254 1222 352
1282 1178 1397 1239 pp.
1448 1159 1553 1223 12.

816 1267 1055 1334 Editor
1095 1266 1176 1332 V.
1227 1267 1365 1335 Cel.
1410 1268 1658 1336 Paulus
1700 1270 2016 1347 Lacroix,
2062 1269 2492 1337 bibliothecae
2536 1291 2702 1355 quae
2746 1271 2984 1338 dicitur
3026 1274 3519 1340 armamentarii
3559 1275 3937 1358 parisiensis
3977 1277 4359 1359 praefectus,
4403 1297 4516 1344 cu-

506 1380 616 1446 ius
658 1379 897 1445 fama
877 1402 949 1445 m
992 1379 1270 1445 historia
1311 1378 1659 1447 literarum
1702 1380 2059 1449 excolenda
2098 1388 2237 1448 tam
2281 1382 2402 1449 sub
2447 1382 2572 1450 hoc
2617 1384 2759 1449 eius
2803 1405 2961 1450 vero
3003 1385 3299 1464 nomine,
3344 1406 3543 1469 quam
3585 1384 3999 1470 ψευδωνύμως
4052 1386 4157 1474 (le
4199 1387 4519 1455 Biblio-

508 1491 736 1576 phile
779 1491 1062 1575 Jacob)
1115 1490 1451 1572 inclaruit,
1509 1492 1579 1560 in
1625 1493 2029 1577 praefatione
2070 1493 2224 1561 huic
2266 1493 2479 1560 nitido
2517 1494 2839 1560 volumini
2880 1497 3239 1579 praemissa
3281 1498 3426 1564 iure
3468 1499 3776 1576 miratur,
3828 1518 4028 1582 opera
4069 1497 4331 1566 Oalvini
4374 1495 4516 1585 gal-

498 1605 637 1671 lico
676 1602 986 1669 idiomate
1029 1604 1399 1687 conscripta
1440 1624 1784 1687 nunquam
1838 1611 2035 1671 antea
2083 1604 2360 1672 iunctim
2403 1605 2578 1672 edita
2622 1607 2838 1684 fuisse,
2885 1628 3091 1691 quum
3132 1608 3336 1674 editio
3381 1608 3625 1688 Bezae,
3683 1616 3759 1675 ut
3813 1609 3940 1694 ipsi
3983 1630 4185 1694 supra
4226 1609 4517 1677 declara-

508 1718 758 1794 vimus,
815 1714 1186 1781 libellorum
1242 1715 1601 1782 latinorum
1644 1717 1980 1783 versiones
2047 1718 2128 1783 ab
2183 1716 2329 1783 aliis
2372 1718 2577 1784 factas
2620 1717 3018 1786 authenticis
3076 1721 3323 1787 autoris
3378 1721 3637 1805 scriptis
3677 1722 4029 1788 miscuerit.
4119 1719 4334 1789 Simul
4379 1742 4516 1787 non

520 1827 854 1894 inmerito
889 1827 1216 1911 queritur,
1262 1848 1303 1892 a
1339 1827 1697 1894 maioribus
1740 1849 2012 1913 operum
2056 1827 2322 1895 Calvini
2364 1828 2856 1896 collectionibus
2900 1839 3121 1898 textus
3161 1831 3429 1916 gallicos
3470 1853 3742 1917 prorsus
3784 1831 4105 1914 exsulare,
4150 1833 4258 1899 vel
4297 1832 4518 1917 potius

499 1940 716 2006 latine
760 1946 1022 2005 tantum
1069 1960 1259 2006 versa
1313 1939 1387 2004 in
1443 1937 1676 2004 iisdem
1720 1939 1870 2025 legi.
1961 1938 2218 2021 Quibus
2261 1940 2627 2007 rationibus
2666 1951 2884 2008 motus
2935 1943 3075 2027 ipse
3119 1942 3200 2009 de
3241 1943 3625 2029 colligendis
3668 1943 3922 2029 gallicis
3966 1944 4296 2028 opusculis
4342 1944 4519 2029 cogi-

498 2052 678 2118 tavit
717 2050 1075 2135 eademque
1119 2051 1175 2117 si
1228 2072 1363 2117 non
1405 2051 1655 2130 omnia,
1713 2050 1905 2136 plura
1947 2058 2170 2123 tamen
2212 2053 2637 2136 popularibus
2679 2052 2933 2134 obtulit,
2978 2075 3114 2120 non
3155 2063 3292 2120 tam
3305 2106 3322 2135 ,
3365 2054 3535 2140 quod
3579 2056 3690 2120 alii
3729 2055 4172 2134 intenderunt,
4217 2063 4293 2121 ut
4331 2056 4518 2122 theo-

507 2164 813 2249 logorum
857 2160 1095 2228 studiis
1150 2162 1507 2230 inserviret
1522 2214 1538 2242 ,
1605 2182 1799 2246 quam
1844 2169 1921 2228 ut
1964 2163 2284 2230 sermonis
2330 2162 2549 2247 gallici
2602 2167 2987 2232 recentioris
3029 2167 3218 2233 initia
3256 2167 3618 2234 illustraret
3659 2166 4065 2253 gloriamque
4104 2167 4519 2234 calvinianae

511 2274 1007 2343 commendaret
1060 2274 1431 2353 facundiae,
1483 2273 1566 2340 ab
1618 2272 1745 2340 hac
1801 2281 1990 2358 parte
2048 2273 2296 2341 diutius
2349 2274 2748 2359 neglectam,
2806 2276 3076 2344 minime
3126 2299 3283 2344 vero
3337 2278 3817 2364 negligendam.
3908 2276 4151 2345 Statim
4203 2280 4382 2344 enim
4432 2279 4518 2346 ab

496 2387 701 2453 initio
742 2388 1066 2453 maximas
1122 2384 1256 2453 stili
1299 2385 1657 2452 calviniani
1696 2384 1925 2452 laudes
1968 2387 2174 2465 canit,
2231 2406 2426 2469 quas,
2496 2395 2722 2471 utpote
2765 2411 2804 2454 a
2847 2388 2960 2453 tali
3005 2389 3217 2455 iudice
3259 2389 3609 2473 profectas,
3668 2388 3941 2454 lectores
3983 2409 4142 2455 sane
4182 2390 4519 2457 lubentius

511 2520 593 2566 ae
639 2500 934 2565 securius
984 2497 1313 2581 excipient
1368 2518 1567 2582 quam
1623 2517 1788 2580 quae
1844 2518 1964 2564 nos
2018 2497 2145 2581 ipsi
2188 2497 2295 2563 vel
2344 2498 2413 2562 in
2458 2497 2733 2566 eandem
2790 2500 2898 2566 vel
2952 2500 3020 2565 in
3064 2489 3394 2567 diversam
3438 2499 3833 2567 sententiam
3876 2497 4255 2566 diceremus.
4341 2501 4518 2568 Ecce

498 2611 650 2677 eius
694 2610 921 2677 verba:
970 2609 1063 2675 Le
1105 2608 1258 2692 style
1301 2609 1377 2674 de
1424 2606 1649 2674 Calvia
1682 2613 1772 2675 eet
1811 2629 1903 2673 un
1946 2608 2054 2673 des
2079 2607 2238 2690 plus
2275 2608 2516 2694 yrands
2547 2610 2733 2693 &tylae
2765 2611 2855 2678 du
2890 2612 3176 2678 seizibme
3217 2612 3426 2678 siecle.-
3468 2612 3712 2697 simple,
3748 2616 3992 2691 met,
4033 2610 4291 2696 έῖὲραηί,
4332 2611 4517 2693 oluit,

496 2721 871 2806 ingenim,
929 2720 1174 2800 anime,
1227 2720 1406 2785 varie
1455 2721 1535 2788 de
1588 2720 1929 2803 formosa
1983 2719 2061 2786 de
2113 2721 2386 2801 tons‚il
2438 2741 2481 2785 α
2534 2721 3288 2804 οοηυκοηοέὰβωενᾶι
3340 2722 3566 2808 ianque
3620 2722 4515 2805 franpaisepourlaprose,

495 2853 735 2900 comme
776 2833 933 2899 celui
975 2833 1053 2899 de
1098 2830 1368 2899 Glevum
1409 2830 1631 2897 Marot
1672 2831 1891 2897 Pavait
1927 2832 2053 2914 fait
2083 2852 2254 2915 pour
2295 2831 2387 2898 les
2428 2852 2584 2897 vers.
2676 2830 2758 2898 C'e
2800 2833 2951 2917 style
2991 2838 3081 2900 est
3119 2835 3332 2901 moins
3372 2839 3629 2916 suvant,
3671 2834 3873 2899 moin-s·
3928 2833 4254 2915 travam,
4309 2835 4515 2918 moins

493 2944 789 3031 ouvrayb,
820 2965 996 3030 pour
1038 2945 1213 3011 ainsi
1253 2944 1421 3025 dire,
1464 2944 1680 3027 queJe
1716 2944 1876 3030 style
1923 2943 1999 3009 de
2046 2942 2377 3026 Rabelais,·
2418 2944 2588 3011 mais
2626 2944 2679 3010 il
2720 2944 2997 3030 estplus
3025 2950 3307 3031 prompt,
3333 2948 3493 3034 plus
3534 2945 3751 3030 souple
3793 2947 4041 3030 etplus
4081 2944 4286 3013 habile
4328 2946 4372 3012 ὰ
4410 2967 4517 3013 m>-

482 3055 2539 3143 primertmcteszesmanoesdelapenseeetdusentiment;
2589 3054 3212 3141 ilestmoinsnaif,
3265 3054 3474 3123 moins
3523 3057 4517 3142 affidableamoinsricheque

495 3169 683 3254 celuy
721 3169 1049 3253 d'Amyot,
1090 3168 1260 3234 mais
1302 3168 1353 3232 il
1395 3174 1485 3233 est
1520 3167 1674 3253 plus
1714 3168 1948 3251 inci-sit}
1994 3168 2153 3252 plus
2192 3170 2509 3250 impe-sant
2548 3167 2791 3251 κρῖνε
2835 3169 3303 3254 mammatical;
3359 3169 3413 3235 a
3469 3174 3560 3235 est
3609 3170 3815 3235 moins
3867 3170 4255 3252 capr-idm,
4307 3171 4516 3237 moine

492 3274 4516 3366 eolorbetmoinsattaokaettqueeeluideMontaiyne,maisilestpluseonoi3,pltae9rave&phethusim-*tiron

480 3401 653 3479 peut
686 3393 1012 3477 reprocher
1053 3394 1097 3458 ὰ
1138 3392 1409 3459 Pandem-
1449 3394 1561 3460 des
1601 3391 1838 3459 Essais
1876 3391 2140 3458 d’ecrire
2179 3391 2566 3476 quelquet'ois
2609 3393 2652 3457 ὰ
2695 3393 2762 3459 la
2797 3412 3125 3478 qaseonne.

809 3506 990 3573 Huic
1032 3505 1151 3570 tali
1195 3503 1426 3591 elogio,
1472 3510 1797 3589 quatenus
1843 3504 1927 3570 ad
1971 3502 2325 3571 Calvinum
2364 3512 2669 3571 nostrum
2711 3504 3017 3590 pertinet,
3060 3526 3183 3571 nos
3224 3525 3480 3589 quoque
3524 3503 3929 3572 subscribere
3970 3505 4242 3570 minime
4275 3504 4514 3571 abnui-

488 3641 672 3686 mus.
759 3620 886 3686 Est
928 3626 1153 3685 tamen
1194 3616 1306 3683 hio
1348 3617 1599 3701 aliquid
1641 3615 1722 3683 de
1761 3637 1891 3700 quo
1936 3623 2002 3683 te
2044 3617 2296 3682 moneri
2351 3617 2645 3700 patiaris.
2735 3617 2819 3683 In
2876 3616 3202 3684 laudando
3247 3615 3510 3684 calvini
3563 3616 3714 3683 stilo
3771 3615 4003 3701 gallico
4054 3613 4310 3682 cautela
4350 3636 4511 3698 qua·

488 3731 659 3798 dam
699 3732 820 3799 tibi
865 3729 1184 3797 utendum
1235 3735 1364 3810 est,
1420 3737 1487 3794 et
1527 3749 1725 3813 opera
1767 3728 2058 3814 genuina
2099 3729 2181 3796 ab
2225 3729 2503 3794 aliorum
2546 3729 2961 3796 versionibus
3013 3750 3096 3795 ex
3150 3729 3357 3796 latino
3410 3729 3597 3795 facffis
3654 3726 3880 3795 sedulo
3923 3734 3991 3791 et
4034 3731 4335 3793 accurate
4378 3725 4512 3793 dis-

488 3841 772 3928 tinguas
824 3849 1084 3925 oportet
1136 3849 1489 3925 antequam
1548 3841 1819 3908 arbitria
1871 3849 1987 3906 tua
2042 3841 2288 3907 feceris.
2376 3840 2562 3907 Haec
2618 3860 2775 3906 vero
2817 3841 2945 3907 Vir
3000 3839 3413 3908 doctissimus
3465 3842 3738 3907 fortasse
3793 3859 3927 3904 non
3977 3838 4138 3905 satis
4203 3839 4509 3922 respexit,

484 3956 615 4041 qui
662 3955 743 4022 de
785 3954 1066 4022 Calvino
1109 3953 1286 4019 inter
1325 3951 1677 4037 primarios
1719 3952 1917 4036 patrii
1961 3953 2283 4020 sermonis
2340 3959 2604 4018 autores
2655 3952 3001 4019 referendo
3053 3953 3247 4019 unice
3300 3952 3651 4033 sollicitus,
3706 3952 3894 4035 eique
3948 3949 4238 4016 debitum
4289 3949 4512 4016 locum

504 4071 584 4133 in
625 4066 1047 4134 classicorum
1093 4066 1263 4133 serie
1305 4064 1643 4132 vindicare
1686 4066 1997 4151 gestiens,
2040 4064 2195 4132 huic
2236 4064 2508 4130 minime
2551 4063 2986 4148 vituperando
3027 4063 3240 4131 studio
3275 4065 3577 4132 criticum
3608 4062 3916 4143 laborem,
3962 4082 4091 4146 quo
4126 4061 4289 4128 alias
4321 4083 4512 4146 egre-

490 4181 607 4266 gie
651 4179 919 4265 defungi
963 4176 1146 4258 solet,
1192 4178 1635 4263 postposuisse
1677 4176 1956 4245 videtur.
2048 4175 2246 4242 Certe
2287 4176 2358 4242 in
2401 4175 2696 4262 catalogo
2738 4198 2855 4243 suo
2897 4197 3167 4261 operum
3211 4176 3474 4244 Oalvini
3528 4173 4018 4261 gallicorum
4072 4173 4360 4259 plurima
4403 4193 4509 4239 re·

491 4299 726 4358 censet
765 4291 994 4371 latina,
1042 4309 1210 4374 quae
1253 4289 1334 4354 ab
1378 4289 1523 4373 ipso
1565 4296 1790 4355 autore
1834 4287 2068 4374 gallice
2120 4308 2379 4372 quoque
2432 4296 2704 4354 exarata
2752 4309 2923 4368 esse,
2982 4290 3283 4372 quamvis
3337 4308 3548 4373 neque
3604 4284 3936 4371 probabile
3989 4286 4104 4367 sit,
4163 4305 4375 4369 neque
4426 4285 4509 4351 ab

494 4401 645 4468 ullo
687 4409 852 4469 teste
898 4402 1282 4481 affirmetur,
1327 4401 1460 4466 imo
1499 4398 1706 4466 'etiam
1750 4406 1973 4484 aperte
2014 4406 2311 4484 negetur,
2357 4422 2442 4466 ex
2484 4419 2670 4466 mera
2710 4401 3082 4466 coniectura
3123 4402 3373 4468 asserit.
3461 4399 3615 4465 Huc
3656 4398 3986 4482 pertinent
4025 4398 4312 4463 maxime
4354 4417 4510 4463 exe-

492 4515 748 4599 getica,
805 4522 950 4579 tum
997 4513 1196 4579 etiam
1243 4519 1561 4579 tractatus
1604 4511 1907 4577 nonnulli
1961 4510 2289 4596 polemici:
2350 4519 2428 4576 ut
2480 4511 2562 4577 de
2616 4512 3036 4579 concionibus
3087 4516 3450 4591 taceamus,
3506 4531 3673 4594 quae
3726 4530 3883 4576 sane
3935 4510 4223 4594 primum
4274 4507 4510 4592 gallice

498 4625 723 4694 editae
765 4634 937 4705 sunt,
983 4647 1218 4693 verum
1260 4647 1342 4690 ex
1387 4645 1500 4690 ore
1541 4623 1867 4709 loquentis
1909 4628 1986 4687 ut
2027 4622 2392 4707 plurimum
2434 4629 2764 4708 exceptae,
2804 4643 2943 4689 non
2986 4622 3328 4690 scribentis
3368 4623 3553 4706 quasi
3596 4622 3810 4708 sigillo
3853 4628 4134 4688 notatae.

806 4737 1161 4805 Caeterum
1207 4735 1526 4822 opuscula
1575 4735 1811 4822 gallica
1860 4736 1945 4801 ab
1989 4732 2239 4801 editore
2292 4737 2363 4801 in
2421 4735 2546 4802 hoc
2587 4734 2900 4801 volumen
2954 4735 3164 4803 relata
3220 4734 3384 4802 haec
3440 4741 3621 4814 sunt,
3679 4735 3973 4801 numeris
4025 4753 4225 4816 supra
4274 4731 4511 4799 iisdem

484 4849 845 4932 adscriptis
878 4847 989 4914 hic
1022 4870 1277 4933 quoque
1312 4849 1759 4934 insignienda:
1824 4846 2053 4914 XVII.
2101 4847 2193 4914 de
2230 4846 2723 4932 Astrologia.
2787 4846 2986 4913 XIII.
3035 4846 3126 4915 de
3160 4847 3592 4931 Reliquiis.
3660 4846 3780 4913 IV.
3828 4845 3920 4910 de
3956 4844 4240 4911 Coena.
4306 4843 4505 4909 XXI.

488 4959 881 5044 Quatuor
923 4961 1375 5029 conciones.
1442 4960 1605 5027 XII.
1653 4959 2043 5027 adversus
2078 4958 2724 5026 Franciscanum.
2792 4958 3061 5025 XXIX.
3106 4958 3504 5027 adversus
3549 4956 4101 5026 Oathalanum.
4164 4956 4505 5022 XXXIX.

480 5073 933 5141 Confessio
976 5071 1193 5139 fidei.
1282 5073 1658 5140 Penultimo
1709 5073 1849 5139 loco
1900 5071 2216 5138 inseritur
2257 5071 2590 5138 Praefatio
2645 5068 2909 5137 Oalvini
2965 5069 3049 5135 ad
3100 5070 3402 5138 Psalmos
3456 5093 3497 5137 a
3551 5069 3759 5137 Olem.
3805 5069 4027 5137 Marot
4080 5067 4316 5152 gallice
4358 5089 4507 5135 ver-

474 5207 600 5253 sos
613 5238 630 5265 ,
691 5205 858 5269 quae
914 5185 997 5252 ab
1053 5186 1527 5269 antiquioribus
1570 5186 1997 5253 Tractatum
2037 5182 2528 5252 collectionibus
2582 5182 2823 5249 aberat.
2915 5182 3397 5250 Desiderantur
3448 5183 3650 5268 igitur
3701 5181 3907 5249 libelli
3963 5179 4184 5267 gallici
4236 5178 4336 5246 hi:
4381 5178 4503 5244 VI.
