4984 5975
369 301 443 362 ⁶5
1760 302 2053 369 menn
2093 303 2148 370 1.
2182 301 2189 310 ’
2235 304 2542 372 oAPn'r
2584 307 2742 373 m
2801 306 2996 374 v111.
4298 263 4382 380 ee

368 486 568 552 viandi
581 537 595 564 ‚
653 506 846 569 quam
897 505 1092 552 causa
1134 485 1398 569 deficiat.
1485 488 1751 572 Alioqui
1798 493 2316 574 quemadmodum

360 573 683 654 praecisae
716 572 971 637 arbores
991 573 1304 654 plurimis
1338 576 1543 640 ramis
1574 577 1976 659 repullulant,
2021 584 2080 643 et
2111 580 2316 645 multa

366 662 641 756 satorum
675 678 935 755 ymera,
984 663 1057 723 ut
1092 659 1401 759 densiora·
1428 668 1719 745 sua-qam,
1776 663 2161 744 reciduntur,
2221 667 2315 730 ita

361 936 726 1000 propatulus,
778 920 835 979 et
877 935 1096 995 amtcz,
1151 938 1223 982 m
1271 917 1471 983 locum
1521 920 1913 1003 sinyulomm
1946 923 2312 988 ..succedunt

363 1002 491 1155 υΗοιῧ
534 1023 726 1083 quam
764 1021 981 1067 verum
1021 1004 1134 1080 sit,
1191 1003 1521 1070 admonere
1563 1010 1620 1069 te
1662 1005 1936 1089 exemplo
1988 1008 2315 1074 domestico

528 1209 735 1274 Visus
780 1215 882 1273 est
917 1206 1172 1275 Seneca
1215 1208 1448 1275 duram
1484 1211 1819 1294 imponere
1854 1213 2120 1297 regibus
2157 1234 2312 1280 con-

364 1295 694 1374 ditionem,
739 1316 940 1378 quum
984 1295 1518 1360 vociferationem
1562 1297 2035 1382 verborumque
2076 1301 2313 1365 intem·

364 1381 725 1465 perantiam
782 1380 853 1444 in
915 1379 1047 1446 illis
1105 1381 1528 1465 vituperaret.
1630 1381 1707 1448 Si
1764 1383 1921 1467 quid
1980 1394 2080 1450 eet
2134 1386 2313 1451 enim

364 1466 638 1532 liberum
693 1466 765 1530 in
821 1465 1113 1545 homine,
1185 1466 1414 1551 lingua
1464 1479 1580 1534 est.
1693 1468 2092 1535 Detruditur
2155 1491 2312 1558 ergo

361 1554 425 1617 in
484 1559 887 1636 postremam
951 1552 1366 1633 servitutem,
1439 1555 1544 1619 cui
1610 1552 1987 1638 ademptum
2053 1565 2154 1622 est
2216 1557 2310 1622 lo-

361 1637 599 1722 quendi
655 1638 1020 1703 arbitrium.
1113 1636 1390 1722 Oportet
1406 1690 1422 1717 ,
1467 1640 1684 1724 inquit
1728 1641 2058 1720 Tiberine,
2114 1644 2187 1707 in
2229 1643 2310 1708 li-

361 1724 508 1790 bera
550 1724 819 1790 civitate
862 1723 1100 1790 liberae
1143 1745 1284 1791 esse
1323 1724 1597 1810 linguas.
1689 1724 1889 1793 Solus
1930 1728 1988 1793 ie
2032 1730 2143 1811 qui
2199 1751 2309 1795 su-

361 1831 473 1894 pra
521 1809 897 1875 libertatem
951 1818 1080 1888 est,
1117 1810 1402 1876 ‚silentio
1456 1812 1714 1877 serviet.
1804 1813 1938 1879 Hic
1994 1835 2135 1881 rem
2191 1837 2310 1898 per

363 1918 426 1962 ee
467 1916 772 1980 asperam
814 1895 1029 1960 mollit
1074 1900 1223 1975 [pag.
1265 1902 1370 1976 55]
1421 1895 1690 1976 Seneca,
1735 1920 1913 1965 nunc
1958 1900 2309 1966 verborum

359 1982 745 2060 deflexione,
812 2002 992 2047 nunc
1055 1984 1225 2065 aptis
1288 1983 1895 2067 comparationibus.
1999 1983 2309 2052 Ostendit

357 2070 525 2134 enim
574 2067 701 2134 hoc
742 2067 1102 2133 maiestatis
1156 2068 1422 2151 plenum
1467 2089 1637 2147 esse,
1684 2092 1815 2136 non
1860 2072 2307 2138 contaminare

359 2152 733 2220 scurrilibus
777 2153 997 2218 verbis
1040 2154 1481 2220 maiestatem:
1539 2163 1798 2222 tantum
1843 2157 2027 2223 abest
2069 2166 2146 2222 ut
2187 2157 2307 2223 ali-

356 2241 501 2325 quid
548 2238 856 2324 dignitati
914 2238 1311 2304 detrahatur.
1398 2239 1699 2308 Virtutes
1742 2251 1810 2309 et
1852 2243 2011 2308 vitia
2060 2244 2307 2327 princi-

356 2348 506 2412 pum
552 2345 700 2406 esse
742 2325 813 2389 in
856 2333 1100 2410 aperto.
1166 2326 1232 2389 A
1278 2325 1456 2391 vitiis
1499 2327 1864 2394 cavendum
1906 2336 1984 2393 ut
2025 2330 2199 2394 solae
2242 2339 2308 2394 et

398 2433 556 2478 urae
615 2412 888 2477 virtutes
942 2412 1299 2476 emineant:
1360 2411 1604 2561 m¹fu⁸
1659 2421 1880 2479 autem
1934 2414 2069 2480 suis
2123 2422 2306 2481 tene-

357 2435 485 2564 Erie
570 2498 953 2562 immersum
970 2547 986 2576 ,
1064 2496 1415 2580 inglorium
1506 2506 1702 2564 atere.
1815 2497 1929 2566 Sic
1992 2501 2307 2584 principis

357 2605 593 2668 magno
658 2582 967 2649 comitum
1012 2582 1328 2666 adparatu
1376 2584 1765 2666 procedere,
1819 2587 2110 2669 privatos
2154 2587 2306 2652 nul-

356 2670 483 2735 lum
534 2668 779 2734 habere
814 2669 1209 2733 comitatum.
1298 2669 1603 2753 Denique
1638 2670 1807 2737 hanc
1850 2693 1992 2737 esse
2037 2671 2307 2737 deorum

356 2756 838 2833 necessitatem,
912 2755 1027 2837 qui
1101 2776 1218 2820 suo
1296 2755 1471 2820 coelo
1546 2756 1742 2822 avelli
1818 2778 1953 2823 non
2017 2766 2304 2841 possunt,

358 2839 906 2925 quemadmodum
949 2861 1072 2906 nec
1113 2841 1416 2925 princeps
1461 2863 1578 2908 suo
1622 2842 1899 2927 fastigio,

522 2926 668 2994 Ista
706 2927 956 3009 quidem
997 2928 1261 2993 servitus
1302 2933 1393 2993 est
1476 2928 1584 2994 Ex
1638 2950 1920 3013 persona
2015 2929 2303 3016 rincipie,

357 3016 459 3098 qui
512 3013 690 3079 nolit
746 3014 868 3079 sibi
923 3013 1088 3096 eripi
1139 3013 1375 3103 loquen
1421 3014 1445 3079 i
1499 3015 1861 3082 arbitrium.
1951 2951 2161 3098 guasi
2207 3016 2306 3082 di-

358 3106 552 3177 ceret,
598 3120 730 3164 non
775 3120 918 3164 esse
960 3098 1029 3163 id
1073 3099 1315 3166 rationi
1356 3109 1880 3181 consentaneum,
1928 3109 2002 3167 ut
2035 3103 2148 3185 qui
2180 3103 2305 3167 im-

351 3207 580 3269 perare
633 3185 852 3263 debet,
919 3185 1180 3255 serviat.
1269 3185 1353 3251 In
1409 3187 1579 3252 hanc
1634 3188 2026 3253 sententiam
2078 3193 2182 3255 est
2222 3189 2302 3253 il-

351 3272 458 3338 lud
498 3271 727 3338 Publii
770 3271 1242 3354 Mimographi:

626 3373 863 3443 Regibus
899 3380 984 3428 est
1017 3375 1172 3441 peius
1206 3375 1375 3429 multo
1412 3390 1573 3443 quam
1609 3376 1980 3430 servientibus.

352 3461 441 3526 Et
476 3459 818 3528 Salustius
859 3458 929 3524 in
974 3458 1290 3524 Catilina:
1335 3458 1470 3541 Qui
1513 3480 1756 3545 magno
1801 3461 2073 3545 imperio
2113 3482 2302 3546 prae-

352 3543 462 3611 diti
520 3547 603 3613 in
656 3545 914 3610 excelso
967 3554 1248 3611 aetatem
1302 3554 1538 3630 agunt,
1593 3566 1818 3612 eorum
1872 3547 2043 3612 facta
2084 3549 2304 3613 cuncti

349 3631 659 3697 mortales
714 3651 971 3696 novere.
1075 3631 1184 3696 Ita
1236 3632 1308 3696 in
1352 3633 1639 3697 maxima
1681 3632 1970 3712 fortuna,
2028 3634 2306 3700 minima

350 3716 615 3784 licentia
649 3723 767 3781 est.
858 3714 1048 3798 Quae
1091 3716 1267 3801 apud
1309 3717 1469 3783 alios
1519 3717 1855 3783 iracundia
1899 3718 2167 3798 dicitur,
2225 3741 2303 3785 ea

349 3802 417 3868 in
491 3802 771 3886 imperio
849 3802 1153 3885 superbia
1225 3812 1418 3887 atque
1482 3803 1833 3870 crudelitas
1916 3806 2299 3889 appellatur.

350 3890 807 3974 Agamemnon
852 3890 1067 3967 etiam,
1112 3896 1190 3954 ut
1230 3890 1431 3955 refert
1463 3889 1864 3956 Plutarchus
1897 3891 1970 3955 in
2012 3891 2149 3957 vita
2181 3892 2247 3956 N
2246 3892 2303 3955 i·-

349 3975 481 4041 ciae
498 4026 513 4052 ,
576 3974 702 4039 hoo
752 3995 946 4058 saepe
1001 3975 1377 4058 usurpabat.
1473 3975 1673 4041 Vitae
1739 3984 2001 4042 nostrae
2056 3978 2303 4061 praesi-

351 4059 498 4126 dem
557 4061 822 4126 turbam
885 4061 1100 4126 sortiti
1155 4082 1383 4126 eumue
1397 4113 1414 4139 ,
1484 4060 2013 4145 multitudinique
2074 4064 2303 4146 procul

351 4143 544 4211 dubio
588 4147 842 4212 servire
885 4147 1197 4230 cogimur.

523 4231 685 4300 Alia
738 4232 1002 4297 conditio
1045 4238 1133 4297 est
1174 4253 1386 4298 eorum

351 4318 624 4385 obscuro
691 4317 834 4385 loco
886 4319 1077 4402 positi
1092 4370 1107 4397 ,
1165 4319 1380 4402 ignob'
1420 4319 1594 4384 ‘tatis
1652 4340 1806 4385 suae
1856 4320 2163 4385 beneficio
2208 4321 2302 4385 lo-

349 4413 646 4486 quuntur
710 4402 941 4481 libere,
1022 4413 1088 4468 et
1159 4405 1407 4471 faciunt
1472 4405 1676 4471 libere
1742 4405 2058 4489 quidquid
2123 4405 2299 4473 libet.

348 4488 561 4555 Putas
615 4499 774 4572 quot
797 4492 843 4570 ¹)
915 4509 1284 4574 pauperum
1348 4491 1677 4574 praeclare
1744 4491 1917 4556 dicta
1976 4512 2050 4557 ac
2113 4493 2299 4572 facta,

350 4597 480 4640 non
546 4576 743 4660 longa
809 4582 1161 4656 vetustate,
1228 4576 1342 4642 sed
1397 4578 1594 4643 unius
1660 4586 1774 4643 aut
1837 4577 2105 4644 alterius
2173 4578 2301 4643 diei

350 4662 560 4744 spatio
614 4661 1091 4727 obliterantur?
1181 4663 1568 4746 Principum
1612 4664 1814 4730 verba
1868 4672 2062 4745 atque
2106 4685 2305 4749 opera

350 4746 547 4811 simul
591 4754 749 4813 sunt
792 4746 985 4826 edita,
1030 4760 1382 4832 perpetuae
1424 4755 1887 4815 consecrantur
1929 4752 2300 4815 memoriae.

348 4831 675 4913 Rursum,
729 4854 894 4916 quae
949 4835 1230 4918 turpiter
1286 4843 1404 4899 aut
1455 4835 1628 4899 facta
1680 4844 1795 4900 aut
1834 4834 2009 4900 dicta
2060 4836 2306 4902 suerint

350 4936 390 4980 a
430 4918 593 4984 viris
627 4920 1044 5004 ignobilibus,
1083 4920 1307 4987 eodem
1346 4922 1658 5003 temporis
1693 4921 1969 4986 articulo
2003 4922 2300 4987 effluunt.

346 5002 519 5068 Nam
566 5026 694 5088 qua
736 5006 988 5071 ratione
1031 5005 1462 5084 celebrentur,
1510 5007 1619 5071 ubi
1658 5015 1845 5072 autor
1878 5007 2002 5073 sibi
2046 5016 2304 5073 tantum

1475 4232 1609 4315 Qui
1666 4234 1840 4298 enim
1897 4233 2020 4300 eibi
2064 4235 2305 4300 vivunt

518 5146 757 5154 ἣ...-

485 5226 551 5292 1)
590 5228 698 5283 Ed.
738 5230 910 5283 Aust.
947 5230 1109 5298 quod.

565 5312 784 5369 Caledoni
811 5330 995 5383 opera.
1078 5315 1192 5369 Vol.
1241 5315 1300 5369 V.

2419 515 2496 561 ac
2556 497 2692 562 suis
2751 496 3116 580 parietibus
3160 496 3465 582 cognitus
3509 498 3651 565 eet?
3741 496 3857 566 Sic
3899 506 4106 579 aetas,
4166 509 4243 566 ut
4285 502 4383 568 ait

2416 580 2531 646 ille
2547 633 2563 660 ,
2609 603 2729 665 per
2770 584 3043 649 tacitum
3086 584 3250 663 fluit,
3297 592 3365 649 et
3408 583 3546 650 dies
3580 585 3724 651 sine
3767 587 4045 668 strepitu
4087 595 4380 669 praeter·

2419 676 2598 733 eunt

2607 754 2826 820 Vestra
2874 755 3044 836 facta
3100 753 3410 842 dictaque]
3468 755 3657 821 Nihil
3709 755 3888 839 quod
3932 758 4009 821 fit
4052 764 4169 821 aut
4211 757 4376 824 dioi-

2418 848 2529 903 tur
2571 859 2611 903 a
2651 841 2816 906 viris
2859 838 3282 924 principibus,
3327 840 3587 918 excidit,
3633 841 3793 924 quin
3834 842 3905 906 in
3947 841 4184 925 vulgus
4225 864 4376 927 per·-

2417 925 2685 1004 feratur,
2731 935 2800 990 et
2840 946 2991 992 suos
3036 926 3275 992 habeat
3316 926 3728 1011 interpretes.
3820 925 4063 1008 Quare,
4111 936 4188 993 ut
4230 930 4372 994 He-

2418 1009 2728 1076 rodianus
2771 1012 2890 1090 ait,
2945 1011 3316 1095 principum
3360 1034 3466 1077 res
3510 1011 3692 1078 nullo
3744 1022 3934 1096 pacto
3978 1012 4183 1078 latere
4224 1035 4372 1097 pos·

2418 1104 2592 1160 eunt.
2682 1096 2942 1163 Plinius
3006 1097 3078 1161 in
3132 1098 3316 1163 Pane
3407 1098 3565 1163 rico:
3625 1097 3848 1163 Habet
3904 1098 4028 1164 hoc
4083 1100 4372 1183 primum

2419 1200 2662 1265 magna
2714 1182 3005 1261 fortuna,
3068 1182 3240 1266 quod
3284 1205 3356 1247 m
3404 1182 3453 1248 il
3498 1191 3774 1262 tectum,
3830 1184 3998 1248 nihil
4043 1185 4372 1251 occultum

2416 1269 2913 1422 {iiioiiiitiffa
2926 1270 3705 1421 Ἦέἓῗξᾞᾚῶῗέε
3731 1269 4373 1430 ”sssstzdffssmssffl

2457 1458 2541 1502 ue
2585 1375 2836 1516 arcam?
2868 1376 3453 1507 noscendamlamae
3489 1440 3795 1524 proponit
3830 1449 4024 1523 atque
4054 1406 4369 1523 explicat.

2473 1524 2823 1591 laudianue
2865 1526 2934 1591 in
2978 1525 3393 1610 Panegyrico
3436 1525 3748 1592 Honorii:

2688 1626 2808 1683 Hoc
2841 1634 2897 1683 te
2934 1635 3219 1697 praeterea
3253 1629 3443 1683 crebro
3479 1643 3724 1684 sermone
3760 1629 4010 1698 monebo,

2692 1695 2766 1750 Ut
2805 1702 2860 1751 te
2896 1698 3062 1752 totius
3097 1697 3273 1752 medio
3311 1697 3523 1752 telluris
3556 1698 3610 1750 in
3650 1698 3778 1751 orbe

2689 1764 2885 1818 Vivere
2922 1781 3235 1835 cognoscas,
3273 1767 3478 1820 cunctis
3513 1774 3608 1820 tua
3642 1766 3889 1834 gentibue
3927 1781 4049 1821 esee

2688 1833 2859 1887 Facta
2894 1834 3093 1916 palam²
3127 1851 3228 1889 nec
3305 1850 3429 1889 osse
3467 1833 3582 1888 dari
3615 1834 3887 1914 regalibus
3923 1851 4149 1903 usquam

2689 1902 2967 1957 Secretum
3000 1903 3157 1957 vinis.
3283 1918 3370 1956 am
3404 1902 3498 1957 lux
3534 1902 3794 1956 altissima
3828 1902 3927 1956 fati

2413 1967 2665 2039 [pagm]
2687 1968 2966 2025 Occultum
2999 1971 3074 2025 nil
3113 1986 3235 2026 esse
3272 1971 3413 2039 sinit,
3450 1971 3795 2039 latebrasque
3830 1987 3930 2039 per
3966 1987 4150 2026 omnes

2687 2040 2876 2106 Intrat,
2914 2046 2971 2094 et
3005 2046 3265 2108 angustos
3300 2039 3556 2107 explorat
3590 2039 3735 2093 fama
3769 2055 4036 2095 recessus.

2409 2122 2746 2190 Iuvenalis
2758 2146 2772 2188 :

2618 2225 2786 2280 Omne
2824 2227 2983 2280 animi
3017 2227 3201 2281 vitium
3236 2233 3388 2280 tanto
3426 2227 3769 2296 conspectius
3805 2228 3856 2280 in
3893 2243 3953 2281 se

2616 2294 2825 2350 Crimen
2860 2296 3042 2363 habet,
3078 2305 3280 2363 quanto
3316 2296 3408 2363 qui
3441 2302 3649 2363 peccat,
3685 2296 3858 2349 maior
3890 2296 4136 2350 habetur.

2413 2378 2743 2446 Salustius
2826 2381 2898 2444 in
2975 2381 3328 2465 Iugurtha:
3407 2380 3738 2445 Maiorum
3814 2380 4024 2464 gloria
4086 2385 4364 2464 posteris

2411 2465 2599 2548 quasi
2651 2465 2870 2531 lumen
2930 2474 3059 2543 est,
3119 2487 3331 2548 neque
3385 2466 3558 2531 bona
3610 2487 3865 2544 eorum,
3924 2487 4133 2549 neque
4187 2467 4365 2533 mala

2411 2553 2481 2617 in
2528 2550 2781 2701 occlilssto
2835 2552 3097 2635 patitur.
3186 2551 3441 2618 Eadem
3496 2561 3597 2616 est
3651 2552 3974 2617 sententia
4016 2553 4361 2619 Plutarchi

2409 2638 2482 2702 in
2526 2638 2626 2702 Po
2657 2637 2839 2703 ‘ticis.

2583 2722 2674 2787 Et
2727 2723 2865 2790 ideo
2920 2722 3119 2790 nullis
3181 2725 3388 2808 maqis
3440 2722 3792 2787 curandum
3846 2720 3962 2809 est]
4031 2723 4188 2789 Istis
4252 2726 4362 2806 qui

2409 2829 2758 2894 personam
2818 2830 2887 2874 m
3022 2829 3099 2874 ae
3170 2808 3512 2894 dignitatis
3580 2807 3908 2873 sustinent
3923 2859 3937 2886 ,
4010 2828 4145 2873 non
4212 2808 4366 2876 licet

2411 2914 2555 2961 esse
2611 2893 2922 2961 mediocri
2968 2914 3064 2960 us.
3163 2897 3225 2960 A
3325 2894 3555 2959 rivatis
3611 2894 3788 2958 enim
3830 2894 4113 2959 virtutes
4155 2915 4363 2977 popu-

2406 2982 2582 3048 lares
2647 2980 3031 3065 exiguntur:
3113 2981 3194 3047 ab
3257 2981 3389 3046 ilis
3454 2978 3846 3047 excellentes
3902 2990 3971 3043 et
4032 2980 4359 3048 heroicae:

2409 3077 2622 3152 atque,
2666 3078 2743 3132 ut
2784 3069 2878 3132 ait
2916 3067 3030 3132 ille
3045 3118 3059 3145 ,
3104 3067 3357 3133 maiora
3399 3087 3657 3150 semper
3698 3065 3980 3149 populus
4022 3088 4063 3131 a
4106 3088 4363 3133 summo

2409 3154 2519 3219 exi
2570 3155 2633 3218 ‘t.
2735 3153 2966 3220 Cicero
3031 3151 3116 3218 ad
3180 3151 3507 3234 Quintum
3558 3152 3858 3218 fratrem:
3920 3150 4118 3233 Quod
4177 3153 4235 3218 si
4292 3154 4363 3218 in

2408 3262 2472 3304 m
2566 3240 2721 3305 ‘ocri
2755 3246 2933 3304 statu
2969 3238 3291 3305 sermonis
3327 3249 3393 3303 et
3426 3237 3926 3321 praedicationis
3960 3259 4067 3304 ree
4102 3246 4365 3306 nostrae

2409 3332 2648 3404 essent,
2693 3324 2862 3390 nihil
2904 3324 3022 3390 abs
3065 3332 3131 3390 te
3174 3325 3521 3402 eximium,
3568 3324 3738 3389 nihil
3780 3333 4041 3406 praeter
4083 3322 4364 3390 aliorum

2407 3410 2945 3477 consuetudinem
2989 3410 3459 3493 postularetur:
3515 3430 3696 3475 nunc
3740 3429 3899 3473 vero
3940 3417 4210 3492 propter
4252 3431 4363 3476 ea-

2406 3519 2558 3562 rum
2602 3517 2828 3562 rerum
2870 3496 2943 3561 in
2981 3496 3218 3579 quibus
3268 3496 3514 3562 versati
3559 3515 3791 3561 sumus
3833 3493 4252 3578 splendorem
4295 3504 4362 3561 et

2408 3580 2933 3667 magnitudinem
2949 3633 2964 3661 ,
3017 3582 3150 3648 nisi
3203 3602 3530 3648 summam
3583 3579 3848 3645 laudem
3904 3599 3988 3644 ex
4042 3581 4170 3645 ieta
4211 3602 4361 3663 pro-

2408 3670 2631 3735 vincia
2684 3668 3122 3751 assequimur,
3179 3668 3298 3733 vix
3352 3667 3660 3734 videmur
3724 3687 4047 3731 summam
4100 3667 4360 3751 vitupe-

2408 3756 2731 3820 rationem
2773 3775 2963 3837 posee
3004 3755 3235 3819 vitare.
3333 3753 3480 3819 Hoc
3533 3752 3739 3836 igitur
3778 3750 3911 3816 illis
3954 3753 4361 3819 necessitatis

2407 3840 2732 3906 incumbit
2746 3891 2760 3917 ,
2808 3839 3115 3923 quoniam
3160 3837 3368 3904 velint
3405 3838 3621 3903 nolint
3663 3856 3935 3921 magnos
3979 3858 4123 3903 esse
4168 3858 4360 3922 opor-

2408 3934 2525 4005 tet,
2571 3934 2647 3992 ut
2687 3927 2840 3992 boni
2886 3926 3022 3992 sint
3062 3925 3254 3990 iuxta
3295 3944 3371 3990 ac
3622 3924 3634 3937 ‘
3681 3922 3983 3987 nominis.

2587 4013 2790 4094 Quam
2832 4012 3030 4076 multa
3071 4011 3184 4076 tibi
3225 4031 3350 4076 non
3391 4006 3600 4095 licent]
3670 4009 4154 4091 Argumentum
4192 4029 4233 4073 a
4272 4012 4361 4075 si-

2407 4097 2569 4175 mili,
2615 4120 2700 4164 ne
2741 4105 2931 4182 putet
2973 4096 3218 4181 aliquid
3260 4119 3343 4163 ex
3388 4116 3510 4162 sua
3550 4093 4005 4179 magnitudine
4049 4094 4364 4171 decedere

2406 4185 2739 4268 princeps,
2797 4185 2852 4250 si
2908 4183 3004 4248 illi
3059 4184 3129 4249 in
3186 4183 3401 4266 iurgia
3454 4187 3521 4247 et
3574 4182 3753 4246 rixas
3805 4201 3936 4245 non
3979 4181 4175 4247 liceat
4216 4204 4363 4266 pro-

2406 4292 2733 4354 rumpere,
2779 4291 2981 4353 quum
3025 4270 3236 4335 multa
3279 4291 3407 4334 non
3443 4267 3702 4345 liceant,
3747 4265 3933 4332 salva
3966 4275 4186 4332 tamen
4221 4289 4362 4332 ma-

2406 4356 2662 4423 iestate.
2761 4356 2996 4421 Malim
3058 4364 3279 4421 autem
3336 4354 3808 4438 interrogative
3861 4351 4109 4436 legere,
4154 4374 4360 4436 quan-

2407 4462 2606 4526 quam
2650 4443 2794 4507 sine
2829 4442 3350 4526 ‚interrogatione
3390 4440 3635 4524 legitur
3668 4440 3742 4504 in
3774 4437 4101 4522 plerisque
4138 4460 4363 4505 exem-

2405 4528 2730 4611 plaribus:
2777 4539 2845 4593 et
2887 4526 3187 4611 loquutio
3232 4534 3334 4592 est
3375 4528 3457 4592 ab
3502 4526 3838 4590 autoribus
3882 4533 4158 4608 recepta,
4208 4525 4363 4592 licet

2407 4614 2605 4678 Valla
2647 4614 2986 4697 improbet.
3077 4612 3341 4679 Coelius
3396 4611 3564 4676 libro
3609 4610 3803 4675 VIII.
3849 4611 4127 4694 Epistol.
4174 4611 4362 4679 0166-

2406 4701 2615 4765 renis:
2677 4700 2771 4765 At
2823 4700 2936 4765 ille
2993 4720 3189 4783 quam
3244 4698 3614 4763 clementer.
3704 4697 3910 4762 Item:
3969 4694 4216 4762 Omnia
4258 4699 4363 4763 in-

2407 4788 2573 4851 tima
2622 4787 2917 4852 conferre
2962 4784 3283 4868 discupio,
3339 4784 3545 4849 habeo
3603 4792 3825 4848 autem
3880 4804 4079 4866 quam
4133 4783 4358 4849 multa.

2408 4872 2639 4938 Cicero
2685 4873 2943 4938 Tuscul.
2989 4877 3252 4954 quarta:
3311 4870 3520 4953 Atqui
3569 4871 3808 4952 stirpes
3862 4876 4023 4934 sunt
4074 4871 4363 4953 aegritu-

2410 4958 2586 5024 dinis
2628 4979 2826 5040 quam
2866 4957 3131 5036 multae,
3223 4977 3373 5021 uam
3418 4975 3696 5033 amarae,
3742 4975 3910 5039 quae
3949 4955 4090 5037 ipso
4127 4963 4364 5020 trunco

2411 5065 2639 5110 everso
2682 5064 2910 5109 omnes
2962 5041 3176 5108 eliden
3355 5048 3527 5108 sunt.
3619 5039 3871 5108 Seneca
3921 5042 4064 5124 ipse
4117 5039 4223 5106 lib.
4270 5042 4357 5107 X.

2408 5130 3011 5196 Declamationum:
3083 5129 3177 5194 Et
3241 5129 3393 5212 quia
3449 5129 3622 5212 ipsos
3688 5127 3893 5213 pudet
3961 5126 4135 5193 viros
4200 5147 4362 5206 esse,

2408 5214 2478 5281 id
2532 5223 2738 5301 agunt
2789 5223 2866 5281 ut
2920 5235 3120 5298 quam
3176 5216 3365 5299 pauci
3419 5215 3547 5279 viri
3610 5215 3759 5280 sint.
3864 5210 4225 5279 Suetonius
4289 5213 4368 5276 in
