4984 5975
370 333 486 395 281

367 519 618 585 luviem
653 518 973 586 deducere
1006 521 1076 587 in
1116 521 1337 587 animo
1373 530 1503 587 est:
1549 529 1616 588 et
1653 522 1877 588 stilum
1922 524 2016 589 ita
2050 522 2324 591 studebo

366 613 764 689 temperare,
822 614 898 672 ut
939 627 1071 672 non
1107 629 1258 673 cum
1300 627 1436 672 uno
1479 606 1805 675 duntaxat
1860 609 2125 676 homine
2138 662 2152 689 ,
2208 607 2324 676 sed

369 699 508 757 toto
531 692 731 758 simul
754 692 986 758 ordine
1013 693 1180 758 mihi
1202 713 1344 759 esse
1376 696 1708 778 negotium
1731 703 2059 778 appareat.
2113 697 2321 780 Equi-

368 776 521 844 dem
575 799 709 844 non
766 799 914 843 sum
968 779 1256 860 nescius,
1316 799 1513 863 quam
1570 778 1780 846 ardua
1832 779 2209 866 difficilique
2251 784 2320 847 in

370 885 570 931 causa
617 884 871 942 verser,
932 862 1091 931 dum
1146 886 1256 932 eos
1307 864 1475 944 mihi
1529 867 1668 932 fero
1709 866 1984 947 iudices,
2038 889 2322 952 quorum

369 952 664 1017 fortunas
705 949 1111 1036 honoresque
1147 971 1373 1017 omnes
1407 952 1476 1017 in
1521 951 1839 1018 iudicium
1874 954 2152 1037 postulo.
2219 956 2322 1021 Ac

371 1035 764 1120 quibusdam
807 1039 976 1103 forte
1017 1038 1293 1104 insanus
1335 1036 1545 1104 videri
1589 1039 1852 1122 possim,
1890 1041 2002 1123 qui
2042 1040 2183 1106 sola
2224 1041 2321 1105 fa-

369 1122 610 1190 cundia
661 1123 959 1189 obtinere
1012 1125 1081 1188 in
1133 1124 1426 1188 animum
1480 1124 1817 1204 inducam,
1874 1135 1949 1190 ut
1990 1147 2061 1192 se
2109 1126 2322 1193 unicis

367 1210 546 1274 vitae
606 1207 951 1308 praesidiis
1015 1209 1314 1275 abdicare
1377 1209 1549 1275 ultro
1621 1211 1730 1277 isti
1785 1211 2018 1277 velint:
2086 1210 2321 1296 quibus

367 1315 733 1379 aegerrime
784 1293 1054 1374 cedunt,
1109 1295 1224 1378 qui
1275 1297 1345 1361 vi
1396 1316 1730 1380 manuque
1786 1296 1920 1363 illis
1961 1311 2317 1363 exuuntur.

367 1380 567 1464 Apud
612 1382 905 1465 integros
960 1402 1120 1447 sane
1173 1389 1241 1445 et
1292 1382 1710 1464 incorruptos
1753 1382 2003 1449 iudices
2046 1406 2181 1449 non
2224 1385 2321 1449 ita

367 1466 634 1533 difficile
675 1468 878 1532 fuerit
917 1467 1135 1550 palam
1159 1467 1390 1546 facere,
1435 1474 1642 1532 totam
1685 1467 1867 1534 illam
1911 1472 2318 1536 romanensis

369 1553 749 1637 opulentiae
815 1555 1187 1637 congeriem
1201 1604 1217 1631 ,
1289 1551 1372 1617 ab
1423 1555 1568 1637 ipsa
1619 1574 1928 1636 suprema
1985 1555 2137 1622 sede
2151 1608 2166 1635 ,
2235 1556 2319 1621 ad

367 1641 716 1708 minimam
766 1659 974 1723 usque
1026 1639 1457 1724 capellaniam
1511 1640 1617 1724 (ut
1657 1643 1924 1727 vocant)
1978 1663 2062 1707 ex
2111 1644 2318 1725 impo-

367 1729 572 1792 sturis
589 1777 603 1804 ,
657 1725 856 1790 furtis
870 1777 886 1804 ,
932 1725 1209 1808 rapinis,
1254 1725 1614 1810 sacrilegiis
1628 1777 1644 1804 ,
1692 1727 2116 1811 pessimisque
2159 1728 2317 1793 arti-

365 1814 489 1878 bus
531 1814 884 1879 conflatam
927 1831 1099 1877 esse:
1145 1819 1213 1876 et
1255 1813 1439 1896 cuius
1484 1811 1739 1877 nullam
1780 1813 2173 1895 particulam
2218 1822 2317 1880 at-

367 1899 622 1984 tingere
664 1898 905 1981 possis,
995 1897 1114 1962 uin
1157 1898 1517 1963 multorum
1560 1898 1884 1964 scelerum
1926 1900 2320 1965 conscientia

366 1991 428 2049 te
474 1985 865 2068 obstringas.
999 2003 1108 2048 am
1150 1982 1230 2049 de
1273 2004 1350 2048 eo
1398 1985 1453 2048 si
1498 1983 1649 2066 quis
1685 1983 1976 2069 ambigit,
2023 1986 2084 2050 ei
2126 1986 2318 2051 facile

363 2091 485 2136 sua
547 2070 899 2149 dubitatio,
973 2078 1326 2154 antequam
1394 2068 1650 2136 dicendi
1713 2071 1916 2137 finem
1981 2070 2315 2152 faciamus,

362 2156 706 2222 eximetur.
773 2154 1075 2221 Eandem
1119 2176 1275 2221 vero
1311 2155 1798 2242 ,confessionem
1842 2156 1925 2222 ab
1970 2157 2051 2223 iis
2095 2159 2317 2242 expri-

362 2263 567 2322 mere,
611 2263 888 2326 quorum
931 2250 1009 2306 ut
1053 2248 1282 2308 venter
1326 2240 1643 2306 eiusmodi
1686 2243 2064 2326 imposturis
2078 2294 2095 2321 â€š
2141 2245 2316 2326 rapi-

359 2329 490 2406 nis,
552 2334 693 2408 [pag.
721 2332 829 2408 47]
884 2327 1109 2405 furtis,
1171 2327 1561 2410 sacrilegiis,
1614 2329 1936 2412 pascitur,
1993 2329 2088 2394 ita
2126 2350 2316 2395 mens

360 2415 752 2498 animusque
785 2415 1255 2497 corrumpitur,
1299 2434 1436 2478 non
1470 2414 1563 2477 ita
1593 2423 1971 2497 promptum
1998 2423 2115 2481 est.
2181 2415 2247 2479 N
2248 2437 2316 2481 e-

358 2521 489 2586 que
533 2502 709 2565 enim
745 2500 906 2565 scite
943 2500 1158 2584 magis
1196 2520 1393 2583 quam
1428 2519 1584 2565 vere
1618 2499 2124 2583 pronunciatum
2159 2502 2316 2566 olim

357 2587 487 2653 hoc
530 2607 572 2650 a
607 2585 857 2651 Catone
898 2586 1040 2664 fuit,
1087 2586 1326 2650 Ventri
1369 2584 1588 2651 nullas
1631 2606 1777 2651 esse
1817 2607 2033 2659 aures,
2079 2588 2315 2670 quibus

355 2672 604 2738 rationi
638 2671 1146 2754 melioribusque
1182 2671 1467 2737 consiliis
1503 2670 1876 2737 auscultare
1911 2685 2120 2754 queat.
2190 2675 2313 2739 At-

355 2761 462 2842 qui
512 2778 647 2823 non
702 2758 811 2824 hic
854 2776 1006 2823 oum
1047 2778 1182 2822 uno
1236 2756 1560 2822 duntaxat
1613 2765 1846 2823 ventre
1903 2758 2068 2823 mihi
2113 2779 2313 2844 nego-

349 2846 519 2910 tium
564 2854 683 2922 est,
730 2842 846 2908 sed
889 2864 1041 2909 cum
1085 2843 1438 2909 ambitione
1481 2864 1764 2928 quoque:
1811 2845 1994 2910 cuius
2039 2845 2312 2911 affectus

349 2928 430 2996 ad
503 2951 739 2997 verum
794 2927 1321 3015 perspiciendum
1398 2951 1530 2995 non
1607 2930 1830 2997 minus
1899 2950 2129 2997 caecus
2192 2941 2310 3012 est,

351 3040 551 3103 quam
608 3016 691 3082 ad
735 3014 1136 3085 audiendum
1181 3016 1420 3082 surdus
1475 3016 1654 3081 illius
1707 3038 1955 3083 sensus.
2044 3018 2172 3083 Est
2213 3028 2312 3083 ta-

348 3126 506 3170 men
551 3102 868 3188 quiddam
882 3155 900 3183 ,
957 3101 1128 3186 quod
1172 3102 1245 3166 in
1287 3109 1475 3167 tanta
1518 3104 1881 3169 etiamnum
1926 3103 2313 3170 difficultate

350 3212 539 3275 spem
585 3188 750 3254 mihi
794 3189 1082 3273 aliquam
1123 3188 1335 3267 faciat,
1381 3189 1448 3253 in
1493 3189 1653 3272 ipsis
1689 3189 1795 3256 vel
1840 3187 2165 3268 docendis,
2203 3191 2312 3255 vel

348 3275 720 3354 monendis,
768 3275 875 3341 vel
918 3273 1356 3353 obsecrandis,
1405 3294 1539 3339 non
1582 3276 1846 3340 inanem
1891 3297 1998 3341 me
2041 3296 2312 3359 operam

349 3371 794 3447 sumpturum.
866 3361 1157 3427 Tametsi
1213 3362 1389 3425 enim
1456 3379 1684 3426 omnes
1738 3362 2111 3445 praestigiis
2177 3362 2311 3427 illis

345 3448 680 3525 fascinati,
718 3447 954 3531 quibus
989 3467 1140 3512 suos
1174 3465 1525 3512 excaecare
1547 3446 1713 3512 solet
1745 3468 2058 3540 romanus
2091 3447 2308 3526 Pluto,

346 3555 553 3617 quam
591 3533 1005 3601 calamitosas
1039 3531 1418 3618 possideant
1450 3553 1625 3616 opes,
1669 3553 1802 3596 non
1840 3532 2094 3612 vident,
2140 3532 2313 3598 bona

344 3623 555 3686 etiam
799 3618 973 3684 malo
1017 3640 1137 3684 suo
1179 3618 1378 3683 altius
1419 3618 1751 3697 indormit,
1799 3639 1996 3701 quam
2039 3627 2116 3684 ut
2156 3619 2312 3684 ullis

343 3704 755 3773 clamonbus
777 3706 1297 3790 expergiscatur:
1336 3724 1471 3768 non
1494 3706 1587 3771 sie
1623 3711 1846 3770 tamen
1881 3724 2108 3770 omnes
2152 3704 2312 3790 (nisi

343 3793 788 3859 vehementer
839 3791 1061 3875 fallor)
1129 3789 1213 3855 ad
1264 3790 1600 3856 meliorem
1654 3790 2015 3856 doctrinam
2082 3793 2311 3858 obsur-

342 3877 669 3954 duerunt,
713 3885 790 3943 ut
832 3898 965 3944 non
1002 3875 1109 3942 vel
1151 3875 1490 3941 dimidiam
1526 3877 1760 3947 saltem
1804 3897 2049 3958 aurem,
2096 3899 2132 3942 e
2173 3885 2311 3943 tam

339 3983 710 4029 numerosa
743 3971 937 4048 gente
969 3961 1235 4045 pauculi
1268 3962 1457 4028 nobis
1490 3963 1805 4047 arrigunt.
1872 3963 2122 4047 Magna
2155 3983 2312 4029 sane

335 4052 450 4117 vis
509 4057 616 4116 est
668 4049 855 4115 verbi
909 4047 1209 4126 Domini,
1263 4050 1724 4132 potentiorque
1767 4068 1964 4132 quam
2006 4056 2312 4132 reputare

335 4137 704 4220 quisquam
749 4142 995 4201 temere
1035 4141 1250 4218 queat,
1294 4134 1425 4199 nisi
1467 4141 1798 4219 expertus,
1845 4143 1912 4199 et
1953 4156 2120 4217 quae
2210 4134 2310 4200 lu-

331 4223 601 4287 rimum
646 4221 866 4287 valeat
903 4222 976 4285 in
1017 4228 1233 4286 utram
1278 4242 1365 4285 ue
1419 4230 1700 4303 partem:
1758 4227 1835 4285 ut
1877 4155 2208 4304 quidquid>
2235 4241 2310 4286 eo

330 4315 680 4375 attactum
732 4307 960 4385 fuerit,
1017 4305 1380 4391 quamhbet
1443 4305 1684 4372 durum
1737 4307 1825 4371 sit
1886 4315 1955 4371 et
2019 4328 2309 4387 saxeum,

327 4395 444 4462 vel
497 4392 887 4460 emolliatur
927 4394 1245 4476 protinus,
1289 4392 1397 4457 vel
1440 4399 1840 4459 conteratur:
1886 4400 1964 4456 ut
1997 4392 2310 4476 quidquid

325 4481 640 4566 petitum
683 4479 824 4545 eius
866 4478 1065 4555 odore
1106 4478 1332 4557 fuerit,
1378 4480 1486 4545 vel
1530 4480 1599 4542 in
1643 4484 1921 4543 mortem
1965 4478 2308 4558 afficiatur,

326 4566 442 4634 vel
489 4568 580 4631 in
621 4566 849 4631 vitam.
917 4563 1073 4632 Sint
1115 4564 1318 4648 igitur
1353 4564 1704 4645 innumeri,
1744 4565 1854 4647 qui
1896 4563 2131 4630 devoto
2169 4566 2309 4631 ani-

323 4677 441 4719 mo
505 4656 594 4719 in
649 4672 837 4718 suam
889 4652 1184 4737 ipsorum
1234 4652 1592 4736 perniciem
1647 4658 1938 4729 mentae,
1991 4670 2139 4714 mea
2180 4653 2309 4719 ista

322 4739 815 4806 exhortatione
869 4737 1245 4803 fidelissimo
1314 4738 1554 4822 alioqui
1606 4736 1766 4802 mali
1833 4738 1934 4802 sui
1999 4737 2304 4816 remedio,

316 4827 628 4912 gravius
657 4822 872 4889 adhuc
894 4823 1386 4891 exulcerentur:
1415 4823 1730 4908 quosdam
1767 4830 1992 4887 tamen
2013 4823 2149 4887 iore
2182 4825 2307 4888 mi-

317 4914 531 4978 nime
594 4909 823 4976 dubito
837 4961 854 4989 ,
899 4911 1011 4994 qui
1057 4909 1386 4975 obiectum
1440 4911 1710 4976 naribus
1753 4909 1892 4975 suis
1937 4908 2111 4974 vit-ae
2153 4908 2308 4975 odo-

313 5021 484 5065 rem
535 5017 793 5081 magna
834 5017 985 5062 cum
1026 4995 1280 5060 laetitia
1323 4997 1820 5078 persentiscant.
1889 4992 2192 5075 Quorum
2232 4996 2307 5060 in
2413 5012 2462 5016 Î‡Î‡

311 5104 636 5151 numero
672 5090 752 5147 ut
794 5090 881 5161 te,
927 5082 1032 5147 vir
1070 5076 1236 5145 mihi
1278 5082 1687 5162 amicissime,
1733 5081 2099 5149 certissima
2138 5082 2306 5148 fidu-

307 5174 430 5241 cia
481 5189 750 5254 ponere
785 5168 1014 5246 ausim,
1062 5167 1219 5233 facit
1259 5188 1462 5251 quum
1503 5169 1847 5252 ingenium
1886 5167 2051 5233 illud
2095 5175 2304 5248 tuum,

307 5270 385 5325 et
445 5254 835 5341 praeclaris
890 5261 1168 5320 naturae
1222 5252 1482 5318 dotibus
1537 5262 1869 5334 ornatum,
1926 5262 1994 5320 et
2044 5256 2307 5338 optimis

1487 334 1616 399 DE
1660 332 2257 402 SAOERDO'HO
2299 334 2653 402 PAPffl
2693 335 3266 404 ABIIOOENDO.

4233 267 4271 322 l

4251 346 4377 409 282

2427 524 2677 590 artibus
2719 524 3173 591 liberalissime
3218 526 3608 609 expolitum:
3654 537 3798 594 tum
3843 550 3999 595 vero
4043 530 4377 614 reliquiae,

2423 631 2587 694 quas
2636 612 2709 674 in
2763 618 2830 675 te
2881 632 3142 694 semper
3194 611 3478 678 residere
3526 612 3808 694 confido,
3862 614 4183 697 pristinae
4223 623 4380 683 tuae

2423 697 2724 779 pietatis:
2769 718 2966 779 quam
2988 705 3057 762 et
3088 698 3343 782 ingenti
3383 721 3530 765 cum
3550 701 3787 779 fructu,
3832 721 3954 766 nec
3994 700 4136 766 sine
4169 701 4381 768 admi-

2424 783 2679 848 ratione
2736 782 2894 847 olim
2946 782 3111 848 mihi
3168 793 3558 868 spectatam,
3616 805 3773 854 vere
3815 805 4134 852 assevero.
4201 788 4378 853 'Pen-

2424 875 2644 934 temus
2694 868 2901 954 igitur
2963 877 3283 952 quantum
3338 868 3512 954 apud
3577 877 3672 950 te,
3743 872 4032 955 aliosque
4078 871 4379 940 nondum

2426 953 2801 1036 deploratae
2828 955 3158 1020 caecitatis
3188 955 3506 1037 homines,
3536 958 3746 1040 possit
3778 958 3907 1022 Dei
3940 960 4211 1024 veritas:
4253 958 4378 1026 hoo

2425 1040 2613 1122 prius
2647 1060 2688 1104 a
2717 1040 3005 1106 Domino
3041 1043 3182 1125 ipso
3207 1043 3619 1126 comprecati.
3657 1051 3733 1109 ut
3766 1051 3836 1108 te
3871 1044 4120 1126 pariter
4155 1066 4231 1109 ac
4266 1066 4379 1111 eos

2427 1126 2585 1190 casti
2674 1126 2851 1191 tione
2894 1148 3016 1192 sua
3059 1128 3383 1212 corrigere
3425 1129 3616 1194 malit
3657 1150 3854 1212 quam
3896 1131 4218 1214 frangere.

2660 1212 2887 1278 elicem
2932 1220 2999 1278 te
3041 1234 3286 1292 omnes,
3331 1215 3758 1302 fortunaeque
3803 1216 4143 1280 alumnum
4184 1236 4379 1299 prae-

2425 1294 2673 1377 dicant,
2727 1297 2809 1362 ob
2853 1319 3099 1364 novum
3140 1301 3344 1365 istum
3397 1302 3810 1384 episcopatus
3862 1300 4207 1366 honorem:
4264 1301 4379 1385 qui

2421 1393 2684 1465 praeter
2716 1384 2980 1467 insigne
3020 1385 3186 1450 illud
3228 1387 3552 1469 praesulis
3595 1407 3836 1452 nomen
3880 1407 3956 1452 ac
4002 1386 4216 1464 decus,
4262 1406 4376 1452 cu-

2423 1468 2526 1532 ius
2582 1470 2909 1534 maiestati
2962 1472 3209 1552 passim
3264 1473 3634 1557 assurgitur
3649 1524 3663 1550 ,
3720 1473 3905 1538 cuius
3931 1477 3980 1556 Â¹)
4039 1474 4254 1556 gratia
4293 1471 4374 1537 il-

2420 1552 2666 1620 lustres
2708 1555 3145 1622 conciliantur
3190 1559 3548 1638 amicitiae,
3601 1560 3787 1624 cuius
3831 1559 4183 1623 autoritate
4226 1556 4375 1641 plu-

2421 1639 2629 1705 rimae
2682 1640 3027 1707 clientelae
3090 1651 3583 1728 comparantur,
3657 1665 4054 1729 magnarum
4119 1662 4377 1727 quoque

2423 1744 2625 1807 opum
2666 1727 3008 1811 ingentem
3051 1737 3445 1811 proventum
3500 1730 3618 1795 tibi
3662 1731 3750 1794 sit
3791 1729 4142 1795 allaturus:
4193 1728 4374 1795 unde

2423 1832 2556 1875 non
2574 1812 2632 1896 Â²)
2689 1814 2982 1895 privatos
3032 1814 3226 1879 modo
3280 1816 3458 1881 vitae
3512 1825 3817 1899 sumptus
3860 1816 4212 1892 sustinere,
4259 1812 4376 1880 sed

2423 1899 2785 1965 multorum
2817 1900 3017 1965 etiam
3054 1900 3400 1966 sublevare
3434 1910 3817 1985 egestatem,
3847 1900 4378 1967 beneficentiam-

2425 2006 2553 2068 que
2594 1986 2667 2050 in
2710 2006 3057 2051 commune
3101 2007 3407 2052 exercere
3450 1987 3675 2053 liceat:
3719 1995 3933 2070 atque,
3978 2000 4054 2050 ut
4096 1987 4374 2051 nimium

2420 2072 2490 2135 in
2550 2071 2723 2137 hanc
2777 2076 2925 2150 [pag.
2967 2076 3076 2152 48]
3134 2080 3392 2156 partem
3450 2074 3587 2138 fere
3638 2071 3887 2138 creduli
3940 2093 4168 2137 sumus
4183 2123 4197 2149 ,
4254 2070 4376 2136 tibi

2422 2157 2617 2222 forte'
2635 2157 3051 2239 persuadent.
3127 2159 3273 2242 Ego
3327 2178 3487 2224 vero
3532 2157 3700 2226 â€ždum
3753 2164 3986 2241 reputo
4041 2157 4231 2240 quale
4288 2158 4376 2222 sit

2421 2241 2586 2308 illud
2639 2250 2855 2308 totum
2912 2241 3083 2326 quod
3136 2243 3321 2329 vulgi
3373 2244 3678 2327 opinione
3735 2243 3907 2307 tanti
3970 2243 4375 2323 aestimatur,

2419 2328 2862 2394 calamitatem
2906 2327 2991 2393 ex
3033 2329 3253 2394 animo
3294 2337 3480 2395 tuam
3533 2329 3839 2394 miseror:
3895 2349 4098 2411 eoque
4141 2329 4376 2412 magis,

2419 2413 2594 2497 quod
2645 2413 2768 2480 sub
2810 2414 3139 2481 felicitatis
3182 2416 3399 2498 specie
3443 2415 3538 2480 sic
3578 2415 3777 2493 fallit,
3822 2435 3908 2480 ne
3948 2415 4261 2479 miserum
4306 2421 4374 2478 te

2420 2521 2562 2568 esse
2605 2521 2853 2566 cernas.
2931 2500 3056 2565 Ille
3098 2502 3275 2566 enim
3319 2500 3567 2566 ordinis
3607 2501 3814 2567 vestri
3858 2499 4167 2583 splendor
4180 2551 4196 2578 ,
4252 2499 4373 2564 illa

2418 2586 2761 2652 maiestate
2802 2586 3000 2668 plena
3044 2586 3392 2666 veneratio,
3428 2586 3761 2669 opulentia
3799 2585 3931 2663 illa,
3979 2583 4372 2650 domesticus

2418 2672 2598 2737 nitor
2612 2725 2629 2752 ,
2686 2673 2977 2754 amplum
3034 2672 3463 2751 famulitium,
3520 2671 3782 2757 quando
3821 2670 4086 2754 quidem
4128 2669 4212 2736 ab
4253 2669 4371 2736 ho-

2417 2759 2706 2824 minibus
2749 2759 3275 2842 proficiscuntur,
3321 2759 3513 2843 quale
3557 2759 3644 2823 sit
3676 2757 3987 2823 vestratis
4028 2756 4252 2840 populi
4286 2754 4369 2824 de

2416 2846 2557 2928 ipso
2601 2844 2946 2922 iudicium,
3001 2845 3384 2910 ostendunt:
3441 2854 3510 2909 at
3566 2864 3724 2909 sane
3768 2844 3895 2909 Dei
3939 2841 4282 2921 iudicium,
4328 2863 4368 2906 a

2416 2951 2547 3015 quo
2606 2932 3014 3014 episcopatus
3034 2931 3092 3015 8)
3148 2932 3287 3015 ipse
3340 2931 3671 3014 profectus
3729 2937 3832 2996 est
3883 2940 3952 2994 et
4004 2928 4368 3007 institutus,

2414 3018 2630 3100 primo
2664 3016 2804 3082 loco
2840 3016 3311 3100 requirendum
3334 3025 3494 3082 erat.
3563 3014 3805 3097 Quare,
3853 3014 3963 3080 ubi
3996 3013 4114 3079 illa
4148 3014 4371 3080 omnia

2416 3102 2644 3168 audies
2698 3124 2865 3185 quae
2910 3102 3122 3168 solent
3163 3101 3246 3166 ad
3298 3103 3419 3169 tibi
3473 3101 3937 3187 gratulandum
3981 3120 4371 3166 commemo-

2415 3191 2568 3269 rari,
2613 3188 2948 3272 popularis
2990 3188 3155 3254 illud
3207 3190 3498 3254 trutinae
3541 3208 3821 3253 examen
3863 3207 4008 3252 esse
4049 3186 4372 3251 memine-

2414 3275 2534 3340 ris:
2581 3275 2653 3339 in
2697 3296 2826 3359 quo
2868 3295 2947 3340 ea
2990 3275 3249 3358 saepius
3292 3273 3854 3358 praeponderant,
3912 3293 4079 3356 quae
4121 3273 4193 3336 in
4236 3270 4368 3337 Dei

2413 3362 2666 3425 trutina
2698 3380 2824 3425 nec
2857 3359 3349 3444 appenduntur:
3386 3360 3460 3425 in
3494 3357 3901 3425 aestimando
3937 3365 4159 3423 autem
4197 3358 4371 3441 epis-

2414 3447 2560 3529 copi
2604 3467 2893 3524 munere,
2939 3444 3183 3531 populo
3229 3464 3440 3529 neque
3483 3452 3678 3525 recte,
3723 3464 3936 3527 neque
3978 3452 4120 3508 tuto
4155 3439 4365 3509 credi:

2414 3532 2729 3598 iudicium
2772 3532 2969 3597 unius
3007 3532 3138 3597 Dei
3183 3553 3325 3598 esse
3370 3530 3795 3608 audiendum,
3839 3529 4027 3596 cuius
4069 3536 4139 3594 et
4181 3534 4367 3593 auto-

2415 3619 2613 3683 ritate
2669 3619 3101 3683 constitutum
3155 3626 3258 3684 est
3310 3617 3473 3682 illud
3490 3668 3506 3696 ,
3572 3625 3640 3683 et
3692 3614 3946 3700 legibus
3999 3613 4367 3679 definitum.

2414 3703 2634 3787 Atque
2691 3703 2851 3768 adeo
2909 3704 2967 3768 si
3023 3704 3318 3769 animum
3370 3705 3542 3769 serio
3598 3701 3683 3769 ad
3725 3701 4088 3766 Dominum
4131 3697 4367 3764 adver-

2413 3797 2555 3855 tere
2598 3789 2786 3868 libet,
2843 3789 3148 3855 diffluant
3199 3790 3432 3855 inanes
3471 3789 3574 3854 illi
3613 3808 3841 3853 omnes
3879 3784 4045 3851 fumi
4060 3834 4074 3860 ,
4121 3783 4367 3867 tibique

2413 3877 2678 3961 penitus
2718 3883 3115 3943 evanescant
3148 3883 3429 3959 oportet:
3475 3874 3589 3958 qui
3627 3875 3685 3939 si
3718 3893 3849 3956 qua
3881 3872 3952 3936 in
3985 3876 4175 3955 parte
4208 3869 4366 3935 hae-

2414 3970 2608 4028 reant
2649 3972 2803 4028 tuae
2843 3962 3274 4045 cogitationis,
3318 3962 3538 4026 oculos
3580 3980 3716 4024 non
3758 3956 4123 4041 impedient
4152 3955 4366 4035 modo,

2416 4047 2534 4115 sed
2568 4046 2994 4127 oblimabunt,
3031 4048 3381 4131 quominus
3407 4053 3703 4130 spectare
3738 4043 3822 4109 ad
3856 4041 4174 4127 liquidum
4209 4063 4367 4125 que-

2417 4142 2535 4201 ant
2567 4134 2768 4212 illam,
2814 4154 3011 4217 quam
3046 4134 3371 4199 Dominus
3406 4138 3726 4216 proponet
3756 4130 4123 4196 veritatem.
4181 4127 4368 4192 Nihil

2417 4222 2688 4306 aequius
2731 4219 3003 4304 cogitari
3043 4227 3257 4303 potest
3310 4218 3432 4284 hoc
3486 4237 3635 4282 meo
3678 4216 4022 4300 postulato.
4111 4213 4369 4279 Verum

2416 4305 2502 4373 ad
2536 4314 2789 4373 tantam
2825 4305 3221 4389 aequitatem
3258 4304 3417 4370 adeo
3451 4302 3621 4369 nulli
3656 4310 3814 4368 sunt
3847 4300 4100 4379 attenti,
4137 4308 4215 4364 ut
4250 4319 4368 4364 neÎ‡-

2411 4415 2553 4546 {Â¹022
2596 4395 2839 4544 Prffiâ€™
2857 4388 3685 4559 anssqffnfiffffi'affl
3714 4383 4366 4557 ffisseffitqussfiff

2415 4531 2576 4630 tenti
2617 4501 2735 4629 qIn
2770 4564 2972 4630 mitra
3012 4563 3272 4647 partim,
3318 4569 3384 4627 et
3417 4561 3599 4639 lituo,
3640 4567 3710 4626 et
3740 4560 3958 4645 pallio,
4002 4567 4069 4623 et
4102 4556 4364 4634 annulo,

2413 4650 2790 4734 reliquaque
2815 4648 3133 4717 eiusmodi
3168 4646 3573 4731 supellectile
3610 4645 3863 4713 defixae
3898 4652 4055 4711 sunt
4071 4643 4368 4708 omnium

2412 4743 2694 4803 mentes:
2738 4737 2984 4820 partim
3020 4757 3196 4813 vero,
3241 4739 3310 4798 et
3342 4733 3606 4817 quidem
3641 4732 3855 4811 altius,
3889 4732 3960 4796 in
3993 4729 4128 4795 illis
4159 4727 4365 4794 facul-

2412 4823 2659 4888 tatibus
2672 4874 2689 4903 â€š
2733 4822 2968 4907 quibus
3010 4830 3076 4887 et
3118 4820 3513 4886 domesticus
3555 4816 3892 4902 splendor,
3937 4824 4006 4881 et
4045 4812 4367 4898 populosa

2550 5133 2607 5199 1)
2649 5132 2798 5188 Edd.
2835 5130 3177 5187 1576â€”1611
3214 5131 3439 5187 habent:
3476 5145 3610 5185 cum.

3777 5125 3836 5191 2)
3878 5122 4121 5179 Eaedem
4154 5090 4365 5193 legavit.-

2411 5220 2527 5259 nos.
2735 5200 2772 5256 3
2839 5201 2933 5257 Sic
2965 5202 3084 5256 sola
3201 5202 3386 5270 â€™Ï€Î±ÏÎ±
3457 5200 3711 5253 Caeterae
3746 5210 3926 5250 omnes
3961 5193 4154 5247 habent
4168 5209 4187 5242 .-
4223 5193 4362 5261 epis-

2412 5288 2582 5340 copus
2619 5272 2727 5337 (les
2761 5205 3043 5340 {vesques
3077 5216 3209 5337 á½ƒÏ‚.
