4984 5975
554 319 687 382 483

562 505 832 588 ripiunt,
870 503 979 586 qui
1025 500 1480 584 diripientibus
1525 501 1830 585 eripiunt,
1867 506 1945 565 ut
1984 521 2173 567 veros
2216 507 2514 584 pastores

563 591 964 674 praeficiant.
1052 587 1203 652 Non
1256 587 1591 669 episcopos
1635 586 1934 664 eiiciunt‚
1990 587 2102 671 qui
2156 586 2515 651 instituunt

567 675 967 759 religionem.
1057 673 1208 738 Non
1260 674 1613 754 profanant
1668 673 1780 755 qui
1834 673 2226 737 instaurant.
2317 671 2515 753 Quod

562 762 778 827 facere
815 766 1244 842 protestantes
1264 758 1486 840 palam
1521 765 1637 836 est,
1677 757 1792 823 sed
1827 780 1959 822 non
1977 758 2260 841 impune.
2335 756 2514 837 Quid

563 846 742 910 enim
779 844 960 910 aliud
994 851 1201 922 sonat,
1239 842 1393 927 quid
1432 843 1768 908 contendit
1787 851 1926 908 tota
1959 864 2185 912 eorum
2220 843 2516 909 doctrina

565 951 761 1014 quam
804 930 1070 996 Christo
1094 930 1401 1008 Domino,
1447 929 1600 1011 quia
1633 930 1762 1008 via,
1808 928 2054 995 veritas
2102 938 2169 994 et
2210 931 2348 996 vita
2391 938 2510 1006 est,

563 1015 902 1082 fidendum
938 1023 1004 1081 et
1038 1014 1399 1081 vivendum
1435 1036 1593 1093 esse,
1630 1037 1835 1099 quum
1853 1015 2174 1098 pontificii
2205 1013 2515 1081 fiduciam

491 1125 499 1138 ·
564 1102 797 1168 salutis
840 1103 910 1166 in
957 1101 1158 1178 divos,
1202 1101 1275 1164 in
1310 1122 1460 1167 ossa
1482 1107 1550 1165 et
1591 1101 1942 1166 simulacra
1964 1120 2207 1181 eorum,
2253 1102 2324 1165 in
2368 1122 2514 1166 cae-

563 1188 918 1265 remoniaS,
966 1189 1035 1252 in
1076 1207 1275 1269 opera
1329 1185 1673 1251 hominum
1727 1185 2116 1252 distrahant.
2204 1186 2516 1269 Plerique

556 1273 730 1338 nihil
772 1272 1007 1338 docent
1048 1292 1247 1357 quam
1291 1293 1483 1355 quem
1527 1272 1762 1338 vivunt
1804 1271 2288 1353 epicurismum.
2376 1271 2512 1336 No-

556 1359 686 1428 tior
728 1359 904 1425 enim
965 1368 1067 1424 est
1106 1379 1380 1423 romana
1420 1357 1647 1441 religio
1688 1379 1884 1442 quam
1923 1358 2077 1424 boni
2130 1379 2357 1422 omnes
2399 1378 2513 1422 ve-

560 1445 705 1509 lint.
772 1445 919 1510 Iam
962 1442 1119 1527 quid
1162 1459 1262 1509 est
1305 1443 1586 1526 diripere
1631 1444 1956 1523 ecclesias,
2003 1443 2059 1508 si
2102 1441 2189 1521 id,
2234 1443 2404 1525 quod
2440 1444 2514 1506 in

563 1527 818 1596 solenni
865 1552 986 1596 usu
1030 1530 1343 1613 pontificii
1389 1529 1653 1608 habent,
1697 1550 1829 1594 non
1873 1528 2018 1595 est?
2088 1527 2275 1608 Quae
2318 1549 2514 1611 paro-

560 1616 742 1693 chia,
796 1637 962 1700 quae
1008 1612 1295 1694 abbatia,
1351 1616 1495 1697 quis
1540 1616 1980 1698 episcopatus,
2028 1624 2144 1678 aut
2185 1614 2513 1696 quodnam

561 1701 933 1785 opulentius
978 1700 1409 1767 sacerdotium
1456 1699 1707 1766 idoneis
1752 1711 1819 1764 et
1858 1701 1968 1782 qui
2009 1701 2077 1763 in
2123 1721 2239 1765 suo
2282 1700 2512 1765 minis-

556 1788 721 1853 terio
775 1807 1003 1854 servos
1060 1808 1143 1864 se,
1189 1808 1330 1851 esse
1385 1786 1691 1851 ecclesiae
1734 1785 2108 1869 intelligant
2163 1785 2511 1864 confertur,

560 1879 628 1937 et
669 1894 802 1938 non
845 1883 1121 1954 occupat
1254 1871 1335 1936 ab
1380 1872 1461 1936 iis
1514 1872 1654 1953 qui,
1710 1892 1912 1953 quum
1956 1892 2088 1935 non
2133 1870 2295 1936 alias
2338 1879 2513 1936 artes

562 1957 910 2023 didicerint
924 1963 1041 2037 [fol.
1060 1970 1136 2020 22
1192 1977 1387 2040 quam
1402 1957 1802 2033 venationeS,
1829 1956 2155 2021 lenocinia
2178 1967 2243 2020 et
2266 1956 2512 2042 similes

559 2043 671 2107 vel
713 2043 997 2127 ineptias
1041 2041 1147 2108 vel
1189 2041 1530 2125 nequitias,
1575 2062 1776 2124 quum
1821 2039 1904 2106 ad
1947 2042 2361 2125 episcopatus
2396 2061 2512 2107 ve-

564 2128 783 2206 niunt,
841 2134 1082 2210 putant
1137 2149 1280 2193 esse
1331 2129 1506 2192 iusta
1560 2127 1823 2191 illarum
1878 2128 2184 2210 praemia.
2275 2128 2511 2209 Itaque

557 2234 643 2278 ne
669 2234 709 2277 a
739 2213 1135 2296 professione
1178 2234 1298 2278 sua
1331 2212 1712 2291 desciscant,
1750 2212 1925 2276 nihil
1959 2234 2155 2296 quam
2195 2219 2510 2296 satrapas,

561 2309 903 2364 venatores
918 2351 935 2377 ,
990 2299 1317 2377 lurcones,
1372 2319 1726 2383 ganeones,
1795 2305 2181 2363 scortatores
2198 2349 2213 2376 ,
2266 2298 2510 2364 milites

559 2385 757 2449 etiam
800 2393 867 2450 et
906 2377 1304 2468 gladiatores
1347 2391 1703 2467 praestant.
1774 2382 1855 2448 Id
1890 2405 2049 2449 vero
2084 2404 2366 2450 canones
2403 2405 2508 2450 sa-

562 2470 903 2554 crilegium
958 2490 1101 2535 esse
1158 2469 1511 2547 definiunt,
1570 2478 1637 2534 et
1681 2469 2107 2535 ecclesiarum
2150 2469 2507 2553 depraeda-

556 2555 821 2621 tionem.
882 2554 1222 2639 Quidquid
1256 2555 1433 2620 enim
1468 2576 1692 2620 rerum
1736 2555 2339 2635 ecclesiasticarum,
2375 2577 2508 2621 non
2599 2603 2604 2608 κ

551 2641 659 2707 vel
698 2644 768 2706 in
822 2663 1012 2707 usum
1067 2642 1235 2706 sacri
1277 2640 1657 2718 ministerii,
1713 2640 1823 2707 vel
1861 2642 1931 2705 in
1974 2661 2325 2724 pauperes,
2402 2642 2509 2708 vel

554 2726 852 2809 publicas
894 2727 1121 2811 populi
1154 2727 1283 2791 Dei
1323 2727 1740 2792 necessitates
1784 2725 2220 2809 impenditur,
2274 2725 2344 2792 id
2387 2724 2509 2811 p'er

552 2812 967 2896 sacrilegium
991 2812 1279 2878 ecclesiis
1293 2813 1456 2895 eripi
1480 2832 1764 2877 canones
1785 2812 2099 2880 iudicant,
2171 2812 2278 2877 Ita
2311 2834 2505 2895 quem

549 2919 790 2982 quaeso
810 2906 1244 2982 protestantes
1267 2899 1481 2981 episco
1529 2906 2007 2981 umpotuerunt
2027 2899 2281 2975 eiicere,
2303 2919 2508 2980 quum

548 2982 804 3068 pridem
842 2987 1019 3050 inter
1053 3005 1181 3061 eos,
1228 2984 1338 3067 qui
1381 3005 1490 3050 ecc
1518 2983 1686 3049 esias
1731 2984 1855 3050 hoc
1888 2984 2153 3050 nomine
2189 2982 2504 3063 detinent,

555 3071 932 3136 rarissimus
951 3070 1040 3135 sit
1061 3070 1175 3152 qui
1198 3070 1425 3135 haberi
1457 3069 1799 3153 episcopus
1834 3069 2079 3154 possit?
2152 3070 2217 3135 N
2219 3091 2291 3135 ec
2327 3071 2507 3135 enim

558 3156 897 3238 episcopus
956 3154 1183 3220 haberi
1233 3176 1316 3238 po
1363 3155 1472 3220 ulo
1517 3155 1869 3221 christiano
1913 3164 2128 3239 potest
2144 3207 2159 3233 ,
2221 3156 2349 3220 nisi
2394 3157 2507 3240 qui

553 3262 859 3325 supremo
900 3242 971 3306 in
1014 3240 1287 3307 ecclesia
1357 3261 1470 3307 oco
1506 3242 1631 3307 hac
1672 3239 2045 3308 conditione
2087 3240 2286 3319 sedet,
2331 3249 2407 3307 ut
2440 3250 2509 3306 et

556 3326 856 3394 doctrina
910 3335 978 3392 et
1032 3328 1207 3393 vitae
1259 3327 1691 3393 sanctimonia
1744 3326 1999 3410 primus
2054 3327 2369 3405 emineat,
2429 3336 2507 3391 ut

553 3435 810 3479 summo
838 3411 1052 3479 studio
1080 3412 1153 3477 in
1183 3412 1254 3478 id
1289 3434 1360 3479 se
1394 3412 1747 3497 impendat,
1773 3411 2079 3491 docende,
2118 3433 2304 3478 sacra
2322 3435 2504 3498 mys-

550 3501 719 3566 teria
751 3498 1269 3564 administrando
1303 3507 1371 3564 et
1403 3498 1813 3581 disciplinam
1833 3497 2085 3564 Christi
2119 3498 2503 3578 exercendo,

545 3607 675 3670 quo
719 3585 988 3652 ecclesia
1009 3583 1132 3650 sibi
1164 3585 1413 3650 credita
1454 3605 1660 3668 quum
1703 3585 2071 3650 accessione
2110 3606 2355 3664 eorum,
2392 3585 2506 3668 qui

548 3692 589 3735 a
617 3671 884 3738 Christo
924 3671 1188 3737 abducti
1232 3679 1440 3749 erant,
1477 3669 1764 3753 quotidie
1799 3679 2138 3754 augeatur,
2174 3678 2315 3735 tum
2353 3691 2504 3753 pro-

548 3758 723 3824 fectu
763 3759 1293 3839 incrementoque
1335 3757 1617 3838 pietatis,
1659 3756 1730 3820 in
1772 3756 1857 3820 iis
1899 3756 2013 3839 qui
2056 3754 2141 3820 ad
2163 3755 2502 3822 Christum

554 3844 687 3907 iam
731 3844 1027 3908 conversi
1070 3854 1253 3919 sunt,
1297 3863 1499 3907 novos
1543 3839 1818 3906 subinde
1859 3862 2244 3926 progressus
2288 3843 2500 3907 faciat.

554 3926 741 4008 Quae
805 3938 903 3992 est
958 3950 1113 3994 vero
1193 3927 1472 4009 denique
1538 3926 1654 3991 illa
1721 3927 2058 4011 religionis
2134 3929 2503 4010 profanatio

555 4034 753 4096 quam
799 4014 1308 4095 protestantibus
1342 4013 1454 4078 isti
1501 4012 1918 4096 impingunt?
1957 4012 2318 4092 ,Curarunt
2350 4033 2502 4096 pro-

478 4149 488 4159 .
553 4106 870 4163 testantes
905 4096 1082 4181 apud
1123 4119 1291 4177 suos,
1339 4109 1413 4163 ut
1456 4098 1731 4181 populus
1775 4119 1893 4181 pro
1929 4100 2203 4181 impuris
2239 4107 2306 4164 et
2337 4099 2503 4163 irre-

552 4184 804 4268 ligiosis
828 4182 1220 4261 hominibus,
1259 4186 1371 4267 qui
1385 4205 1643 4249 sacrum
1667 4184 2126 4260 ministerium,
2162 4192 2227 4249 et
2260 4184 2329 4249 id
2362 4205 2502 4248 mo-

555 4270 656 4333 dis
696 4269 995 4333 omnibus
1042 4268 1487 4352 depravatum,
1532 4291 1650 4352 pro
1686 4278 1964 4353 quaestu
2007 4270 2354 4347 habebant,
2393 4291 2504 4335 eos

552 4354 890 4420 ministros
961 4355 1312 4437 acciperet,
1390 4357 1502 4438 qui
1569 4365 1636 4419 et
1733 4355 2171 4420 ministerium
2252 4355 2502 4421 Christi

551 4440 880 4505 sincerum
916 4450 1265 4522 praestent,
1301 4450 1370 4505 et
1402 4443 1633 4508 vivant
1667 4442 1808 4505 sine
1844 4441 2136 4506 crimine.
2208 4442 2342 4507 Pro
2376 4443 2502 4506 im-

550 4524 679 4608 piis
723 4534 791 4589 et
822 4526 1280 4608 pestilentibus
1324 4528 1724 4602 commentia,
1769 4525 2004 4608 quibus
2039 4536 2104 4591 et
2140 4548 2338 4594 verus
2372 4528 2503 4592 Dei

553 4610 768 4676 cultus
827 4610 1284 4676 destruebatur
1335 4624 1401 4677 et
1438 4620 1575 4677 tota
1641 4613 1849 4696 pietas
1892 4634 2027 4676 una
2085 4634 2234 4679 cum
2289 4613 2502 4679 salute

552 4696 893 4761 hominum
938 4718 1168 4761 eversa
1202 4705 1360 4774 erat,
1406 4720 1636 4763 sanam
1680 4696 1934 4763 Christi
1978 4696 2342 4764 doctrinam
2387 4720 2501 4764 au·

545 4780 734 4846 diret.
820 4782 955 4846 Pro
1011 4802 1114 4859 ea,
1160 4802 1355 4865 quam
1396 4782 1999 4865 depravatissimam
2056 4782 2367 4863 habebat,
2436 4792 2504 4848 et

552 4877 1105 4933 sacramentorum
1130 4876 1198 4932 et
1232 4866 1611 4951 disciplinae
1654 4867 2237 4949 administratione,
2282 4870 2499 4953 lefflti-

470 5021 477 5029 ,
550 4974 729 5018 mam
785 4960 875 5019 et*
904 4973 944 5016 a
988 4952 1255 5018 Christo
1324 4952 1697 5018 institutam
1758 4953 2282 5037 amplecteretur.
2370 4956 2495 5020 At-

550 5059 677 5122 que
737 5041 903 5105 istuc
966 5039 1059 5103 ita
1112 5039 1353 5104 habere
1403 5058 1538 5103 non
1579 5037 1877 5103 dubitant
1934 5048 2371 5124 protestantes
2424 5062 2496 5106 se

550 5145 769 5190 coram
815 5124 1085 5193 concilio
1129 5132 1197 5189 et
1237 5122 1630 5207 quibuslibet
1669 5124 1796 5208 piis
1841 5137 1908 5189 et
1954 5125 2277 5212 religiosis
2323 5124 2494 5190 iudi-

508 5212 511 5215 ’
547 5209 732 5276 cibus
784 5231 973 5295 posse
1011 5210 1199 5276 facile
1254 5210 1700 5292 comprobare,
1746 5211 1921 5295 quod
1970 5213 2167 5276 etiam
2206 5213 2494 5277 facturos

2042 311 2564 380 CONSILIUM
2605 312 2895 379 PAULI
2936 312 3063 377 ΠΙ.

4309 347 4328 360 .
4402 297 4566 376 '484

2616 521 2808 583 saepe
2842 499 3222 566 obtulerunt
3255 509 3323 564 et
3350 521 3528 565 nunc
3572 500 3873 579 offerunt,
3920 507 3988 565 et
4021 509 4262 577 tamen,
4310 501 4368 565 si
4408 521 4570 582 pon·

2617 586 2832 652 tificiis
2877 584 3220 666 credimus,
3265 585 3646 669 religionem
3690 587 4138 669 profanarunt.

2710 753 2715 758 ’
2791 756 2930 821 Imo
2984 757 3058 821 in
3100 761 3344 820 tantum
3375 758 3706 839 proyressi
3756 763 3904 822 sunt
3972 762 4044 821 at
4095 759 4565 841 inteyerrinmm

2618 843 2928 922 iudicium
2969 842 3263 907 divellere
3307 848 3597 907 conentur
3642 893 3653 905 .
3701 894 3714 907 .
3763 892 3777 906 .
3825 893 3839 906 .

2791 963 2900 1025 An
2936 960 3252 1027 iudicium
3296 960 3634 1040 divellunt,
3679 962 3789 1045 qui
3832 984 3962 1027 non
4007 962 4137 1027 nisi
4181 962 4462 1045 iniquas,
4501 970 4577 1028 et

2617 1069 2752 1112 non
2785 1047 3007 1111 minus
3043 1053 3274 1113 contra
3309 1046 3611 1112 Caesaris
3646 1048 3825 1113 iussa
3859 1056 3927 1112 et
3960 1055 4151 1131 pacta
4186 1068 4381 1130 quam
4416 1069 4574 1114 con-

2617 1144 2721 1197 tra
2761 1134 2892 1199 Dei
2934 1132 2996 1196 le
3043 1154 3148 1197 em
3191 1134 3358 1197 latas
3402 1134 3765 1198 sententias
3806 1133 4198 1217 repudiant?
4270 1131 4470 1213 Quod
4511 1135 4576 1199 si

2617 1219 2818 1302 probe
2860 1155 3230 1302 intefiigere
3263 1217 3444 1296 velis,
3489 1218 3659 1282 nihil
3693 1221 3951 1303 integri,
3998 1218 4166 1283 nihil
4210 1219 4441 1296 sancti,
4465 1221 4575 1283 ni-

2617 1304 2715 1368 hil
2760 1305 2948 1387 aequi
2975 1302 3151 1388 apud
3192 1303 3339 1368 illos
3373 1301 3620 1369 iudices
3665 1325 3824 1383 esse,
3863 1315 4095 1387 reputa
4127 1304 4273 1387 quis
4317 1305 4420 1381 sit,
4457 1306 4578 1387 qui

2618 1411 2730 1454 eos
2773 1398 2912 1454 tam
2966 1388 3153 1454 bellis
3219 1389 3529 1454 encomiis
3580 1389 3930 1472 praedicat.
3997 1390 4251 1473 *Neque
4305 1390 4484 1455 enim
4529 1411 4578 1455 a

2616 1477 2946 1559 pontificio
3007 1480 3125 1553 [fol.
3164 1480 3271 1554 23]
3317 1474 3534 1559 legato
3593 1476 3719 1541 nisi
3762 1476 4014 1541 nefaria
4054 1475 4355 1542 mercede
4394 1475 4580 1540 hanc

2616 1561 2883 1626 laudem
2939 1561 3323 1642 consequuti
3381 1568 3615 1625 essent.
3704 1562 3798 1625 Et
3840 1582 3996 1626 sane
4051 1561 4211 1626 satis
4277 1573 4574 1644 apparet,

2617 1655 2694 1710 ut
2733 1646 3017 1730 proiecto
3060 1645 3395 1729 religionis
3438 1645 3652 1711 studio
3697 1667 3841 1712 eam
3881 1667 4218 1712 sacrorum
4260 1648 4578 1729 profana-

2618 1733 2896 1810 tionem,
2952 1753 3036 1796 ex
3090 1752 3221 1814 qua
3277 1731 3571 1814 plerique
3616 1752 3843 1796 eorum
3887 1731 4304 1808 deliciantur,
4348 1733 4576 1815 impu-

2617 1815 2849 1882 denter
2911 1816 3295 1892 defendant,
3358 1815 3705 1882 colluviem
3749 1817 4182 1900 pseudocleri,
4240 1816 4576 1900 publicam

2617 1903 3017 1968 Germaniae
3068 1911 3344 1984 pestem,
3402 1923 3531 1966 non
3588 1903 3729 1967 sine
3785 1912 4013 1987 aperta
4053 1904 4305 1985 patriae
4321 1903 4572 1985 *prodi-

2615 1990 2791 2054 tione
2835 2010 2952 2054 suo
2995 1988 3352 2071 patrocinio
3384 1989 3772 2067 sustineant,
3818 1990 4057 2054 omissa
4083 1988 4385 2053 Caesaris
4418 1988 4572 2073 dig-

2614 2075 2821 2139 nitate
2839 2126 2852 2150 ,
2899 2074 3197 2158 neglecto
3235 2074 3398 2153 iure,
3451 2074 3523 2137 in
3548 2072 3895 2139 asserendo
3937 2074 4264 2157 pontificis
4307 2076 4572 2139 romani

2614 2158 2963 2245 tyrannide
3022 2159 3537 2242 pertinacissime
3580 2159 3905 2224 insistant.
3995 2158 4172 2239 Quid
4207 2160 4281 2223 in
4323 2158 4571 2224 iudicio

2613 2255 2750 2311 tam
2786 2255 3090 2328 corrupto
3114 2245 3507 2328 integritatis
3544 2254 3657 2310 aut
3691 2246 4101 2310 reverentiae
4123 2266 4265 2309 esse
4299 2245 4563 2329 potest?

2799 2416 2879 2482 Ut
2927 2437 2996 2481 eo
3049 2417 3297 2481 divulso
3352 2416 3544 2481 etiam
3597 2416 3911 2480 autoritas
3961 2435 4286 2481 caesareae
4339 2419 4568 2481 maies-

2610 2502 2759 2568 tatis
2800 2503 2871 2567 in
2920 2502 3273 2567 Germania
3315 2500 3595 2566 concidat
3638 2552 3651 2565 .
3702 2550 3715 2564 .
3762 2549 3775 2563 .
3822 2550 3835 2563 .

2780 2638 3047 2704 Bellum
3090 2646 3192 2703 est
3234 2639 3359 2703 hoc
3397 2637 3762 2716 artificium,
3810 2637 3867 2701 si
3910 2637 4170 2720 quidem
4209 2660 4341 2703 uno
4365 2640 4568 2704 verbo

2607 2726 2993 2809 profligatus
3046 2724 3155 2790 hic
3211 2744 3414 2807 nepos
3455 2724 3834 2806 imperatori
3887 2723 4281 2805 persuadere
4329 2724 4566 2800 valeat,

2608 2818 3043 2894 protestantes
3084 2810 3261 2874 illius
3303 2809 3612 2891 potestati
3653 2808 3977 2887 insidiari,
4034 2810 4402 2891 pontificios
4445 2831 4566 2875 au-

2610 2907 2742 2961 tem
2798 2917 2942 2961 eam
2996 2906 3450 2988 conservatam
3495 2894 3681 2960 velle.
3770 2895 3866 2959 At
3905 2902 4347 2977 protestantes
4392 2895 4568 2961 hanc

2609 2980 2972 3048 doctrinam
3012 2982 3425 3065 profitentur,
3515 3002 3640 3045 uae
3675 3002 3758 3045 ex
3796 2980 3994 3046 verbo
4028 2981 4158 3047 Dei
4201 2981 4386 3047 iubet
4421 3004 4563 3046 om-

2609 3090 2761 3133 nem
2826 3068 3117 3133 animam
3180 3066 3485 3151 potestati
3530 3086 3639 3143 us,
3703 3086 3875 3150 quae
3972 3066 4222 3131 ladium
4277 3077 4564 3151 gestant,

2609 3152 2855 3219 subiici.
2943 3153 3276 3218 Pontificii
3329 3160 3552 3218 autem
3604 3172 3675 3217 se
3725 3152 3903 3217 omni
3994 3173 4232 3217 umano
4285 3154 4567 3237 imperio

2608 3249 2947 3322 exemptos
2994 3238 3256 3315 volunt,
3312 3238 3445 3302 imo
3502 3237 3889 3321 superiores.
3944 3238 4401 3304 Protestantes
4447 3261 4562 3305 cu-

2608 3326 2800 3409 piunt
2844 3325 3062 3391 valere
3105 3323 3302 3409 leges,
3347 3345 3508 3405 quas
3541 3324 3634 3405 pii
3675 3324 4104 3407 imperatores
4144 3323 4226 3389 de
4261 3326 4566 3406 personis

2611 3418 2677 3476 et
2719 3413 2915 3477 rebus
2958 3410 3410 3478 ecclesiasticis
3443 3416 3670 3475 sancte
3706 3407 4155 3474 condiderunt.
4228 3410 4563 3477 Pontificii

2610 3518 2740 3576 eas,
2782 3506 2858 3562 ut
2901 3497 3081 3562 nullo
3114 3498 3260 3561 iure
3304 3497 3496 3559 nixas
3540 3501 3608 3560 et
3651 3495 3806 3560 sine*
3826 3494 4101 3577 imperio
4136 3495 4320 3574 lat-as,
4369 3497 4560 3561 abro-

2608 3592 2869 3667 garunt,
2914 3583 3321 3665 condereque
3365 3579 3723 3664 quamlibet
3764 3590 4022 3645 sanctas
4066 3589 4134 3644 et
4167 3581 4308 3664 pias
4354 3590 4560 3645 teme-

2605 3669 2824 3734 ritatis
2860 3678 2926 3734 et
2967 3668 3235 3734 illicitae
3265 3665 3576 3732 audaciae
3612 3686 3754 3731 esse
3787 3667 4322 3758 pronunciarunt.
4391 3668 4564 3732 Pro-

2606 3761 2922 3820 testantes
2978 3752 3257 3837 denique
3308 3752 3568 3817 nullum
3621 3752 4026 3834 episcopum,
4081 3773 4168 3816 ne
4208 3773 4564 3817 romanum

2606 3840 2873 3922 quidem
2931 3840 3129 3922 recipi
3186 3838 3445 3915 volunt,
3507 3838 3634 3902 nisi
3690 3839 3801 3919 qui
3854 3837 4218 3903 secundum
4275 3858 4564 3903 canones

2607 3923 2689 3989 ab
2742 3924 3243 4009 imperatoribus
3296 3924 3494 3989 fuerit
3535 3923 3993 4004 comprobatus
4048 3934 4116 3988 et
4158 3924 4265 3988 cui
4306 3925 4564 3988 exami-

2607 4011 2825 4077 nando
2869 4010 3142 4076 adhibiti
3186 4012 3322 4076 sint
3362 4009 3762 4092 imperatorii
3797 4008 4237 4093 magistratus.
4323 4009 4561 4074 Ponti-

2606 4097 2738 4162 ficii
2783 4118 2938 4164 vero
2982 4117 3112 4160 non
3156 4096 3367 4161 solum
3425 4117 3495 4160 se
3540 4114 3579 4157 a
3617 4093 4018 4177 principibus
4065 4096 4188 4158 rite
4239 4102 4306 4159 et
4351 4097 4557 4160 veteri

2606 4183 2909 4248 instituto
2950 4181 3211 4265 probari
3255 4202 3389 4246 non
3433 4181 3780 4257 sustinent,
3826 4180 3941 4246 sed
3986 4180 4111 4246 hoc
4151 4201 4406 4263 quoque
4453 4182 4560 4246 vel

2606 4269 2769 4334 iuris
2814 4269 2918 4333 vel
2961 4268 3262 4334 licentiae
3306 4267 3433 4332 sibi
3472 4277 3769 4343 sumunt,
3831 4273 3907 4330 ut
3949 4267 4017 4329 in
4062 4288 4182 4330 sua
4223 4287 4423 4330 manu
4471 4268 4562 4332 sit

2607 4364 2675 4418 et
2724 4355 3152 4438 imperatores
3209 4353 3554 4418 instituere
3599 4373 3758 4433 quos
3800 4351 4040 4429 velint,
4101 4360 4167 4416 et
4210 4349 4560 4418 destitutos

2608 4461 2648 4503 a
2700 4463 2770 4505 se
2825 4441 3071 4505 honore
3130 4439 3460 4517 abdicare,
3519 4436 3714 4519 idque
3770 4457 3892 4519 pro
3945 4459 4130 4502 mera
4179 4436 4447 4502 libidine
4493 4450 4561 4503 et

2607 4545 2863 4589 summa
2883 4548 3033 4593 cum
3056 4524 3447 4608 reipublicae
3469 4524 3865 4590 christianae
3887 4523 4192 4619 pernicie,
4229 4523 4324 4587 uti
4362 4544 4560 4607 saepe

2603 4610 2916 4676 fecerunt.
2983 4613 3117 4678 Per
3161 4612 3481 4676 ambitum
3525 4607 3788 4692 quidem
3833 4609 4181 4693 profligata
4222 4609 4406 4673 omni
4447 4632 4561 4675 ca-

2604 4698 2840 4763 nonica
2882 4698 3226 4775 electione,
3273 4697 3709 4779 episcopatUS‚
3770 4695 4061 4760 abbatias
4105 4703 4172 4758 et
4210 4695 4564 4779 pinguiora

2603 4782 2963 4849 sacerdotia
3005 4806 3045 4848 a
3086 4780 3493 4866 principibus
3538 4780 3896 4863 accipiunt,
3953 4779 4067 4846 sed
4112 4788 4180 4845 et
4217 4778 4378 4846 haec
4422 4803 4563 4847 non

2603 4868 2797 4934 aliter
2819 4871 3251 4935 aestimantur
3275 4886 3474 4950 quam
3495 4864 3854 4931 aulicorum
3890 4864 4342 4949 obsequiorum
4366 4887 4564 4950 prae-

2600 4956 2752 5032 mia,
2778 4955 2948 5020 nihil
2970 4953 3053 5018 ad
3088 4973 3251 5029 eam,
3280 4972 3475 5036 quam
3500 4951 3903 5035 principibus
3923 4972 4208 5017 canones
4231 4950 4562 5033 deferunt,

2599 5040 2962 5125 legitimam
2989 5038 3311 5104 examinis
3329 5046 3738 5121 potestatem.
3797 5038 3891 5102 Et
3924 5046 4148 5103 tamen
4185 5048 4565 5121 protestan-

2601 5132 2699 5192 tes
2728 5125 3064 5192 autoritati
3098 5144 3352 5206 quoque
3365 5175 3381 5202 ,
3424 5124 3735 5206 potestati
3771 5123 4227 5207 imperatoriae
4284 5125 4565 5203 inimici,

2598 5212 2884 5290 adversi,
2929 5208 3346 5285 insidiatores
3360 5261 3377 5289 ,
3420 5211 3670 5289 infesti,
3719 5218 3787 5274 et
3827 5209 4146 5292 pontificii
4199 5210 4395 5277 amici
4441 5211 4570 5279 ha—
