4984 5975
2061 319 2717 390 PROLEGOMEN
2718 324 2799 389 A.
4182 328 4441 401 XXIII

409 508 612 591 apae
654 508 1044 591 inmbueris,
1081 472 1167 576 'ut
1209 510 1280 574 in
1325 528 1506 590 opere
1546 509 1658 575 azo
1700 507 1969 575 Domini
2001 507 2347 577 laborantes
2387 510 2591 592 iuves,
2656 512 2848 595 (quoa
2885 511 3175 594 futurum
3218 513 3500 600 confido),
3558 520 3673 581 aut
3724 516 3840 582 aza
3880 524 4160 585 monstra
4203 542 4280 586 ne
4319 522 4439 588 im-

399 620 808 701 pressionem
860 618 1110 703 quidem
1155 622 1444 703 primam
1495 620 1908 701 sustinebunt,
1962 626 2074 686 aut
2114 642 2234 703 quo
2273 624 2672 705 pertinacius
2720 624 3063 689 restiterint
3076 674 3092 705 ,
3148 644 3216 689 eo
3253 624 3682 708 yzoriosiorem
3723 648 3802 693 ex
3844 630 3938 694 eis
3977 632 4304 697 victoriam
4343 654 4439 699 re-

411 732 728 815 portabis.
815 731 993 797 Haec
1042 752 1188 815 spes
1227 754 1305 799 ne
1344 723 1458 799 nos
1496 733 1711 815 fallat,
1755 732 2202 799 Illumissime
2248 732 2558 817 Princeps
2572 785 2589 816 ,
2647 739 2704 798 et
2756 741 2829 800 ut
2868 733 3326 802 Eoecellentiam
3367 740 3541 801 tuam
3579 739 4118 807 sanctissimorum
4158 749 4437 812 votorum

411 843 596 909 brevi
636 848 968 924 compotem
1010 845 1351 925 videamus,
1393 843 1604 910 Deum
1655 843 1791 926 opt.
1833 843 2016 910 Max.
2044 865 2288 930 precor.
2364 844 2667 927 Genevae,
2718 844 2791 909 X
2803 845 2960 912 VII.
3001 845 3249 927 Martii,
3291 846 3482 913 Anno
3516 843 3784 916 Domini
3819 849 3915 916 M.
3960 851 4048 918 D.
4093 853 4436 922 LXXVI.

3190 974 3564 1030 Eaeoeuoouiae
3596 983 3726 1032 tuae
3757 977 4129 1035 &deessemus

3412 1086 3728 1143 Theodorus
3764 1088 3932 1144 Besa.

620 1352 636 1360 -
738 1288 1061 1375 Superest
1113 1298 1190 1357 ut
1245 1292 1460 1358 Besae
1516 1290 1901 1357 methodum
1957 1299 2025 1356 et
2080 1291 2408 1357 rationem
2463 1292 2537 1356 in
2593 1290 2965 1376 digerendis
3016 1299 3414 1360 tractatuum
3472 1295 3788 1363 classibus
3841 1296 3961 1362 tibi
4003 1296 4431 1368 declaremus.
4478 1260 4487 1273 ο

416 1404 614 1470 Duas
654 1423 881 1469 eorum
919 1411 1142 1487 partes
1184 1404 1534 1488 primarias
1569 1403 1914 1469 constituit
1953 1424 2234 1485 quarum
2279 1403 2470 1469 alteri
2511 1402 2584 1466 τὰ
2627 1402 2959 1484 decimano),
3005 1406 3197 1471 alteri
3239 1405 3311 1470 τὰ
3354 1406 3657 1487 ἐλεγκτικά
3701 1406 3952 1474 tribuit.
4041 1408 4236 1474 Prior
4274 1432 4432 1495 pars

419 1522 572 1582 octo
618 1514 850 1582 titulos
894 1515 1375 1601 complectitur,
1428 1535 1621 1598 quos,
1676 1536 1760 1580 ne
1802 1508 2199 1597 prolixiores
2236 1515 2476 1593 simus,
2521 1516 2602 1579 iis
2646 1517 2941 1582 numeris
2984 1517 3222 1601 quibus
3267 1538 3470 1601 supra
3512 1539 3623 1585 eos
3666 1518 4160 1604 insignivimus,
4206 1520 4431 1589 addita

414 1626 906 1711 compendiaria
947 1627 1371 1711 inscriptione
1414 1626 1880 1692 indicabimus:
1947 1625 2068 1693 IV.
2116 1624 2401 1693 Coena.
2489 1627 2574 1692 V.
2626 1627 3087 1711 Epinicion.
3177 1628 3297 1695 VI.
3344 1627 3944 1697 catechismus.
4035 1631 4193 1699 VII.
4236 1632 4427 1699 For-

407 1739 644 1805 mula
686 1749 1403 1805 sacramentorum.
1493 1736 1618 1803 XI.
1662 1738 2163 1804 Exhortatio
2207 1737 2302 1803 ad
2345 1736 2790 1804 Caesarem.
2878 1739 3077 1807 XIX.
3121 1738 3545 1807 scandala.
3615 1740 3955 1808 XXXIX.
3999 1741 4430 1811 Confessio

409 1851 851 1936 gallicana.
959 1848 1178 1932 Quam
1242 1848 1579 1935 praecedit
1632 1848 1785 1915 XL.
1841 1849 2228 1915 Formula
2280 1849 2824 1917 confessionis
2879 1851 3077 1917 fidei
3132 1853 3257 1918 cui
3292 1874 3398 1918 -se
3457 1852 3981 1938 adstringere
4032 1860 4429 1921 tenentur

406 1984 700 2029 omnes
753 1960 1111 2028 studiosi
1164 1961 1545 2046 publicae
1596 1961 1920 2028 scholae
1984 1962 2496 2046 genevensis.
2592 1962 2827 2028 Altera
2879 1963 3082 2030 sectio
3138 1963 3385 2048 scripta
3435 1964 3753 2048 polemica
3806 1965 4102 2031 continet
4143 1987 4429 2050 quorum

413 2096 737 2142 numerus
806 2073 1021 2169 multo
1072 2079 1283 2143 maior
1338 2084 1439 2140 est
1491 2094 1610 2156 pro
1666 2080 1907 2139 natura
1956 2093 2179 2139 rerum
2224 2079 2292 2139 et
2345 2072 2593 2139 saeculi
2645 2073 2826 2141 illius
2879 2074 3168 2160 ingenio.
3255 2076 3443 2143 Haec
3485 2076 3664 2142 Beza
3714 2096 3853 2143 non
3906 2075 4315 2144 incommode
4353 2079 4427 2143 in

417 2193 683 2271 septem
735 2186 977 2253 classes
1032 2181 1382 2251 distribuit.
1482 2183 1784 2266 Quarum
1834 2185 2051 2269 prima
2102 2205 2181 2250 ea
2233 2185 2436 2250 refert
2484 2206 2654 2269 quae
2710 2184 3026 2252 adversus
3078 2187 3382 2270 Papistas
3426 2187 3606 2255 edita
3646 2195 3829 2266 sunt,
3885 2189 4022 2255 scil.
4068 2187 4198 2254 ΠΙ.
4243 2210 4284 2253 a
4297 2188 4341 2254 d
4354 2212 4417 2256 v.

415 2297 923 2366 Sadoletnm.
1011 2296 1207 2363 VIII.
1255 2294 1427 2362 adv.
1465 2296 1861 2380 Pighium.
1950 2294 2078 2362 IX.
2140 2296 2307 2363 adv.
2351 2296 2694 2362 Paulum
2733 2297 2812 2362 P.
2857 2297 2940 2362 R.
3029 2294 3119 2361 X.
3175 2298 3349 2364 adv.
3406 2298 3829 2383 theologos
3870 2300 4417 2371 Parisienses.

410 2408 620 2475 XIII.
690 2410 782 2476 de
835 2408 1252 2492 Reliquiis
1306 2407 1811 2475 Sanctorum.
1919 2407 2076 2473 XV.
2144 2406 2311 2473 adv.
2370 2406 2786 2492 Synodum
2855 2405 3452 2475 Tridentinam.
3561 2409 3754 2474 XV'I.
3812 2409 3982 2475 adv.
4040 2409 4416 2478 Interim.

399 2520 754 2589 XXXIII.
802 2520 967 2588 adv.
1012 2520 1552 2606 versipellem
1589 2519 2130 2587 mediatorem.
2217 2519 2553 2587 XXXIV.
2600 2518 3093 2585 etXXXVHI.
3140 2518 3308 2588 adv.
3354 2520 3870 2587 Balduinum.
3936 2520 4204 2586 XXXL
4241 2521 4417 2589 adv.

407 2633 497 2700 G.
546 2632 640 2699 de
684 2629 1073 2718 Saconay.
1165 2633 1430 2699 XXIX.
1477 2633 1650 2698 adv.
1693 2633 1872 2698 Ant.
1919 2632 2480 2699 Cathalanum.
2571 2627 2882 2698 Secunda
2923 2637 3027 2697 est
3067 2630 3384 2698 adversus
3419 2632 3892 2716 Anabaptistas
3932 2639 3999 2697 et
4038 2631 4418 2705 Libertinos

401 2754 480 2811 et
524 2742 755 2811 habet:
819 2744 874 2809 I.
919 2743 1807 2830 Psychopannychiam
1850 2754 1916 2810 et
1955 2743 2117 2811 XII.
2173 2752 2308 2811 tres
2348 2741 2605 2810 libellos
2655 2743 2797 2809 eius
2850 2744 3223 2828 argumenti
3264 2764 3305 2809 a
3348 2743 3649 2811 Gallesio
3692 2742 3852 2810 olim
3893 2727 4216 2810 inunum
4259 2764 4417 2810 con-

407 2858 624 2923 flatos.
713 2856 942 2922 Tertia
992 2855 1376 2922 inscribitur
1429 2855 1744 2922 adversus
1794 2856 2433 2924 Pseudonicodemos
2487 2861 2554 2920 et
2597 2854 2720 2920 sibi
2762 2855 3080 2922 vindicat:
3146 2854 3237 2922 Π.
3287 2856 3708 2939 Epistolas
3753 2855 3799 2922 d
3819 2877 3964 2922 uas
4003 2854 4100 2920 de
4142 2877 4279 2923 sac
4297 2856 4418 2922 ris

401 2968 863 3054 papisticis.
952 2966 1143 3034 XIV.
1188 2968 1308 3034 De
1352 2966 1720 3034 vitandis
1764 2968 2539 3053 superstitionibus,
2585 2988 2735 3033 cum
2779 2968 2918 3034 suis
2957 2966 3444 3052 appendicibus.
3511 2967 3712 3036 XXI.
3762 2966 4181 3035 Homilias
4222 2990 4418 3052 qua-

405 3091 622 3147 tuor.
709 3071 1016 3147 XXXII.
1070 3078 1751 3146 Confutationem
1803 3079 2229 3147 Hollandi.
2330 3079 2657 3162 Quartam
2706 3080 2965 3164 perficit
3017 3086 3334 3145 tractatus
3388 3100 3565 3146 unus
3612 3079 3841 3146 XVII.
3902 3079 4076 3145 adv.
4121 3081 4415 3147 Astro-

395 3192 728 3276 logiam.
816 3191 925 3258 Ad
970 3191 1271 3275 quintam
1312 3193 1648 3276 pertinent
1688 3191 1932 3275 scripta
1975 3189 2291 3258 adversus
2332 3191 2885 3271 Antitrinitarios,
2931 3209 3199 3275 nempe:
3242 3189 3478 3257 XXII.
3525 3188 3780 3259 Serve
3795 3197 3964 3257 tum
4006 3196 4073 3256 et
4113 3191 4411 3259 XXXV.

406 3303 865 3384 Gentilem,
909 3311 1056 3367 tum
1096 3310 1233 3370 tres
1274 3302 1483 3370 libelli
1523 3302 1860 3369 XXVIII.
1913 3303 2247 3370 XXXVI.
2293 3302 2666 3369 XXXVII.
2710 3301 2809 3368 ad
2847 3302 3193 3368 Polonos
3236 3301 3392 3382 dati,
3437 3303 3674 3386 quibus
3715 3301 3965 3370 accedit
4016 3302 4205 3368 XLI.
4251 3303 4414 3369 Re-

399 3415 743 3501 sponsio
787 3412 885 3481 ad
925 3415 1466 3500 quaestiones
1512 3415 1853 3500 Georgii
1897 3413 2427 3482 Blandratae.
2518 3412 2728 3479 Sexta
2781 3421 3036 3481 constat
3068 3412 3342 3480 duobus
3384 3413 3771 3480 tractatibus
3814 3413 3896 3480 de
3934 3412 4413 3479 Praedesti-

401 3527 743 3592 natione
783 3525 945 3592 XX.
992 3536 1058 3592 et
1099 3527 1329 3594 XXX.
1420 3524 1720 3610 Septima
1761 3524 2039 3611 denique
2082 3525 2541 3610 complectitur
2593 3546 2761 3610 quae
2811 3546 2932 3609 pro
2981 3545 3141 3591 vera
3181 3526 3510 3591 sententia
3552 3523 3633 3591 de
3676 3524 3901 3593 Coena
3941 3523 4215 3590 Domini
4257 3522 4413 3591 oal-

401 3640 603 3705 rinus
660 3637 958 3708 ediderat
1014 3639 1152 3706 scil.
1208 3638 1475 3705 XVIII.
1529 3638 2069 3720 Oonsensum,
2136 3637 2406 3705 XXIII.
2457 3636 2761 3730 §eiusdem
2817 3624 3440 3715 Defensionem;
3505 3637 3771 3703 XXIV.
3829 3644 3898 3702 et
3952 3635 4178 3701 XXV.
4236 3636 4409 3704 adv.

403 3749 1019 3834 Westphalum3
1073 3750 1336 3816 XXVI.
1383 3748 1555 3817 adv.
1601 3751 2122 3831 Heshusium;
2179 3750 2478 3817 XXVII.
2523 3746 3075 3817 Concordiam.

711 3861 821 3927 Ex
865 3862 990 3928 hac
1031 3861 1376 3928 titulorum
1417 3863 1794 3929 recensione
1836 3869 2019 3947 patet
2059 3867 2379 3929 tractatus
2409 3838 2587 3927 xillos
2627 3881 2750 3927 nec
2790 3859 2996 3925 latine
3037 3860 3224 3946 prius
3265 3881 3386 3926 nec
3427 3859 3661 3945 gallice
3706 3857 3932 3936 editos,
3970 3857 4214 3941 ‘quibus
4255 3877 4410 3941 pro-

397 3974 676 4039 miserat
717 3972 848 4038 Vir
888 3973 1294 4048 clarissimus
1335 3974 1784 4041 collectionem
1826 3996 1897 4040 se
1937 3973 2509 4058 locupletatumm,
2552 3993 2626 4038 re
2670 3993 2827 4039 vera
2867 3972 3291 4055 paucissimos
3325 3992 3487 4052 esse,
3531 3977 3616 4050 et,
3662 3970 3802 4036 sive
3834 3968 4229 4053 paginarum
4269 3988 4409 4033 am-

401 4084 619 4150 bitum
663 4085 806 4150 sive
848 4086 1222 4170 argumenti
1266 4087 1657 4171 gravitatem
1700 4086 2094 4170 respexeris,
2139 4085 2256 4151 vix
2299 4084 2532 4170 dignos
2574 4104 2856 4168 quorum
2895 4083 3295 4166 peculiarem
3334 4083 3579 4150 faceret
3619 4080 4036 4146 mentionem.
4124 4078 4260 4146 Sed
4303 4080 4409 4146 his

401 4195 626 4262 missis
669 4195 751 4262 de
793 4195 921 4262 alio
962 4197 1179 4281 potius
1221 4194 1668 4265 additamento
1709 4198 1928 4263 Bezae
1969 4195 2366 4263 industriam
2407 4194 2842 4261 laudabimus.
2932 4193 3120 4260 Scias
3177 4215 3358 4272 eum,
3417 4215 3504 4258 ne
3544 4190 3701 4275 quid
3740 4191 3944 4258 lector
3987 4189 4405 4269 desideraret,
4436 4225 4439 4228 2

393 4308 472 4372 in
512 4310 655 4392 ipso
694 4315 1095 4375 tractatuum
1136 4307 1354 4376 indice
1396 4317 1747 4376 annotasse
1788 4330 1916 4394 quo
1959 4309 2234 4393 quisque
2278 4315 2573 4391 tempore
2615 4315 2686 4373 et
2725 4327 2854 4389 qua
2895 4305 3126 4391 lingua
3165 4307 3247 4373 ab
3288 4306 3430 4388 ipso
3471 4308 3696 4369 autore
3732 4303 4015 4388 scriptus
4056 4303 4160 4369 sit.
4227 4299 4407 4368 Sane

398 4419 529 4486 hoo
576 4418 806 4485 multis
864 4428 1127 4504 gratum
1169 4420 1350 4501 fecit,
1393 4420 1580 4487 nobis
1622 4421 1910 4486 maxime
1951 4420 2140 4486 novis
2186 4417 2573 4498 editoribus,
2616 4418 2732 4501 qui
2771 4417 2868 4483 sic
2909 4419 3076 4483 citra
3117 4436 3380 4482 omnem
3420 4413 3738 4494 laborem,
3784 4435 3949 4498 quae
3991 4412 4405 4495 potissimum

399 4530 648 4597 rescire
700 4538 927 4596 nostra
974 4533 1318 4612 intererat,
1368 4554 1409 4597 a
1459 4539 1599 4598 tam
1647 4530 1779 4597 fido
1831 4538 2002 4598 teste
2056 4530 2327 4596 definita
2367 4528 2557 4596 nobis
2612 4529 2836 4595 offerri
2878 4528 3277 4596 videbamus.
3366 4525 3619 4591 Verum
3662 4546 3818 4592 mox
3832 4576 3850 4605 ,
3907 4545 3980 4590 re
4023 4522 4404 4608 diligentius

393 4642 805 4722 examinata,
855 4664 986 4709 non
1041 4644 1262 4709 omnia
1311 4642 1420 4709 hic
1474 4644 1674 4727 plana
1727 4649 1796 4709 et
1836 4641 2142 4727 expedita
2194 4662 2336 4708 esse
2392 4639 2578 4706 nobis
2632 4642 3093 4723 persuasimus.
3178 4635 3455 4703 Natales
3493 4636 3959 4703 nonnullorum
4005 4640 4431 4701 tractatuum*

395 4754 542 4840 ipse
586 4754 768 4820 Besa
806 4754 1142 4838 ignorasse
1183 4754 1476 4834 videtur,
1533 4776 1738 4839 quum
1779 4755 1886 4821 vel
1929 4752 2186 4818 nullam
2228 4751 2600 4838 (XXXII.)
2652 4752 2763 4817 vel
2806 4752 2965 4818 satis
3005 4752 3436 4833 incongruam
3473 4748 3632 4813 anni
3668 4754 3889 4814 notam
3934 4745 4098 4832 (scil.
4144 4746 4238 4812 M.
4282 4744 4400 4824 D.)

392 4865 728 4932 adscribat
772 4864 999 4950 (XIII.
1044 4866 1364 4952 XXIX.),
1407 4867 1542 4932 imo
1583 4866 1816 4933 falsam
1862 4864 2083 4951 (XVI.
2135 4863 2350 4949 1547.)
2394 4862 2629 4929 saltem
2666 4863 2955 4928 maxime
2989 4859 3253 4926 dubiam
3289 4858 3577 4943 (XXX.)
3623 4866 3739 4926 aut
3769 4858 3989 4923 minus
4030 4861 4399 4923 accuratam

393 4975 755 5062 (XVIIL).
845 4976 950 5043 De
996 4978 1221 5064 lingua
1261 4979 1460 5044 etiam
1504 4999 1580 5044 eo
1624 4980 1764 5062 ipso
1807 4978 1976 5057 loc0,
2030 4997 2158 5060 quo
2209 4975 2394 5041 facile
2438 4973 2675 5040 dubius
2718 4973 2953 5058 aliquis
2993 4973 3264 5038 haerere
3302 4976 3554 5054 posset,
3614 4968 4087 5035 dubitationem
4136 4965 4396 5033 silentio

387 5111 517 5157 mo
559 5090 778 5172 magis
821 5099 1037 5175 auget,
1083 5096 1347 5155 tantum
1390 5091 1575 5157 abest
1611 5098 1691 5155 ut
1732 5089 1946 5156 solvat
1987 5087 2190 5174 (XIV
2191 5087 2257 5169 .).
2346 5085 2537 5168 Quae
2579 5085 2799 5151 omnia
2839 5105 2996 5150 suae
3040 5083 3303 5150 veritati
3359 5080 3634 5148 reddere
3681 5102 3815 5146 non
3858 5077 4054 5145 huius
4109 5077 4235 5142 loci
4278 5080 4394 5141 est.

713 5198 898 5266 Haec
938 5200 1155 5281 editio,
1199 5222 1325 5267 nec
1363 5222 1495 5267 non
1540 5209 1887 5286 sequentes
1929 5201 2233 5267 Bezanae
2276 5218 2506 5264 omnes
2545 5198 2617 5263 in
2658 5204 2889 5262 nostra
2931 5194 3323 5262 bibliotheca
3365 5193 3734 5261 calviniana
3775 5197 4057 5256 exstant.
