4984 5975
543 352 626 413 19
2172 343 2302 409 DE
2344 340 2890 411 GLEMENTIA
4434 346 4517 410 20

545 536 954 621 epexegesin.
1044 533 1238 615 Quod
1282 532 1364 598 ad
1406 553 1732 617 praesens,
1778 533 2012 616 inquit,
2057 539 2372 615 tanquam
2410 532 2482 595 in

429 674 438 683 .
545 643 745 686 manu
789 619 1001 699 datur,
1047 618 1395 686 iucundius
1438 628 1553 685 est.
1641 619 1815 684 Rem
1859 638 2014 702 crgo
2058 626 2303 683 certam
2347 616 2482 682 ele-

549 714 782 791 ganter
822 705 1097 772 dicimus
1140 707 1209 769 in
1252 724 1453 775 manu
1494 704 1791 788 positam,
1836 704 2025 787 quasi
2064 722 2265 767 manu
2307 723 2481 769 com-

546 792 957 877 prehensam.
1045 791 1307 857 Dicitur
1360 797 1427 855 et
1467 790 1536 855 in
1577 789 1904 867 manibus,
1960 796 2028 853 et
2070 788 2154 854 ad
2190 798 2479 868 manum,

547 885 614 942 et
653 896 810 959 prae
831 876 1151 955 manibus,
1197 883 1264 941 et
1283 876 1406 942 sub
1440 895 1660 955 manu,
1706 882 1774 940 et
1805 875 1978 940 inter
2009 895 2261 941 manus.
2329 873 2482 938 Duo

547 970 877 1046 postrema
919 963 1166 1027 rariora
1208 969 1379 1037 sunt,
1424 961 1568 1027 ideo
1611 961 1912 1043 exempla
1944 960 2300 1026 subiiciam.
2359 958 2482 1026 Se-

545 1068 710 1114 neca
757 1046 842 1112 ad
883 1047 1242 1113 Lucilium:
1301 1046 1663 1112 Consilium
1714 1047 1895 1112 nasci
1949 1046 2069 1111 sub
2113 1044 2219 1110 die
2262 1042 2480 1111 debet:

548 1132 672 1199 hoc
728 1154 980 1217 quoque
1033 1133 1295 1198 tardum
1341 1141 1464 1198 est:
1522 1131 1644 1198 sub
1685 1153 1914 1211 manu,
1959 1139 2035 1197 ut
2073 1131 2284 1209 aiunt,
2329 1151 2483 1195 con-

548 1218 765 1284 silium
809 1225 1132 1284 nascatur.
1221 1220 1314 1283 Et
1357 1218 1779 1301 Tranquillus
1831 1218 1901 1282 in
1944 1219 2278 1302 Augusto:
2336 1215 2484 1297 Quo

546 1304 848 1381 celerius,
903 1312 970 1369 et
1022 1305 1143 1370 sub
1186 1325 1388 1369 manu
1432 1304 1820 1368 annunciari
1874 1303 2297 1387 cognoscique
2336 1322 2483 1384 pos-

549 1398 653 1456 set
705 1387 877 1472 quod
932 1392 1002 1454 in
1067 1389 1406 1474 provincia
1460 1410 1712 1473 quaque
1777 1399 2139 1473 gereretur,
2210 1389 2484 1453 invenes

547 1475 761 1559 primo
803 1475 1076 1542 modicis
1118 1475 1483 1541 intervallis
1524 1496 1645 1559 per
1683 1475 1998 1540 militares
2043 1475 2201 1553 vias,
2246 1472 2485 1538 dehinc

548 1560 852 1628 vehicula
894 1560 1224 1645 disposuit.
1315 1561 1653 1647 Vergilius
1695 1560 2024 1625 Aeneidos
2066 1558 2226 1624 XL:

756 1666 984 1719 Caetera
1017 1680 1125 1740 qua
1157 1680 1334 1717 rerum
1370 1665 1582 1717 iaceant
1613 1663 1866 1731 perculsa
1899 1662 2067 1728 ruina,
2157 1714 2174 1723 ,

753 1733 894 1787 Ante
933 1747 1136 1802 cemos,
1171 1733 1414 1800 interque
1450 1747 1638 1785 manus
1674 1739 1801 1785 sunt
1835 1732 2010 1784 omnia
2041 1736 2268 1785 vestras.

550 1818 731 1884 Dicit
773 1840 929 1903 ergo
970 1817 1162 1896 Nero,
1207 1817 1279 1880 in
1319 1816 1492 1881 facili
1526 1814 1649 1880 sibi
1682 1837 1823 1881 esse
1867 1815 2262 1899 locupletare
2298 1834 2491 1898 quos-

547 1904 705 1969 libet
719 1956 734 1981 ,
788 1912 855 1968 et
906 1901 1225 1986 quoslibet
1280 1903 1480 1967 etiam
1530 1901 1811 1966 fortunis
1863 1901 2158 1984 spoliare.
2247 1902 2490 1967 Possu-

548 2011 695 2055 mus
739 1989 941 2054 etiam
981 1987 1403 2071 interpretari
1444 2008 1716 2051 manum
1758 2008 1876 2069 pro
1919 1988 2190 2070 imperio
2235 1993 2350 2056 aut
2385 2007 2489 2051 ar·

551 2076 744 2141 bitrio
761 2125 775 2151 ,
834 2073 1114 2157 qualiter
1168 2071 1328 2137 illud
1394 2093 1433 2137 a
1475 2072 1875 2155 ‘Tranquillo
1934 2073 2181 2138 dictum
2231 2074 2302 2138 in
2323 2114 2340 2131 .
2357 2071 2491 2137 Ne-

550 2180 735 2225 rone:
794 2157 1038 2224 Omnia
1098 2179 1168 2223 se
1225 2157 1523 2223 facienda
1574 2157 1804 2223 fecisse
1820 2211 1835 2237 ,
1891 2158 2008 2225 sed
2049 2168 2359 2226 eventum
2416 2157 2489 2221 in

549 2266 754 2309 manu
800 2266 943 2309 esse
984 2243 1299 2309 fortunae.
1389 2243 1575 2308 Idem
1619 2252 1844 2309 tamen
1886 2245 2012 2310 erit
2054 2265 2305 2310 sensus,

727 2331 893 2411 Quid
915 2331 1132 2412 cuique
1172 2329 1530 2394 nwrtalium
1562 2329 1846 2417 fortuna]
1893 2330 2025 2397 Hic
2068 2331 2517 2396 manifestum-

548 2419 627 2481 fit
669 2416 1028 2513 principem
1067 2415 1235 2480 ‘nihil
1291 2414 1468 2479 aliud
1525 2435 1667 2481 esse
1709 2436 1907 2499 quam
1961 2418 2259 2482 fortunae
2302 2435 2489 2499 orga-

550 2520 739 2567 num:
785 2522 972 2566 culus
1007 2521 1210 2565 manu
1246 2509 1312 2565 et
1344 2501 1711 2566 ministerio
1744 2522 2006 2567 sursum
2028 2502 2332 2568 deorsum
2352 2522 2491 2568 om-

550 2589 660 2652 nia
703 2596 936 2653 versat.
1023 2587 1359 2651 Fortunae
1401 2607 1644 2651 nomen
1683 2608 1802 2671 pro
1848 2587 1966 2653 deo
2008 2589 2240 2671 posuit,
2287 2588 2491 2653 usita-

550 2683 693 2738 tum
736 2673 945 2755 magis
1002 2693 1198 2754 quam
1252 2674 1607 2755 proprium.
1697 2672 1882 2737 Nihil
1926 2675 2101 2738 enim
2149 2674 2490 2738 fortuitum

548 2759 632 2824 iis
671 2758 784 2841 qui
828 2759 1201 2823 necessitati
1249 2759 1469 2822 omnia
1511 2756 1877 2824 subiiciunt.
1969 2759 2062 2824 At
2103 2757 2302 2823 verbo
2344 2779 2491 2841 pro-

550 2841 901 2909 nunciandi
957 2844 1247 2926 apposite
1303 2864 1460 2909 usus
1514 2850 1640 2922 est,
1697 2842 1870 2926 quod
1923 2852 2208 2910 statuere
2260 2858 2326 2908 et
2381 2842 2492 2907 de·

551 2949 819 2997 cernere
862 2928 1188 3013 significat
1229 2948 1377 2994 eum
1414 2929 1525 3011 qui
1567 2928 1764 2995 habet
1804 2928 2335 2996 iurisdictionem.

721 3031 809 3097 Et
859 3038 1066 3097 nostro
1118 3051 1408 3113 responso
1458 3032 1729 3097 laetitiae
1770 3052 1998 3098 causas
2041 3029 2296 3119 popuh]
2344 3032 2492 3099 Hoc

553 3118 972 3184 referendum
1015 3116 1098 3182 ad
1141 3118 1433 3202 gentium
1475 3117 1540 3183 le
1625 3124 1743 3196 tos,
1793 3119 2240 3183 internuncios
2283 3129 2351 3183 et
2392 3120 2492 3184 in-

550 3211 870 3287 terpretes
938 3202 1267 3269 societatis
1322 3224 1532 3269 coeun
1576 3224 1653 3269 ae
1712 3224 1860 3269 cum
1917 3203 2152 3287 populo
2205 3225 2487 3269 romano,

549 3289 709 3356 Fuit
751 3291 928 3358 enim
970 3309 1286 3373 magnum
1329 3288 1494 3354 illud
1536 3289 1885 3374 imperium
1931 3310 2293 3366 romanum,
2337 3311 2491 3355 vere

547 3397 860 3461 magnum
932 3375 1379 3441 latrocinium:
1463 3376 1568 3442 cui
1645 3375 2043 3459 stipendium
2120 3374 2495 3459 pendebant

548 3461 772 3546 populi
820 3460 986 3532 bcllo
1029 3461 1218 3527 subiu
1303 3462 1385 3526 ti:
1436 3469 1504 3527 et
1544 3461 1658 3545 qui
1700 3461 1926 3527 foedus
1968 3460 2302 3526 malebant
2341 3482 2490 3544 per-

551 3557 797 3627 cutere,
851 3568 1090 3631 magno
1133 3568 1205 3613 re
1255 3547 1544 3613 'mebant
1597 3547 2005 3613 ambitiosam
2057 3546 2239 3611 illam
2291 3548 2491 3614 socie-

553 3643 772 3710 tatem,
819 3654 955 3697 non
999 3633 1189 3718 longe
1234 3654 1274 3696 a
1317 3634 1635 3698 servitute
1678 3633 1974 3716 positam.

724 3735 897 3802 Haec
958 3741 1040 3802 tot
1101 3733 1336 3821 millia]
1407 3733 1597 3815 Quod
1656 3743 1756 3801 est
1818 3734 1992 3819 apud
2050 3735 2362 3801 Plautum
2419 3736 2489 3799 in

552 3823 746 3888 aliam
791 3820 1185 3887 sententiam
1201 3872 1215 3898 ,
1263 3820 1599 3886 verissime
1643 3819 1725 3886 de
1777 3821 2169 3904 imperatore
2222 3840 2489 3886 romano

552 3905 910 3991 praedicari
964 3908 1230 3989 poterit:
1269 3906 1317 3989 ¹)
1370 3906 1535 3971 Esse
1590 3906 1835 3973 scilicet
1884 3906 2111 3972 Iovem
2166 3906 2490 3990 quendam

552 4001 906 4068 terrenum,
950 3993 1065 4074 qui
1107 3999 1273 4056 nutu
1317 4012 1436 4056 suo
1471 3992 1792 4057 orientem
1825 4000 1893 4057 et
1924 3991 2324 4059 occidentem
2358 4000 2488 4056 tre-

550 4078 913 4144 mefaceret.
1001 4076 1174 4141 Nam
1218 4083 1296 4139 ut
1338 4078 1429 4140 ait
1472 4075 1749 4144 Ovidius
1789 4077 2142 4144 Fastorum
2183 4077 2302 4142 11.:

813 4177 931 4232 Hoc
967 4177 1102 4233 duce
1137 4194 1414 4233 romanum
1450 4186 1535 4234 est
1570 4179 1700 4234 solis
1735 4187 2015 4249 utrumque
2052 4180 2213 4249 latae,

553 4274 619 4334 et
662 4255 842 4330 alibi:

463 4357 470 4370 '
795 4355 1398 4434 ‘-R0manae·spatium
1434 4375 1520 4422 est
1554 4368 1701 4422 urbis
1733 4372 1791 4421 et
1824 4367 1969 4422 orbis
2002 4366 2157 4421 idem.

550 4451 979 4521 Observanda
1033 4460 1135 4517 est
1189 4450 1538 4535 dispositio.
1637 4452 1942 4522 Primum
1996 4452 2117 4517 sibi
2157 4471 2304 4517 arro
2390 4454 2490 4518 vit

546 4540 649 4628 ius
682 4538 752 4603 in
788 4540 1079 4620 privatas
1123 4538 1418 4603 omnium
1452 4536 1812 4616 facultates,
1854 4540 2002 4617 [pag.
2040 4542 2110 4616 8]
2144 4536 2295 4602 dein
2342 4559 2377 4603 e
2416 4539 2486 4603 in

548 4625 845 4692 civitates
899 4630 966 4688 et
1018 4623 1322 4706 populos3
1391 4646 1565 4688 nunc
1621 4621 1958 4692 descendit
2008 4622 2092 4687 ad
2148 4644 2488 4689 enumera-

546 4712 787 4778 tionem
846 4710 1206 4792 specierum
1223 4760 1237 4786 ,
1296 4709 1616 4792 quomodo
1673 4729 1790 4775 suo
1844 4729 2156 4791 responso
2189 4703 2488 4775 'laetitiae

549 4816 778 4863 causas
820 4794 1043 4878 populi
1086 4795 1407 4878 urbesque
1447 4796 1827 4879 concipiant.

719 4897 832 4963 Aa
869 4903 1092 4963 nutum
1138 4918 1341 4963 meum
1382 4894 1789 4984 strinyentur]
1834 4895 2222 4980 Ἐμφατιιῶς
2264 4898 2485 4982 posuit

547 4990 812 5062 nutum,
868 5001 1074 5067 quum
1124 4983 1282 5049 satis
1337 4992 1507 5049 esset
1559 4984 1816 5049 iussum
1865 4981 2096 5048 dicere.
2186 4980 2322 5048 Sed
2365 4982 2486 5047 hoc

687 5257 747 5321 1)
787 5254 937 5311 Edd.
969 5257 1321 5313 recentiores.-
1355 5263 1586 5324 poterat.

2585 530 2959 613 expressius
3015 531 3140 595 fuit
3154 582 3171 609 ,
3231 532 3499 615 perinde
3543 552 3619 598 ao
3669 533 3727 600 si
3767 535 3985 599 omnia
4038 553 4263 600 secum
4304 531 4527 597 trahat

2583 618 2902 701 princepe,
2947 637 3022 683 ac
3064 623 3231 682 nutu
3256 619 3305 701 ¹)
3350 638 3471 683 suo
3513 620 3855 685 concutiat.
3944 619 4307 704 Vergilius:

2822 717 3040 788 Annuit,
3076 726 3133 772 et
3162 734 3412 787 magnum
3445 727 3579 776 nutu
3612 720 3913 776 tremefecit
3944 720 4240 791 Olympum.

2587 803 2854 870 Curtius
2893 803 2999 869 lib.
3045 803 3204 869 III.:
3261 805 3522 889 Agmen
3565 806 4001 872 Macedonum
4054 809 4383 872 intentum
4441 806 4525 873 ad

2588 888 2769 956 ducis
2811 910 2945 955 non
2989 889 3250 973 signum
3291 889 3510 970 modo,
3555 890 3667 956 sed
3714 892 3911 957 etiam
3956 903 4208 958 nutum.
4297 891 4525 958 Cicero

2587 974 2695 1041 lib.
2751 975 2802 1040 I.
2851 974 3061 1059 Epist.
3131 974 3213 1040 ad
3279 973 3603 1057 Quintum
3667 977 3964 1043 fratrem:
4035 979 4162 1043 Tot
4225 978 4524 1044 civitates

2586 1061 2785 1126 unius
2827 1060 3112 1125 hominis
3150 1068 3387 1125 nutum
3427 1062 3787 1128 intuentur.

2767 1146 2938 1228 Quas
3002 1145 3446 1233 transponam]
3517 1147 3677 1212 Fuit
3716 1149 3918 1225 ‚enim
3990 1148 4192 1214 moris
4256 1151 4526 1234 antiqui,

2588 1237 2820 1315 gentes
2862 1231 3033 1297 bello
3076 1232 3379 1309 devictas,
3424 1254 3589 1316 quae
3634 1232 3758 1299 loci
3800 1236 4288 1318 opportunitate
4321 1256 4528 1303 novos

2590 1317 2857 1400 spiritus
2906 1316 3133 1410 tollere
3190 1326 3456 1401 possent
3473 1369 3488 1396 ,
3552 1318 3678 1383 alio
3721 1319 4093 1385 transferre.
4182 1320 4270 1386 In
4309 1322 4529 1387 Pane-

2681 1404 2814 1469 rico
2865 1403 3251 1467 Maximiani
3306 1410 3373 1468 et
3425 1403 3870 1470 Constantini:
3940 1406 4043 1470 Tu
4096 1407 4528 1474 ferocissimos

2668 1488 3026 1554 auritaniae
3077 1488 3350 1572 populos
3404 1490 3749 1556 inaccessis
3819 1493 4135 1556 montium
4192 1493 4392 1577 iugis,
4458 1501 4530 1559 et

2593 1573 2880 1639 naturali
2935 1575 3323 1639 munitione.
3360 1573 3636 1640 fidentes
3703 1578 4093 1661 expugnasti
4113 1630 4127 1656 ,
4204 1578 4527 1663 recepisti,

2594 1659 3003 1727 transtulisti.
3094 1659 3328 1725 Livius
3371 1659 3480 1726 lib.
3528 1660 3752 1725 VIII.:
3799 1661 3883 1727 In
3926 1662 4305 1728 Veliternos
4347 1672 4531 1730 vete-

2593 1766 2699 1810 res
2752 1746 2928 1812 cives
2981 1766 3311 1824 romanos,
3365 1745 3539 1829 quod
3583 1747 3774 1812 toties
3817 1747 4270 1830 rebellassent,
4432 1751 4532 1816 vi-

2593 1840 2697 1896 ter
2739 1831 3093 1910 saevitum,
3149 1840 3216 1895 et
3255 1831 3431 1895 muri
3474 1831 3740 1911 deiecti,
3796 1840 3863 1896 et
3912 1841 4178 1900 senatus
4220 1835 4293 1900 in
4338 1857 4374 1900 e
4415 1836 4531 1901 ab·

2595 1914 2857 1995 ductuS,
2920 1917 3208 2000 iussique
3268 1925 3450 1983 trans
3506 1918 3795 1984 Tiberim
3860 1918 4183 1985 habitare:
4269 1929 4342 1986 ut
4391 1922 4533 1988 eius

2594 2003 2707 2085 qui
2750 2001 2843 2067 cis
2887 2002 3173 2068 Tiberim
3231 2001 3676 2085 deprehensus
3729 2011 3926 2082 esset,
3982 2026 4191 2088 usque
4228 2005 4313 2071 ad
4352 2007 4535 2072 mille

2594 2108 2920 2170 passuum,
2966 2086 3181 2171 pondo
3226 2087 3562 2172 clarigatio
3618 2096 3805 2153 esset.
3894 2090 4094 2155 Item:
4151 2091 4257 2157 De
4300 2100 4533 2159 senatu

2595 2173 2984 2239 Privernate
3040 2173 3135 2237 ita
3192 2171 3522 2239 decretum
3536 2224 3553 2251 ,
3621 2181 3697 2238 ut
3748 2175 3861 2256 qui
3912 2184 4172 2242 senator
4224 2177 4533 2244 Priverni

2593 2267 2741 2342 post
2783 2257 3209 2325 defectionem
3253 2260 3334 2323 ab
3377 2259 3693 2325 Romanis
3734 2260 4085 2327 mansisset
4117 2270 4302 2329 trans
4337 2265 4530 2330 Tibe-

2595 2345 2749 2422 rim,
2807 2365 3011 2427 eaque
3060 2344 3208 2442 lege
3295 2364 3381 2408 ua
3433 2344 3785 2423 Veliterni,
3845 2345 4186 2413 habitaret.
4278 2348 4531 2414 Tradu-

2594 2451 2742 2495 cere
2786 2429 2955 2493 dixit
2997 2430 3172 2495 alibi.
3241 2365 3433 2511 &uod
3468 2431 3729 2509 bonum,
3767 2431 3943 2510 felix,
3986 2435 4400 2518 faustumque
4444 2436 4533 2500 sit

2594 2515 2833 2600 populo
2876 2534 3146 2580 romano
3188 2537 3262 2581 ac
3304 2515 3495 2594 mihi,
3540 2517 3850 2600 vobisque
3893 2518 4162 2599 Albani,
4216 2520 4533 2604 populum

2595 2621 2857 2665 omnem
2910 2601 3242 2667 Albanum
3296 2601 3577 2665 Romam
3634 2601 3973 2669 traducere
4025 2603 4097 2668 in
4153 2607 4368 2671 animo
4409 2614 4529 2672 est.

2596 2687 2779 2752 Post:
2848 2686 3036 2749 Inter
3090 2687 3250 2751 haec
3292 2687 3426 2750 iam
3469 2688 3807 2770 praemissi
3851 2691 4097 2773 equites
4140 2701 4355 2772 erant,
4420 2693 4532 2775 qui

2595 2770 3087 2836 multitudinem
3167 2772 3451 2837 Romam
3517 2771 3946 2840 traducerent.
4056 2776 4413 2860 Reperitur
4462 2786 4533 2842 et

2598 2856 2720 2922 hoc
2774 2855 3047 2922 verbum
3102 2877 3221 2940 pro
3279 2857 3646 2940 deportare,
3704 2859 3817 2924 sed
3868 2882 4046 2939 raro,
4107 2863 4306 2928 semel
4362 2863 4531 2929 dun-

2598 2950 2784 3008 taxat
2832 2943 3102 3007 memini
3156 2964 3263 3009 me
3326 2943 3541 3029 legere
3597 2945 3769 3028 apud
3831 2943 4223 3014 Suetonium
4275 2950 4345 3016 in
4391 2950 4531 3015 Au·

2598 3037 2816 3114 gusto:
2876 3028 3238 3113 Agrippam
3279 3030 3488 3095 nihilo
3529 3032 4060 3111 tractabiliorem,
4105 3035 4236 3099 imo
4278 3036 4348 3100 in
4393 3034 4531 3102 dies

2596 3114 3036 3192 amentiorem,
3080 3116 3150 3179 in
3194 3116 3480 3181 insulam
3518 3127 3701 3182 trans
3787 3120 4001 3185 rtavit.

2775 3201 2940 3282 Quos
2988 3221 3162 3284 reyes
3212 3203 3530 3284 maiwipia
3578 3202 3721 3284 fiert
3807 3205 4215 3288 Mancipium
4272 3204 4353 3271 ad
4396 3207 4533 3290 epi-

2596 3286 2801 3365 tasin;
2846 3286 2994 3369 plus
3037 3287 3214 3351 enim
3255 3288 3566 3370 exprimit
3607 3308 3801 3369 quam
3847 3292 3901 3355 si
3947 3290 4234 3368 dixisset,
4281 3313 4317 3357 e
4354 3313 4532 3357 sum-

2595 3393 2703 3437 mo
2759 3372 3019 3456 fastigio
3073 3372 3419 3438 deturbare
3462 3373 3544 3438 ad
3594 3373 4031 3440 humillimam
4075 3377 4530 3444 conditionem.

2596 3457 2772 3524 Sunt
2814 3458 2989 3522 enim
3032 3458 3219 3541 quasi
3261 3480 3344 3523 ex
3389 3458 3702 3524 diametro
3738 3462 4048 3544 opposita,
4094 3483 4214 3527 rex
4249 3473 4315 3528 et
4348 3484 4535 3528 man-

2595 3544 2865 3627 cipium:
2913 3543 3076 3608 alter
3118 3545 3418 3610 omnibus
3460 3545 3753 3628 imperat,
3800 3546 3967 3612 alter
4008 3548 4079 3612 in
4119 3548 4351 3615 infima
4392 3570 4534 3615 ser-

2595 3630 2805 3695 vitute
2846 3630 3096 3711 positus
3141 3638 3255 3695 est.

2773 3715 3050 3796 Quorum
3104 3716 3298 3796 capiti
3344 3717 3584 3800 reyium
3635 3717 4014 3783 circumdari
4068 3718 4281 3806 decus]
4343 3722 4537 3786 Peri-

2593 3800 2850 3883 phrasis
2897 3808 2998 3866 est
3041 3799 3450 3880 diadematis,
3512 3822 3641 3885 qua
3682 3823 3842 3868 usus
3887 3811 3985 3869 est
4036 3806 4234 3870 etiam
4279 3803 4538 3873 Seneca

2593 3887 2667 3950 in
2709 3885 2998 3952 Hercule
3040 3887 3330 3952 furente:

3205 3989 3327 4043 Vidi
3361 3991 3564 4059 regium
3600 3990 3763 4059 capiti
3797 3990 3961 4046 decus

3002 4055 3132 4111 Cum
3169 4059 3342 4127 capite
3379 4066 3609 4128 raptum.

2593 4142 2782 4208 Idem
2823 4144 2895 4207 in
2936 4142 3260 4227 Thyeste:

3238 4244 3461 4315 Regium
3497 4247 3658 4315 capiti
3693 4247 3856 4303 decus

3002 4314 3094 4368 Bis
3129 4321 3316 4383 terque
3353 4315 3562 4383 lapsum
3597 4323 3696 4368 est.

2592 4398 2916 4466 Diadema
2979 4400 3155 4464 enim
3232 4420 3460 4484 regum
3524 4400 3784 4484 insigne
3848 4402 4048 4468 fuisse
4113 4414 4342 4470 notum
4408 4415 4530 4473 est.

2593 4487 2826 4552 Fascia
2865 4493 3006 4551 erat
3047 4487 3399 4570 variegata,
3445 4507 3484 4549 a
3526 4485 3723 4552 verbo
3757 4506 3985 4571 graeco
4031 4487 4247 4553 διαδέω
4290 4511 4556 4559 nomen=

2594 4571 2972 4651 deductum,
3043 4569 3211 4654 quod
3283 4570 3613 4655 significat
3674 4572 4067 4674 circumligO.
4170 4577 4534 4643 Diversum

2592 4657 2794 4722 fuisse
2850 4679 2890 4721 a
2947 4677 3183 4723 corona
3234 4655 3516 4722 ostendit
3558 4656 3786 4723 Cicero
3823 4658 4108 4744 Phihpp.
4157 4661 4269 4742 11„
4323 4683 4535 4747 quum

2593 4742 2817 4808 scribit
2858 4744 3219 4808 Antonium
3262 4741 3595 4808 consulem
3640 4742 3938 4809 diadema
3978 4755 4045 4810 et
4086 4767 4123 4810 r
4254 4769 4368 4812 um
4414 4748 4531 4814 ob-

2592 4828 2819 4894 tulisse
2876 4826 3145 4893 Caesari
3203 4834 3525 4893 coronato.
3616 4827 3709 4894 Et
3752 4828 4059 4897 Valerius
4114 4832 4161 4896 li
4208 4883 4222 4897 .
4269 4833 4386 4898 VI.
4445 4832 4532 4899 de

2590 4914 2932 4997 Pompeio:
2978 4910 3104 4977 Oui
3134 4910 3411 4978 candida
3442 4913 3639 4979 fascia
3673 4935 3822 4982 crus
3854 4915 4195 5001 alligatum
4240 4919 4529 5000 habenti,

2592 5185 2786 5311 moja)
2824 5184 2936 5241 Ea.
2979 5186 3236 5255 princeps
3277 5186 3460 5243 habot:
3514 5175 3694 5259 motu,
3750 5205 3819 5245 σε
3862 5190 4153 5258 manifesto
4196 5191 4535 5262 manupae·
