4984 5975
597 344 845 413 XXIV
1771 340 2315 411 TRAOTAOEUS
2358 340 2950 410 THEOLOGIOI
2991 340 3438 410 MINORES.

2557 737 2640 803 V.

1846 905 2351 974 EDITIONES
2398 908 2813 974 LATINAE
2858 908 3350 974 ITERATAE.

909 1098 1124 1164 Bezae
1166 1095 1462 1162 collectio
1503 1096 1713 1161 latina
1752 1094 1904 1179 plus
1947 1096 2150 1162 semel
2193 1104 2342 1179 post
2378 1097 2626 1179 primas
2669 1096 2937 1162 editoris
2995 1118 3187 1163 curas
3225 1097 3407 1180 prelo
3450 1096 3739 1163 subiecta
3781 1103 3886 1164 est
3926 1096 4170 1183 absque
4214 1098 4396 1164 omni
4435 1100 4622 1166 viro·
4731 1173 4740 1178 ,

602 1232 754 1277 rum
793 1210 1132 1277 doctorum
1173 1208 1647 1292 recognitione,
1712 1207 1811 1271 ita
1864 1213 1940 1271 ut
1991 1205 2482 1274 emendationes
2525 1210 2774 1291 pariter
2821 1230 2897 1275 ac
2939 1208 3182 1274 menda
3222 1209 3462 1288 omnia,
3516 1228 3940 1294 quaecunque
3983 1209 4150 1276 citra
4192 1210 4616 1278 autoritatem

600 1321 963 1389 editionum
997 1320 1369 1403 principum
1411 1326 1479 1384 et
1520 1317 2052 1384 authenticarum
2094 1318 2164 1383 in
2208 1327 2467 1384 textum
2512 1340 2682 1385 anno
2730 1324 2892 1384 1576
2939 1319 3324 1404 evulgatum
3378 1321 3804 1418 irrepserant,
3859 1320 3932 1386 in
3986 1321 4411 1405 sequentibus
4468 1343 4612 1388 ser-

595 1441 757 1501 vata
798 1433 949 1499 sint.
1037 1431 1389 1497 Pertinent
1412 1417 1563 1496 huc

1906 1620 1954 1674 1.
2020 1617 2271 1673 EDITIO
2307 1617 2903 1702 SANTANDREANA
2938 1619 3290 1675 SECUNDA.

905 1757 1290 1826 IoANle
1329 1759 1340 1841 ι
1380 1744 1886 1829 GALVINI
1940 1743 1952 1847 Ι
2008 1754 2558 1824 TRAomA'nvs
2618 1755 2936 1839 'mmo-1
2961 1755 3293 1822 Loe101
3347 1754 3699 1835 oms,
3757 1757 3859 1822 IN
3910 1757 3919 1840 ι
3969 1765 4185 1822 vnvm
4249 1767 4616 1824 votvmm

597 1882 856 1940 OERTIS
892 1871 904 1959 Ι
942 1868 1257 1938 classibus
1299 1869 1616 1954 congesti:
1662 1868 1670 1954 Ι
1717 1867 1969 1950 QVOR
1984 1867 2129 1932 VM
2160 1867 2393 1950 ALIQ
2408 1868 2516 1933 VI
2551 1868 2743 1934 NEC
2781 1868 2906 1933 LA
2917 1867 3023 1933 ΤΙ
3019 1866 3159 1933 ΝΕ
3188 1868 3198 1952 Ι
3235 1888 3343 1933 nec
3388 1867 3631 1934 Gallice
3662 1868 3857 1949 prius
3897 1868 4050 1933 editi
4088 1869 4360 1951 fuenmt.
4398 1869 4412 1955 1
4449 1871 4613 1936 AL-

601 1985 853 2052 TERA
893 1980 1239 2060 EDITIO,
1284 1978 1938 2058 EMENDATIOR,
1999 1978 2162 2046 CVI
2213 1980 2223 2066 Ι
2271 1989 2791 2045 ACCESSERVNT
2833 1989 3166 2045 EIVSDEM
3210 1989 3510 2044 CALVINI
3551 1988 3634 2044 IN
3679 1987 3688 2054 Ι
3739 1979 3940 2046 libros
3984 1978 4277 2046 Senecae
4332 1979 4416 2046 de
4455 1979 4611 2047 Ole-
4679 2027 4686 2038 .

597 2096 847 2162 mentia
898 2093 908 2181 Ι
957 2092 1448 2160 Commentarii.
1491 2090 1500 2176 Ι
1541 2098 1896 2165 (mama.)
1986 2090 2518 2176 GENEVAE,1
2554 2077 2822 2191 Apud
2867 2079 3232 2162 Petrum
3273 2078 4029 2162 Santandreanum.
4087 2084 4099 2189 1
4153 2102 4229 2156 Μ.
4275 2100 4342 2155 n.
4390 2100 4612 2158 xcvn.

911 2206 1157 2271 Forma
1198 2202 1519 2282 maxima,
1565 2203 1708 2287 typi
1748 2203 1972 2268 minus
2016 2201 2326 2286 grandes,
2371 2209 2596 2268 textus
2638 2202 2810 2268 binis
2853 2202 3175 2268 columnis
3218 2202 3603 2285 exscriptus.
3691 2200 4038 2268 Emblema
4079 2200 4256 2268 idem
4297 2209 4492 2286 atque
4535 2203 4613 2268 in

596 2318 812 2403 prima
853 2316 1138 2382 editione
1183 2314 1299 2381 sed
1343 2315 1576 2397 figuris
1619 2313 1983 2380 minoribus
2027 2334 2411 2396 expressum
2453 2321 2523 2379 et
2565 2313 2711 2379 aliis
2759 2314 3162 2380 ornamentis
3215 2313 3712 2381 circumdatum.
3801 2312 4076 2379 Accedit
4117 2314 4318 2380 etiam
4361 2335 4614 2382 novum

597 2429 933 2514 adagium:
980 2427 1430 2496 VERI'JJATI
1473 2425 1781 2494 OMNIA
1819 2423 2214 2491 OEDVNT.
2304 2425 2547 2490 Ternio
2597 2424 3082 2509 praeliminaris
3133 2432 3396 2509 praeter
3437 2424 3705 2490 titulum
3755 2424 3958 2489 habet
3996 2424 4211 2490 Bezae
4256 2424 4615 2493 dedicatio-

596 2560 753 2606 nem
806 2548 874 2606 et
924 2539 1223 2606 Iudicem
1276 2541 1722 2606 Tractatuum.
1812 2535 2072 2620 Corpus
2127 2536 2282 2600 libri
2331 2534 2691 2602 absolvitur
2745 2536 3153 2601 ternionibus
3212 2536 3544 2619 octoginta
3600 2540 3880 2618 quatuor
3935 2535 4199 2618 (A--Z3
4253 2536 4612 2618 AA—zz3

596 2652 1032 2732 AAa—-ZZa3
1077 2649 1611 2733 AAaa—PPpp)
1655 2667 1933 2733 quorum
1973 2646 2248 2711 ultimus
2291 2666 2423 2711 non
2464 2647 2724 2731 integer
2767 2655 2886 2726 est,
2933 2646 3191 2730 paginis
3241 2649 3424 2711 1003.

905 2761 1385 2829 commentarii
1425 2761 1500 2824 in
1544 2758 1899 2836 Senecam,
1954 2763 2031 2822 ut
2085 2757 2158 2840 in
2200 2756 2419 2840 priore
2473 2756 2757 2822 editione
2771 2809 2785 2835 ‚
2849 2755 3094 2822 habent
3146 2777 3338 2821 suum
3395 2758 3737 2839 proprium
3791 2756 4091 2838 titulum,
4146 2766 4409 2842 praeter
4452 2760 4614 2824 anni

596 2883 825 2941 notam
867 2879 937 2938 et
976 2873 1302 2938 minorem
1346 2870 1755 2936 emblematis
1797 2868 2074 2933 formam
2117 2869 2178 2933 ei
2221 2867 2634 2933 simillimum
2690 2889 2888 2951 quem
2937 2869 3073 2932 iam
3125 2867 3608 2952 descripsimus.
3699 2870 3952 2934 'sextus
4010 2869 4373 2936 absolvitur
4415 2871 4614 2953 quin-

597 3009 725 3072 que
766 2984 1173 3053 ternionibus
1216 2991 1286 3050 et
1326 3004 1460 3049 uno
1504 2980 1933 3066 quaternione
1976 2978 2189 3065 (ει-ι)
2231 2979 2492 3064 paginis
2540 2984 2639 3045 75.

2171 3176 2239 3232 II.
2307 3176 2562 3232 EDITIO
2595 3175 3026 3233 STOERIANA.

909 3318 1114 3384 Tituli
1156 3320 1354 3385 facies
1386 3318 1582 3400 plane
1623 3314 1854 3382 eadem
1888 3335 1963 3381 ac
2002 3314 2473 3398 praecedentis,
2516 3315 2613 3381 ita
2647 3321 2724 3380 ut
2757 3315 3155 3381 verbotenus
3188 3337 3340 3381 eum
3373 3315 3618 3381 iterum
3652 3315 4007 3400 depingere
4039 3336 4612 3399 supervacaneum

600 3433 937 3499 ducamus.
1004 3430 1230 3496 Tertia
1267 3436 1491 3496 tamen
1533 3427 1730 3494 editio
1774 3426 2014 3494 dicitur
2053 3433 2121 3492 et
2159 3425 2445 3492 indicem
2487 3427 2827 3511 promittit.
2905 3425 3166 3492 Prodiit
3198 3427 3515 3493 Genavae
3557 3448 3644 3492 ex
3683 3426 4124 3512 typographia
4155 3427 4381 3494 Iacchi
4411 3427 4614 3496 Stoer

602 3541 935 3622 MDOXI,
979 3544 1192 3607 forma
1229 3541 1521 3606 maxima
1561 3545 1640 3604 ιιι
1681 3546 1995 3605 caeterae.
2038 3538 2390 3607 Emblema
2430 3540 2729 3607 officinae
2774 3559 2858 3605 ex
2890 3539 3018 3622 Ep.
3042 3538 3096 3603 I.
3144 3536 3228 3605 ad
3262 3537 3643 3611 Corinthios
3687 3538 3770 3622 (c.
3810 3542 3867 3604 3.
3907 3560 3971 3603 v,
4010 3541 4080 3622 7)
4123 3539 4407 3620 petitum
4437 3539 4613 3607 illud

603 3656 825 3740 ipsum
867 3662 970 3720 est
1013 3674 1138 3737 quo
1192 3652 1347 3717 olim
1396 3672 1557 3717 usus
1608 3651 1825 3717 fuerat
1867 3650 2156 3716 Thomas
2199 3648 2562 3731 Oourteau,
2622 3655 2688 3714 et
2731 3650 2904 3734 quod
2954 3650 3415 3735 descripsimus
3466 3651 3539 3715 in
3590 3647 4069 3735 prolegomenis
4103 3651 4253 3716 Vol.
4289 3651 4418 3717 111.
4453 3671 4610 3738 pag.

598 3766 863 3832 XLIII.
950 3766 1112 3831 Post
1166 3764 1532 3829 ternionem
1582 3762 2115 3847 praeliminarem
2169 3760 2263 3847 (⁴³)
2316 3761 2597 3827 habetur
2637 3760 2853 3827 Index
2906 3783 3131 3828 rerum
3187 3769 3469 3847 quatuor
3509 3762 3683 3828 foliis
3735 3760 4069 3828 absolutus
4125 3760 4271 3847 θ’).
4363 3763 4613 3829 Textui

598 3877 729 3960 ipsi
768 3877 1147 3942 tribuuntur
1184 3876 1517 3940 terniones
1560 3874 1979 3958 septuaginta
2019 3873 2149 3939 duo
2193 3873 2458 3957 (A-23
2502 3873 2812 3953 Aa—Zz;
2855 3874 3241 3955 Aaa—Z223
3287 3873 3774 3964 Aaaa—Occc),
3819 3872 4098 3956 paginae
4142 3878 4269 3938 864
4309 3875 4382 3939 ιιι
4416 3874 4612 3941 binas

600 3988 938 4056 columnas
980 3986 1246 4054 divisae.
1335 3986 1564 4051 Etiam
1606 3985 1714 4050 hic
1754 3985 2205 4050 commentarii
2249 3985 2322 4050 in
2360 3983 2683 4053 Senecam
2727 3985 3106 4069 appendicis
3146 3986 3287 4051 loco
3330 3985 3614 4051 veniunt
3655 3984 3847 4050 titulo
3893 3984 4158 4067 speciali
4190 3985 4424 4063 ornati,
4467 3991 4612 4050 ter-

600 4096 911 4164 nionibus
952 4099 1235 4181 quinque
1279 4120 1428 4164 cum
1472 4094 1755 4163 dimidio
1784 4095 1995 4181 (ει-ι)
2038 4097 2296 4181 paginis
2337 4099 2437 4161 66.

911 4207 1205 4273 Exstant
1245 4209 1444 4274 huius
1488 4207 1795 4274 editionis
1838 4206 2240 4291 exemplaria
2280 4207 2492 4289 quoad
2537 4208 2806 4273 titulum
2843 4209 3145 4292 primum
3187 4207 3456 4273 variata.
3546 4207 3700 4289 Ipse
3754 4207 3934 4272 enim
3987 4203 4287 4274 Stoerius
4344 4208 4616 4292 quibus-

602 4321 757 4387 dam
812 4319 972 4385 anni
1026 4316 1119 4383 M.
1167 4318 1309 4385 Do.
1353 4319 1515 4385 XII.
1556 4326 1797 4384 notam
1853 4320 2186 4403 praefixit,
2246 4317 2439 4383 simul
2495 4318 2862 4386 Iudicem
2929 4339 3204 4384 rerum
3267 4318 3897 4402 praecipuorum
3962 4318 4619 4401 copiosissimum

603 4431 903 4515 longiore
946 4426 1227 4496 formula
1267 4430 1341 4494 in
1382 4431 1525 4514 ipsa
1564 4428 1721 4494 libri
1761 4430 1975 4495 fronte
2016 4429 2380 4514 pollicetur,
2425 4451 2617 4513 quem
2659 4437 2856 4497 antea
2897 4430 3286 4514 simpliciter
3325 4430 3684 4496 Iudicem
3737 4429 4010 4495 dixerat.
4098 4429 4286 4498 Alias
4342 4433 4618 4498 omnino

598 4542 769 4608 nihil
811 4541 887 4607 in
931 4549 1066 4607 toto
1108 4562 1302 4625 opere
1345 4544 1501 4608 novi
1545 4541 2012 4625 deprehendes.
2100 4541 2344 4633 Paucis
2386 4543 2582 4608 annis
2623 4550 2853 4627 postea
2895 4540 3227 4608 triumviri
3268 4540 3555 4608 Ioannes
3597 4541 3887 4625 Vignon‚
3933 4541 4177 4607 Petrus
4221 4549 4292 4607 et
4332 4542 4617 4610 Iacobus

601 4652 862 4720 Ohouet
904 4676 1106 4738 quum
1151 4651 1447 4737 Operum
1493 4651 1755 4720 Oalvini
1795 4654 2087 4719 omnium
2126 4672 2360 4737 corpus
2403 4653 2896 4731 meditarentur,
2940 4651 3066 4720 hoc
3110 4654 3539 4719 Tractatuum
3582 4652 3891 4720 volumen
3934 4651 4149 4718 eidem
4190 4652 4619 4737 inserendum

599 4785 738 4831 non
776 4765 989 4832 denuo
1030 4764 1214 4848 prelo
1257 4764 1688 4845 subiecerunt,
1734 4766 1851 4833 sed
1895 4764 2243 4832 Stoeriana
2285 4764 2712 4847 exemplaria,
2771 4765 3073 4848 quamvis
3124 4764 3301 4849 typis
3359 4763 3722 4829 minoribus
3765 4770 3833 4828 et
3875 4763 4215 4832 vilioribus
4261 4785 4506 4830 excusa
4549 4773 4620 4829 et

602 4877 880 4943 caeteris
933 4876 1127 4941 tomis
1182 4896 1421 4959 parum
1475 4875 1742 4957 similia,
1808 4877 2192 4961 simpliciter
2243 4896 2363 4942 sua
2414 4876 2712 4941 fecerunt
2760 4884 2828 4940 et
2876 4895 2997 4958 pro
3051 4875 3241 4942 novis
3294 4873 3753 4941 vendiderunt.
3843 4873 4144 4956 Quorum
4196 4874 4430 4940 titulus
4481 4882 4617 4940 est:

602 4985 1010 5053 Iohannis
1053 4987 1379 5054 Calvini
1424 5007 1764 5070 operum
1818 4989 2173 5053 omnium
2227 4986 2881 5070 theologicorum
2935 4992 3200 5052 tomus
3254 4987 3661 5070 septimus
3718 4987 4160 5052 continens
4214 4991 4623 5054 tractatus

602 5097 1118 5183 theologicos
1161 5120 1431 5165 omnes
1471 5099 1551 5163 in
1595 5120 1834 5163 unum
1868 5100 2248 5167 ¹volumen
2304 5100 2563 5165 certis
2621 5097 3039 5164 classibus
3093 5103 3529 5182 congestos
3586 5103 3775 5163 caett.
3863 5098 4305 5164 Postrema
4357 5098 4620 5165 editio

600 5215 793 5277 caett.
852 5209 1284 5278 MDOXVII.
1372 5210 1720 5278 Emblema
1783 5211 2082 5279 officinae
2147 5221 2251 5278 est
2315 5209 2603 5277 anchora
2663 5230 2810 5275 cum
2879 5215 3185 5293 serpente
3246 5229 3449 5294 quam
3512 5208 3683 5276 duae
3743 5229 3980 5277 manus
4036 5210 4366 5277 sustinent
4416 5231 4632 5294 supra.
