4984 5975
1676 1576 1784 1674 L.
1861 1576 2437 1678 ANNAEI
2508 1578 3245 1679 SENECAE*

1843 1765 1973 1830 AD
2019 1764 2482 1833 NERONEM
2527 1762 3037 1832 CAESAREM

1385 1908 3635 2115 1)ΙῦΟΕΕΜΕΝΤΙΑκ

2157 2140 2381 2197 LIBER
2416 2142 2705 2198 PRIMUS.

1202 2364 1508 2432 CAPUT
1552 2366 1606 2430 Ῑ·
2482 2262 3445 2466 νωθᾱᾶθῗιαῗαεόᾳῖηω
3481 2315 3774 2468 antermiaes
3805 2314 4014 2468 κίε
4052 2403 4276 2484 prima
4313 2423 4444 2470 mo-

601 2486 882 2552 Scribere
937 2485 1012 2550 de
1053 2486 1402 2565 clementia,
1455 2485 1626 2550 Nero
1674 2483 1940 2565 Caesar,
1983 2485 2266 2564 institui,
2310 2490 2382 2550 ut
2482 2490 2587 2551 tus
2642 2505 2819 2564 sum,
2881 2485 3144 2550 alterius
3195 2486 3438 2552 ultiona.
3538 2487 3766 2551 Alium
3828 2487 4126 2570 diynitati
4191 2490 4441 2569 donavi,

406 2572 869 2658 quodammodo
923 2571 1161 2653 speculi
1202 2572 1331 2637 vice
1368 2571 1696 2655 funycrer,
1755 2576 1813 2636 et
1853 2576 1910 2636 te
1952 2570 2069 2636 tibi
2112 2572 2381 2637 ostende-
2484 2573 2688 2637 alium
2745 2571 3104 2636 hmnilitati
3202 2572 3456 2653 Quoties
3496 2573 3741 2639 nullam
3790 2574 4150 2639 inveneram
4198 2576 4444 2654 miseri-

405 2680 583 2739 rem,
631 2662 1082 2757 perventurum
1134 2658 1222 2721 ad
1273 2658 1645 2739 voluptatem
1685 2657 2036 2722 maximam
2081 2659 2378 2722 omnium.
2482 2658 2732 2724 cordiae
2768 2677 3057 2735 causam,
3102 2656 3263 2722 mibi
3294 2661 3569 2740 peperci.
3655 2657 3864 2725 Hodie
3902 2658 4036 2725 diis
4077 2650 4444 2726 immortali-

416 2743 734 2829 Quambis
775 2743 943 2809 enim
973 2748 1128 2808 recte
1154 2743 1463 2825 factorum
1495 2764 1680 2809 verus
1713 2744 1958 2825 fructus
1993 2743 2094 2823 sit,
2137 2743 2377 2825 fecisse,
2483 2743 2615 2823 bus,
2655 2744 2716 2808 si
2757 2766 2800 2810 a
2840 2764 2938 2808 me
2971 2744 3277 2808 rationem
3308 2749 3603 2825 repetant,
3647 2765 4069 2811 annumerare
4098 2764 4296 2829 qenus
4326 2745 4442 2811 hu-

407 2851 528 2911 nec
571 2830 775 2896 ullum
814 2830 1115 2894 virtutem
1161 2830 1445 2928 pretium
1486 2828 1748 2928 diqnum
1802 2828 1935 2894 illis
1978 2835 2157 2893 extra
2197 2830 2381 2911 ipsas
2481 2849 2742 2895 manum
2782 2834 3063 2927 paratus
3118 2849 3279 2894 sum.
3379 2829 3560 2896 Potes
3613 2829 3723 2897 hoc
3782 2827 4021 2896 Caesar
4062 2830 4441 2913 praedicare

407 2919 518 2998 sit,
566 2918 745 2982 iuvat
783 2920 991 2981 tamen
1026 2916 1334 2998 inspicere
1375 2921 1431 2981 et
1463 2916 1798 2981 circumire
1826 2915 2049 2980 bonam
2074 2917 2378 2981 conscien—
2485 2916 2800 2994 audacter,
2841 2915 3055 2980 omnia
3096 2915 3166 2978 in
3205 2914 3341 2996 fida
3380 2916 3569 2980 tutela
3612 2915 3856 2981 haberi:
3897 2915 4065 2982 nihil
4092 2938 4215 2999 per
4247 2921 4303 2981 te
4340 2937 4442 2992 ne-

409 3006 609 3071 tiam:
649 3008 782 3068 tum
821 3002 1151 3067 immittere
1193 3002 1399 3068 oculos
1442 3003 1513 3066 in
1555 3002 1715 3066 hanc
1757 3002 2127 3068 inmensam
2167 3002 2379 3067 multi-
2483 3024 2600 3085 que
2638 3003 2706 3068 vi
2746 3022 2942 3083 neque
2983 3001 3146 3068 clam
3199 3002 3574 3085 reipublicae
3628 3009 3919 3084 ereptum.
4003 3002 4442 3070 Rarissimam

411 3091 723 3168 tudinem,
764 3088 1125 3168 discordem,
1171 3088 1562 3167 seditiosam,
1607 3089 2013 3169 impotentem
2056 3089 2126 3152 in
2159 3088 2380 3188 perni-
2482 3089 2733 3154 laudem
2752 3140 2767 3168 ,
2826 3095 2882 3154 et
2931 3087 3095 3152 nulli
3149 3087 3353 3153 adhuc
3404 3089 3778 3170 principum
3834 3109 4178 3155 concessam
4230 3108 4443 3154 concu-

411 3178 578 3242 ciem
633 3176 912 3240 alienam
967 3194 1270 3256 suamque
1321 3175 1568 3256 pariter
1624 3173 2111 3253 exsultaturam,
2169 3176 2229 3239 si
2271 3173 2379 3238 hoc
2472 3175 2640 3256 pisti
2693 3175 3122 3241 innocentiam.
3224 3174 3372 3239 Non
3412 3175 3639 3255 perdis
3691 3195 3947 3256 operam
3962 3226 3978 3254 ,
4033 3195 4144 3241 nec
4197 3175 4442 3242 bonitas

412 3264 646 3346 iuyum
682 3259 967 3345 freqerit:
1008 3261 1218 3342 itaque
1258 3260 1428 3341 loqui
1470 3280 1709 3325 secum:
1764 3266 1963 3324 EGO
1957 3280 2054 3326 ex
2095 3260 2378 3326 omnibus
2481 3262 2610 3326 ista
2651 3266 2763 3326 tua
2804 3260 3156 3344 suiqularis
3198 3261 3479 3344 inqratos
3519 3264 3632 3325 aut
3662 3261 3974 3344 mali9=nos
4015 3262 4443 3328 aestimatores

409 3346 792 3413 mortalibus
831 3344 1087 3428 placui,
1526 3363 1700 3425 sum,
1745 3349 1859 3430 qui
1899 3348 1972 3412 in
2015 3348 2204 3411 terris
2243 3348 2379 3411 deo-
2480 3352 2665 3412 nacta
2722 3351 2826 3412 est.
2926 3345 3227 3428 Refertur
3282 3346 3396 3410 tibi
3444 3348 3674 3430 qratia.
3778 3346 3979 3412 Nemo
4041 3368 4247 3413 unus*
4264 3348 4439 3413 homo

411 3453 570 3499 rum
610 3433 742 3498 viee
777 3432 1087 3515 fmerer.
1176 3432 1314 3517 qu
1356 3433 1525 3498 vitae
1565 3433 1852 3514 necisque
1882 3433 2170 3518 yentibus
2212 3432 2379 3497 arbi-
2481 3433 2600 3497 uni
2652 3432 2892 3497 homini
2932 3436 3063 3497 tam
3115 3450 3304 3497 carus
3343 3451 3624 3515 unquam
3661 3433 3818 3515 fuit,
3871 3453 4065 3513 quam
4103 3438 4176 3498 tu
4200 3433 4440 3515 populo

409 3526 526 3585 ter.
634 3518 893 3600 Qualem
955 3518 1218 3616 quisque
1280 3524 1507 3583 sortem
1572 3523 1927 3601 statumque
1989 3517 2235 3596 habeat,
2306 3519 2378 3582 in
2480 3538 2755 3617 romano,
2801 3538 3099 3603 maqnum
3139 3517 3507 3602 lonqumque
3548 3518 3687 3583 eius
3729 3517 3968 3583 bonum
4050 3517 4177 3583 Sed
4219 3519 4439 3600 inqens

273 3631 294 3650 ·
410 3625 619 3671 manu
673 3624 815 3668 mea
852 3604 1136 3685 positum
1177 3610 1281 3670 est.
1375 3605 1543 3685 Quid
1584 3606 1804 3686 cuique
1845 3605 2208 3671 mortalium
2248 3605 2377 3686 for-
2484 3604 2599 3668 tibi
2657 3624 2815 3668 onus
2864 3604 3241 3685 imposuelsti.
3346 3604 3544 3671 Nemo
3601 3605 3737 3669 iam
3787 3605 4005 3669 divum
4058 3603 4436 3685 Auqustum,

411 3697 581 3757 tuna
620 3691 839 3755 datum
879 3690 1045 3768 velit,
1090 3710 1222 3756 meo
1266 3711 1370 3756 ore
1400 3692 1797 3772 pronunciat.
1886 3692 1996 3756 Ex
2038 3694 2244 3756 nostro
2287 3710 2378 3754 re·
2481 3710 2589 3755 nec
2652 3690 2889 3756 Tiberii
2959 3688 3255 3756 Caesaris
3320 3691 3543 3771 prima
3608 3695 3885 3771 tempora
3952 3689 4244 3770 loquitur,
4310 3706 4437 3768 nec,

411 3796 651 3859 sponso
678 3776 950 3842 laetitiae
961 3795 1190 3841 causas
1201 3776 1426 3858 populi
1447 3776 1748 3859 urbesque
1756 3779 2126 3859 conc‘miunt.
2174 3776 2379 3841 Nulla
2480 3777 2648 3858 quod
2689 3783 2744 3841 te
2775 3777 3023 3841 unitari
3054 3776 3216 3854 velit,
3259 3778 3584 3858 exemplar
3618 3782 3796 3841 extra
3827 3780 3884 3839 te
3920 3775 4182 3856 quaerit.
4245 3772 4439 3840 Prin-

397 3882 581 3946 pars
617 3881 889 3944 usquam
919 3862 1055 3926 nisi
1093 3862 1322 3927 volente
1359 3864 1748 3945 propitioque
1786 3884 1885 3929 me
1919 3865 2111 3943 floret.
2203 3862 2378 3927 Haec
2481 3863 2728 3944 cipatus
2765 3869 2917 3928 tuus
2957 3862 3045 3928 ad
3076 3867 3331 3946 qustum
3372 3862 3658 3945 exiqitwr.
3724 3859 4013 3942 Difficile
4045 3859 4155 3925 hoc
4190 3860 4435 3942 fuisset,

413 3947 2377 4031 totmilliayladiormn,quaepaoemeacomprimitad
2480 3946 4438 4027 sinonnaturalistibiistabonitasesset‚sedadtempus

412 4039 645 4099 nodum
681 4053 888 4099 meum
929 4035 1329 4118 stt-inqentur.
1418 4035 1592 4116 Quas
1624 4036 1908 4101 nationes
1945 4035 2241 4118 funditus
2273 4055 2378 4099 ea>-
2480 4039 2747 4115 sumpta.
2839 4033 3039 4099 Nemo
3081 4034 3249 4100 enim
3280 4039 3477 4115 potest
3507 4052 3849 4115 personam
3889 4032 4007 4098 diu
4045 4033 4245 4115 ferre:
4287 4031 4436 4112 ficta

413 4120 647 4198 sciendi,
692 4139 857 4201 quas
898 4121 1331 4203 transportari,
1376 4121 1604 4203 quibus
1648 4120 1987 4187 libertatem
2029 4120 2196 4198 dari,
2239 4121 2377 4203 qui
2482 4121 2599 4186 cito
2643 4121 2713 4184 in
2766 4125 3065 4185 naturam
3106 4139 3294 4186 suam
3336 4119 3636 4185 recidunt.
3734 4118 3973 4199 Quibus
4016 4118 4249 4183 veritas
4288 4116 4434 4182 sub-

411 4205 1719 4290 buseripi,quosre9esmancipiafieri,
1764 4207 2378 4289 quorumquecapiti
2481 4203 4248 4305 estquaequewutitadicameoesolidoenascunmr
4292 4208 4435 4268 tem-

413 4292 666 4375 κρίκου
717 4292 1101 4356 circumdari
1156 4293 1342 4358 decus
1383 4297 1680 4375 oporteat,
1736 4314 1895 4375 quae
1936 4297 2130 4357 ruant
2170 4292 2374 4372 urbes,
2467 4312 2628 4373 pore
2679 4292 2819 4373 ipso
2872 4293 2943 4357 in
2993 4293 3209 4357 maius
3276 4291 3620 4372 meliusque
3663 4291 4025 4371 procedunt.
4126 4288 4438 4373 Maqnam

412 4396 585 4460 quae
624 4379 943 4455 oriantur,
1000 4398 1140 4443 mea
1182 4379 1537 4444 iurisdictio
1578 4383 1682 4444 est.
1772 4377 1859 4444 In
1899 4379 2016 4444 hac
2057 4383 2235 4443 tanta
2276 4377 2376 4458 fa·
2481 4377 2697 4444 adibat
2738 4378 2942 4443 aleam
2972 4377 3253 4461 populus
3295 4396 3626 4454 romanus,
3667 4395 3864 4456 quum
3913 4376 4221 4441 incertum
4264 4379 4435 4456 esset,

419 4463 946 4542 wuderm,
1002 4465 1808 4547 nonirameadiniqua
1863 4464 2376 4547 suppliciacom-
2479 4461 3751 4561 quosestatimnobilisindolesdaret
3828 4459 4438 4542 Iamvotapublica

405 4548 618 4632 pulit,
667 4568 790 4614 non
831 4550 1132 4616 iuvenilis
1171 4550 1467 4631 impetus,
1520 4570 1643 4614 non
1699 4551 2016 4616 temeritas
2057 4550 2377 4615 hominum
2480 4550 2553 4613 in
2610 4554 2740 4614 tuto
2791 4555 2951 4615 sunt.
3042 4549 3173 4615 Nec
3226 4549 3393 4614 enim
3433 4547 3792 4629 periculum
3850 4553 3941 4613 est
3991 4569 4068 4612 ne
4122 4552 4182 4611 te
4229 4546 4437 4610 subita

417 4640 478 4698 et
520 4635 911 4714 contumelia,
957 4656 1119 4717 quae
1160 4656 1346 4719 saepe
1385 4636 1935 4734 tranquillissimis
1968 4657 2205 4719 quoque
2234 4655 2375 4717 pec-
2479 4634 2575 4699 tui
2615 4636 2829 4718 capiat
2869 4635 3105 4702 oblivio.
3185 4634 3371 4699 Facit
3424 4633 3674 4715 quidem
3716 4634 3936 4699 avidos
3988 4633 4196 4698 nimia
4233 4631 4436 4714 felici-

414 4719 659 4787 toribus
695 4722 1078 4804 patientiam
1118 4723 1404 4788 emtorsit:
1458 4742 1583 4786 non
1640 4722 1784 4803 ipsa
1833 4722 2228 4788 ostentandae
2255 4741 2378 4820 per
2479 4725 2607 4785 tas:
2663 4742 2774 4787 nec
2816 4726 2946 4787 tam
2984 4724 3359 4803 temperatae
3402 4720 3770 4802 cupiditates
3810 4724 3956 4783 sunt
3997 4738 4309 4817 unquam,
4365 4721 4435 4781 ut

417 4813 692 4905 terrores
721 4809 1064 4889 potentiae,
1104 4808 1272 4887 dira,
1313 4808 1425 4874 sed
1461 4808 1756 4890 frequens
1795 4808 2046 4892 magnis
2087 4807 2379 4889 imperiis
2424 4811 2430 4882 ζ
2478 4808 2551 4871 in
2605 4827 2674 4871 eo
2728 4808 2892 4889 quod
2945 4806 3195 4890 contiqit
3244 4806 3548 4871 desinant.
3655 4805 3918 4871 Gradus
3972 4824 4016 4869 a
4055 4804 4307 4887 maqnis
4348 4801 4437 4867 ad

738 4889 1097 4973 eonditum,
1151 4894 1279 4959 imo
1331 4894 1722 4959 constrictum
1763 4898 1912 4975 [pag.
1951 4898 2017 4973 2]
2063 4893 2240 4975 apud
2281 4914 2377 4958 me
2477 4893 2725 4958 maiora
2775 4893 2877 4974 fit,
2935 4900 2991 4957 et
3054 4912 3198 4975 spes
3252 4891 3755 4974 improbissimas
3806 4891 4286 4973 complectuntur
4337 4890 4435 4953 in-

411 4979 663 5060 ferrum
707 4985 810 5045 est.
903 4977 1170 5045 Summa
1208 4981 1618 5060 parsimonia
1658 4981 1796 5045 etia.
1787 5001 1847 5044 π
1873 4979 2190 5045 vilissimi
2231 5000 2378 5044 san-
2423 4931 2431 5060 1
2479 4984 2732 5061 sperata
2773 4980 3111 5060 assequuti.
3205 4976 3511 5043 Omnibus
3565 4982 3770 5044 tamen
3816 4996 3983 5041 nunc
4024 4975 4262 5040 civibus
4301 4974 4432 5044 tuis

407 5065 656 5149 quinis.
761 5064 958 5131 Nemo
1011 5086 1160 5145 non,
1215 5066 1321 5131 cui
1361 5066 1498 5131 alia
1538 5066 1774 5146 desint,
1817 5066 2091 5131 hominis
2131 5066 2378 5132 nomine
2424 5099 2430 5180 Ι
2478 5070 2537 5131 et
2577 5064 2725 5129 haec
2756 5064 3058 5146 confessio
3092 5064 3486 5145 exprimitur,
3523 5083 3656 5129 esse
3696 5068 3843 5143 [pag.
3883 5065 3947 5140 3]
3993 5082 4059 5126 se
4088 5060 4332 5142 felices.-
4376 5061 4434 5121 et

415 5149 1246 5234 apudmeyrata'osusest
1329 5151 2376 5232 Severitatemabditam,clemen-
2478 5151 2628 5230 illa,
2681 5147 3957 5230 nihiliamhisaccederebonisposse‚
4008 5147 4431 5226 nisiutper·

415 5237 1271 5320 tiaminpromptuhabeo.
1342 5236 1913 5318 Sicmecustodio‚
1958 5202 2853 5321 tanbuavnle-lpetuasint.
2944 5235 3159 5301 Multa
3207 5230 4429 5320 illoscoquntadhamcconsessionem,
