4984 5975
358 361 441 423 85
1744 352 1749 363 ’
1818 359 2109 426 LIBER
2148 360 2204 425 I.
2242 344 2253 355 ¹
2294 359 2600 429 (mmm
2642 363 2732 429 X.
2784 363 2912 430 XI.
4289 371 4376 434 86

355 546 504 614 Hoc
546 547 797 613 factum
840 554 941 613 est
980 547 1191 613 Nonis
1232 546 1598 613 Februarii.
1686 548 1889 613 Errat
1942 555 2164 614 tamen
2208 550 2312 614 vir

356 634 441 700 de
478 632 715 700 studiis
757 633 1253 699 humanioribus
1285 633 1461 699 «bene
1502 634 1780 699 meritus
1823 634 2130 719 Baptista
2170 635 2310 718 Eg-

355 720 577 786 natius
631 721 703 783 in
758 721 893 784 suis
949 718 1344 785 Caesaribus
1361 771 1376 798 ,
1422 740 1625 802 quum
1681 720 1965 784 affirmat
2008 722 2311 804 Augusto

352 806 569 890 primo
649 805 1038 870 attributum
1119 826 1263 870 esse
1326 825 1688 891 cognomen
1758 806 1961 888 patris
2182 806 2195 819 ⁸
2292 827 2306 871 z

353 912 563 975 quum
606 891 791 974 prius
825 890 1127 957 dictatori
1180 891 1469 956 inditum
1522 891 1753 968 fuerit,
1798 902 1873 956 ut
1915 891 2070 957 alibi
2124 891 2310 957 vide-

350 978 552 1043 bitur.

764 1063 1167 1129 cmztumelias
1223 1082 1457 1144 quoque
1510 1083 1664 1128 suas
1752 1062 2308 1129 Animadverten-

353 1149 516 1215 dum
560 1148 668 1213 hic
710 1147 884 1232 quod
929 1147 1087 1215 dicit
1126 1148 1456 1232 principes
1501 1169 1651 1214 acer
1694 1149 1796 1213 ius
1854 1150 2026 1214 ferre
2080 1156 2309 1214 contu-

350 1236 621 1302 meliam
655 1255 855 1318 quam
889 1234 1216 1299 iniuriam.
1304 1233 1562 1300 Iniuria
1597 1254 1899 1317 namque,
1942 1242 2019 1298 ut
2060 1234 2156 1299 ait
2189 1234 2310 1300 Ul-

349 1323 609 1406 pianus,
654 1341 773 1386 seu
816 1341 908 1400 re,
953 1342 1071 1385 seu
1114 1320 1364 1398 verbis,
1408 1320 1580 1385 nihil
1623 1318 1846 1385 differt
1887 1340 1928 1384 a
1968 1327 2307 1385 contume-

350 1408 456 1472 lia.
565 1405 761 1489 Quod
818 1406 1069 1472 dictum
1119 1410 1269 1485 [pag.
1321 1411 1427 1485 76]
1483 1427 1720 1491 parum
1789 1406 2098 1483 convenit
2155 1426 2310 1471 cum

350 1494 477 1561 hoc
513 1494 656 1559 loco
696 1490 1000 1558 Senecae.
1067 1491 1303 1576 Itaque
1339 1490 1755 1557 referendum
1791 1489 1872 1556 ad
1908 1490 2091 1555 illam
2127 1492 2309 1556 Mar-

350 1579 502 1646 celli
550 1578 1036 1644 distinctionem
1051 1630 1066 1656 ,
1123 1576 1399 1643 dicentis
1451 1578 1763 1642 iniuriam
1817 1598 1857 1640 a
1912 1577 2312 1643 contumelia

348 1666 476 1731 hoc
519 1662 796 1743 distare,
843 1663 1019 1746 quod
1063 1664 1306 1728 iniuria
1350 1662 1561 1729 levior
1604 1683 1711 1728 res
1766 1672 1883 1728 est.
1973 1663 2308 1728 Pacuvius

349 1752 419 1816 in
464 1750 775 1817 Peribea:
820 1750 1051 1815 Patior
1103 1749 1289 1815 facile
1342 1750 1651 1814 iniuriam
1664 1799 1679 1827 ,
1741 1749 1796 1814 si
1852 1756 1954 1814 est
2007 1769 2215 1814 vacua
2269 1769 2310 1813 a

351 1836 771 1902 contumelia.
836 1836 1056 1900 Facile
1089 1856 1474 1900 aerumnam
1510 1836 1683 1901 ferre
1719 1855 2003 1918 possum,
2044 1834 2104 1899 si
2137 1834 2308 1899 male

348 1924 537 1989 abest
578 1922 837 1987 iniuria.
928 1922 1151 1986 Etiam
1194 1921 1503 1986 iniuriam
1521 1972 1535 1999 ,
1581 1921 1712 1987 nisi
1767 1928 1997 1986 contra
2051 1927 2309 1985 constat

347 2008 766 2076 contumelia.
856 2006 1273 2073 Contumelia
1314 2007 1491 2072 enim
1536 2029 1576 2071 a
1619 2005 2095 2072 contemnendo
2146 2004 2306 2071 dici·

345 2104 472 2173 tur‚
512 2105 592 2159 ut
626 2091 803 2158 idem
836 2093 1162 2175 Ulpianus
1198 2100 1391 2157 autor
1427 2102 1540 2158 est.
1630 2092 1816 2157 Nihil
1861 2100 2079 2157 autem
2120 2093 2305 2174 prin-

346 2182 525 2265 cipes
568 2181 782 2264 magis
827 2200 1021 2263 aegre
1063 2180 1405 2263 patiuntur
1418 2231 1435 2258 ,
1481 2199 1676 2262 quam
1724 2178 2073 2243 contemni.
2161 2176 2305 2241 Ha-

346 2268 455 2334 bet
497 2267 679 2331 enim
724 2265 1051 2349 quendam
1096 2265 1395 2330 aculeum
1441 2264 1835 2331 contumelia
1850 2316 1866 2344 ,
1916 2264 2136 2347 inquit
2190 2261 2304 2329 Ci-

345 2374 493 2420 cero
538 2351 829 2417 Vorrina
872 2350 976 2430 V„
1022 2371 1220 2433 quem
1261 2351 1419 2417 boni
1462 2351 1589 2415 viri
1633 2351 1805 2415 ferre
1845 2370 1979 2415 non
2013 2356 2303 2433 possunt.

343 2441 432 2505 Et
485 2437 776 2504 Publius
830 2436 1365 2522 Mimographus:
1424 2436 1908 2503 Contumeliam
1970 2435 2111 2517 pati
2183 2456 2305 2501 nec

343 2526 548 2601 fortis,
575 2545 700 2590 nec
718 2523 1048 2607 ingenuus
1071 2530 1300 2605 potest.
1331 2523 1380 2607 ¹)
1420 2521 1805 2587 Aristoteles
1826 2541 2085 2604 quoque
2107 2519 2304 2585 Ethi-

345 2631 570 2677 corum
594 2608 705 2674 lib.
730 2609 851 2673 IV.
878 2608 1116 2674 servile
1139 2629 1281 2674 esse
1305 2609 1627 2691 opinatur,
1655 2608 1945 2691 perferre
1967 2614 2304 2671 contume-

344 2696 479 2763 lias.
549 2696 703 2762 Hoc
736 2696 793 2763 si
825 2695 898 2759 in
928 2695 1075 2761 aliis
1103 2714 1334 2761 verum
1365 2704 1482 2771 est,
1518 2694 1591 2758 in
1622 2693 1918 2776 principe
1949 2701 2169 2757 tamen
2190 2712 2305 2757 ve-

344 2784 704 2848 rissimum.
793 2780 1115 2846 Nazarius
1158 2781 1228 2844 in
1284 2781 1697 2865 Panegyrico
1739 2778 2183 2845 Constantini:
2241 2774 2304 2843 Ο

344 2889 544 2953 quam
609 2887 793 2932 acres
856 2867 1059 2933 habes
1114 2866 1412 2931 dolorum
1469 2864 1729 2930 aculeos
1784 2886 1823 2928 a
1888 2863 2303 2941 contumelia,

344 2974 545 3039 quam
612 2953 895 3036 imponit
961 2953 1247 3019 inferior.
1359 2951 1805 3018 Contumelias
1872 2957 2095 3016 autem
2153 2968 2305 3014 suas

344 3039 573 3106 eadem
630 3041 843 3104 forma
895 3061 1027 3122 qua
1080 3037 1311 3105 Cicero
1379 3038 1670 3121 loquitur
1723 3036 2012 3120 Philipp.
2071 3036 2301 3101 XHL:

342 3128 578 3211 Pergit
614 3145 810 3209 porro
853 3125 926 3189 in
969 3146 1115 3190 mea
1157 3124 1519 3202 maledicta,
1566 3123 1751 3206 quasi
1797 3142 1952 3187 vero
1996 3121 2305 3205 pulcher·-

340 3214 508 3277 rime
543 3213 771 3296 priora
804 3212 1255 3296 processerint.
1349 3208 1462 3276 Sic
1500 3211 1699 3274 etiam
1733 3208 1995 3292 passive
2039 3207 2305 3273 Coelius

341 3298 731 3364 memoriam
776 3305 956 3361 tuam
1005 3295 1175 3361 dixit
1224 3297 1395 3362 libro
1438 3295 1633 3360 VIII.
1680 3296 1889 3377 Epist.
1950 3293 2301 3360 Ciceronis.

340 3385 492 3450 Non
574 3385 695 3449 uin
731 3383 896 3447 mihi
931 3383 1396 3448 suavissimum
1442 3383 1531 3447 sit
1577 3390 1731 3446 tuae
1766 3380 2119 3445 memoriae
2153 3400 2306 3462 ope-

343 3492 488 3535 ram
576 3490 714 3535 are.
804 3467 1224 3535 Contumelia
1262 3468 1420 3544 fuit,
1465 3467 1640 3550 quod
1694 3467 1916 3532 Labeo
1971 3464 2305 3531 Antistius

340 3558 408 3621 in
466 3566 742 3622 senatus
796 3555 1073 3620 lectione
1124 3555 1290 3638 legit
1344 3554 1436 3620 M.
1488 3552 1817 3636 Lepidum
1874 3551 2147 3617 Circeiis
2189 3572 2305 3615 ex-

342 3643 681 3709 sulantem
738 3640 809 3705 in
864 3640 1283 3723 opprobrium
1336 3640 1625 3723 Augusti
1642 3690 1657 3718 ,
1717 3636 1889 3721 quod
1944 3638 2150 3720 sparsi
2206 3637 2304 3700 fa-

341 3729 513 3794 mosi
560 3727 644 3793 de
688 3748 765 3792 eo
804 3728 875 3791 in
919 3727 1103 3792 curia
1145 3725 1376 3803 libelli,
1423 3724 1596 3808 quod
1639 3724 1739 3788 illi
1782 3746 1822 3789 a
1865 3721 2145 3806 quodam
2199 3744 2302 3787 se-

342 3822 579 3880 natore
616 3811 871 3879 dictum
906 3820 1033 3878 est:
1077 3809 1605 3878 Contradicerem
1649 3811 1789 3889 tibi,
1836 3810 1891 3874 si
1927 3809 2141 3875 locum
2186 3808 2304 3872 ha-

344 3899 589 3966 berem.
686 3900 792 3965 Ab
844 3898 1014 3963 aliis:
1070 3899 1306 3965 Licere
1360 3897 1771 3963 senatoribus
1827 3895 1908 3960 de
1968 3894 2307 3979 republica

340 3985 365 4050 1
452 3987 544 4053 ui.

364 4007 452 4070 oq
529 4071 868 4137 Probrosis
886 4072 955 4134 in
978 4091 1044 4135 se
1081 4070 1269 4136 dietis
1301 4066 1551 4155 arrisit]
1591 4066 1977 4140 Celebratur
2011 4066 2305 4131 Alexan-

342 4156 449 4224 ἀεὶ
488 4157 983 4242 apophthegma
1004 4177 1043 4220 a
1062 4155 1451 4221 Plutarcho:
1489 4152 1795 4235 βασιλικόν
1829 4158 1923 4216 ἐστ
1932 4177 1987 4214 ιν
2008 4149 2306 4216 minoto&-

339 4268 416 4307 ta
474 4246 682 4317 κακῶς
734 4241 984 4306 ἀκούειν.
1072 4241 1361 4326 Regium
1417 4249 1518 4306 est
1570 4239 2083 4306 benefacientem
2139 4237 2309 4303 male

340 4328 594 4395 audire.
700 4327 897 4410 Quod
951 4338 1265 4411 sequutus
1324 4321 1671 4411 Augustus
1719 4326 2044 4408 patienter
2099 4323 2311 4390 audiit

336 4414 674 4481 loedorias
717 4423 786 4480 et
827 4421 1185 4480 scommata
1203 4433 1370 4497 quae
1399 4413 1472 4477 in
1506 4433 1576 4476 se
1610 4410 2043 4476 iactabantur:
2082 4431 2309 4494 quem·-

338 4500 710 4566 admodum
780 4502 977 4565 etiam
1048 4500 1284 4565 recitat
1347 4497 1724 4564 Macrobius
1790 4496 1956 4563 libro
2023 4495 2114 4561 Π.
2186 4494 2310 4562 Sa-

336 4588 737 4653 turnalium.
828 4586 966 4650 Nos
1002 4605 1210 4669 pauca
1252 4584 1687 4650 subiiciemus.
1778 4581 2006 4664 Quum
2051 4581 2311 4647 adules-

338 4681 613 4738 centem
654 4671 1130 4756 provincialem
1164 4670 1285 4737 sibi
1331 4670 1741 4734 simillimum
1785 4690 1903 4752 per
1945 4668 2163 4734 iocum
2207 4669 2309 4733 in-

336 4766 774 4843 terrogasset,
821 4780 906 4823 an
949 4767 1163 4822 mater
1206 4777 1325 4821 sua
1358 4755 1707 4839 aliquando
1760 4755 2014 4820 Romae
2057 4754 2307 4834 fuisset,

336 4843 629 4930 negavit
646 4844 759 4909 ille
783 4865 796 4908 z
820 4865 940 4909 nec
973 4850 1323 4910 contentus
1359 4841 1613 4921 adiecit,
1650 4849 1840 4926 pater
1873 4860 2062 4906 meus
2096 4860 2306 4923 saepe.

334 4930 433 4995 Et
453 4930 680 4998 Pollio
702 4951 909 5014 quum
943 4930 1016 4994 in
1055 4950 1207 4994 eum
1242 4928 1685 4995 Fescenninos
1721 4928 2070 5012 Augustus
2104 4927 2309 5009 scrip-

484 5221 557 5288 1)
609 5219 941 5275 Sententiam
984 5220 1128 5274 hanc
1160 5218 1320 5273 hodie
1352 5221 1431 5273 sie
1599 5233 1775 5274 usam
1810 5218 2063 5288 legimus.-
2107 5218 2307 5275 Contu-

332 5291 578 5346 meliam
610 5306 707 5345 nec
738 5292 1003 5360 ingenuus
1037 5288 1147 5343 fert
1178 5303 1283 5343 nec
1315 5287 1472 5343 fortis
1530 5288 1656 5342 acit.

2417 550 2629 629 sisset,
2667 552 2763 618 At
2802 573 2941 636 ego,
2986 552 3223 636 inquit,
3259 559 3463 619 taceo.
3534 554 3684 619 Non
3720 553 3895 619 enim
3939 562 4042 620 est
4073 555 4260 623 facile
4303 556 4380 621 in

2416 658 2570 702 eum
2606 638 2907 716 scribere,
2954 638 3067 722 qui
3111 646 3327 721 potest
3369 640 3787 722 proscribere.
3877 641 4033 706 Alia
4075 642 4372 708 eiusdem

2415 723 2676 871 generis
2718 723 2873 789 vide
2922 723 3098 806 apud
3154 724 3562 790 Macrobium
3618 733 3686 790 et
3733 724 4060 792 'Senecam
4111 728 4183 791 in
4238 728 4366 793 111.

2461 829 2499 873 e
2553 809 2681 874 Ira.
2771 808 2925 893 Ipse
2979 809 3329 894 Augustus
3382 811 3655 894 epistola
3699 810 3978 894 quadam
4035 812 4115 877 ad
4177 813 4369 879 Tibe-

2415 894 2619 959 rium:
2667 894 2822 959 Noli
2851 894 2900 979 ¹)
2945 896 3227 960 nimium
3269 895 3609 980 indignari
3648 918 4019 980 quenquam
4062 919 4206 963 esse
4258 900 4370 981 qui

2415 977 2498 1043 de
2543 1002 2647 1046 me
2689 980 2864 1045 male
2907 980 3229 1064 loquatur.
3319 979 3501 1048 Satis
3544 990 3646 1047 est
3688 984 3863 1048 enim
3901 984 3955 1048 si
4004 983 4126 1050 hoc
4172 984 4368 1050 habe-

2416 1086 2586 1145 mus,
2635 1088 2719 1131 ne
2763 1066 2911 1149 quis
2954 1066 3144 1132 nobis
3188 1067 3573 1133 malefacere
3607 1069 3831 1152 possit.

2835 1173 2995 1234 nque
3029 1152 3100 1217 ob
3133 1153 3517 1219 adulterium
3547 1155 3838 1236 familiae
3878 1152 4062 1241 suae]
4119 1155 4369 1221 Notum

2415 1244 2515 1304 est
2558 1238 2762 1303 Iulias
2805 1237 3009 1302 filiam
3052 1246 3121 1302 et
3176 1246 3441 1323 neptem
3500 1238 3768 1304 domum
3817 1241 4106 1324 Augusti
4157 1242 4369 1306 omni·-
4457 1252 4464 1259 ‘

2414 1323 2540 1389 bus
2577 1324 2833 1415 probris
2868 1324 3366 1403 contaminasse,
3404 1326 3485 1391 ob
3521 1325 3720 1408 idque
3765 1325 4105 1410 relegatas.
4195 1325 4367 1392 Vide

2415 1409 2879 1492 Tranquillum
2927 1417 2994 1474 et
3039 1408 3362 1476 Senecam
3416 1410 3524 1477 lib.
3571 1410 3692 1476 VI.
3753 1411 3834 1476 de
3877 1412 4251 1491 Beneficiis,
4301 1421 4368 1478 et

2412 1494 2711 1559 Plinium
2744 1494 2852 1560 lib.
2889 1495 3082 1560 XXI.
3174 1496 3279 1561 De
3314 1497 3394 1561 iis
3437 1497 3647 1581 igitur
3686 1518 3865 1562 nunc
3907 1497 4199 1580 loquitur
4242 1500 4365 1564 Se-

2413 1601 2605 1660 neca,
2662 1582 2772 1664 qui
2828 1580 3373 1647 consuetudinem
3417 1582 3738 1648 haberent
3783 1584 3995 1665 stupri
4040 1605 4191 1647 cum
4227 1583 4366 1649 filia

2414 1674 2481 1730 et
2536 1676 2734 1749 nepte
2749 1718 2763 1745 ,
2810 1675 2927 1731 aut
2968 1667 3080 1749 qui
3123 1668 3364 1734 conscii
3409 1676 3630 1735 essent
3671 1668 4172 1734 adulteriorum:
4220 1670 4366 1752 qui-

2415 1752 2687 1817 buscum
2727 1754 2955 1817 mitius
2997 1759 3219 1818 actum
3276 1773 3419 1819 esse
3461 1753 3647 1833 dicit,
3696 1753 3872 1837 quod
3915 1754 3997 1819 de
4041 1753 4365 1820 damnatis

2411 1859 2544 1903 non
2592 1843 2739 1918 [pag.
2769 1842 2875 1917 77]
2919 1848 3021 1904 est
3063 1848 3404 1922 sumptum
3449 1840 3760 1905 ultimum
3796 1840 4206 1925 supplicium,
4252 1840 4368 1905 sed
4405 1906 4414 1915 ,

2411 1923 2641 1989 exsilio
2679 1931 2934 1989 tantum
2969 1924 3265 1989 mulctati
3302 1932 3483 1990 sunt:
3523 1927 3682 2008 quin
3718 1927 3916 1990 etiam
3952 1927 4232 2009 acceptis
4267 1925 4365 1990 di-

2408 2009 2803 2092 plomatibus
2841 2009 3092 2075 dimissi
3126 2024 3299 2076 sunt.
3369 2011 3507 2076 Nec
3539 2020 3761 2077 tamen
3795 2033 4031 2078 verum
4067 2019 4169 2076 est
4203 2010 4366 2077 adeo

2410 2097 2770 2161 clementer
2812 2104 3126 2161 tractatos
3172 2097 3253 2161 ab
3297 2098 3406 2162 Au
3501 2104 3630 2175 sto,
3677 2119 3874 2181 quam
3905 2097 4027 2162 'hic
4083 2098 4368 2162 affirmat

2411 2180 2685 2247 Seneca.
2775 2180 3117 2265 Siquidem
3154 2203 3336 2246 nonn
3443 2183 3455 2196 '
3494 2183 3726 2248 ultimo
3763 2183 4078 2266 supplicio
4115 2183 4364 2249 affecti:

2410 2267 2586 2332 inter
2638 2288 2797 2350 quos
2853 2267 3068 2332 Iulius
3123 2267 3473 2333 Antonius.
3575 2267 3747 2333 Vide
3803 2269 4008 2333 Tacit.
4065 2268 4172 2334 lib.
4241 2268 4363 2333 IV.

2411 2352 2605 2435 Quod
2653 2353 2758 2418 hic
2798 2353 3119 2418 Erasmus
3163 2352 3421 2419 divinat
3462 2353 3812 2438 legendum
3854 2354 4058 2435 filiae,
4114 2354 4366 2419 nullius

2410 2449 2514 2505 est
2554 2439 2887 2504 momenti.

3151 2728 3456 2797 CAPUT
3499 2730 3625 2796 XI.
4223 2796 4234 2803 .

2583 2864 2760 2929 Haec
2793 2865 3127 2950 Λυρκείας
3158 2886 3366 2945 senex,
3411 2872 3524 2931 aut
3562 2867 3695 2930 iam
3738 2867 3809 2932 in
3852 2871 4217 2933 senectutem
4253 2888 4367 2933 an-

2409 2954 2514 3019 nis
2546 2952 2952 3036 vementibus.
3013 2950 3096 3016 In
3130 2951 3542 3018 adolescentia
3577 2954 3791 3033 caluit,
3828 2954 3992 3019 arsit
4014 2953 4136 3032 ira,
4168 2953 4368 3021 multa
4400 2987 4410 3004 ·

2408 3039 2582 3121 fecit,
2627 3039 2714 3104 ad
2757 3058 2916 3119 quae
2960 3039 3199 3103 invitus
3241 3039 3446 3105 oeulos
3487 3039 3894 3122 retorquebat.
3988 3038 4371 3121 Comparare

2410 3145 2586 3194 'terno
2645 3124 3119 3189 mansuetudini
3180 3129 3325 3188 tuae
3389 3124 3642 3190 audebit
3709 3125 3928 3190 divum
3983 3125 4367 3209 Auyustum,

2411 3212 2601 3276 etiam
2657 3211 2716 3276 si
2769 3211 2841 3274 in
2882 3214 3188 3275 certamen
3231 3211 3605 3276 iuvenilium
3657 3232 3981 3276 annorum
4036 3212 4371 3278 deduxerit

2410 3302 2780 3361 senectutem
2813 3296 3157 3377 plusquam
3199 3301 3533 3361 maturam.
3625 3299 3853 3361 Fuerit
3903 3298 4262 3362 moderatus
4317 3303 4372 3363 et

2410 3383 2688 3449 elemem.
2782 3381 3021 3462 Nempe
3066 3385 3213 3462 post
3258 3381 3596 3447 Actiacum
3637 3403 3814 3447 mare
3856 3403 4115 3448 romano
4155 3402 4371 3449 eruore

2409 3468 2721 3550 infectum.
2815 3467 3053 3550 Nempe
3097 3473 3247 3547 post
3291 3468 3540 3550 fractas
3593 3469 3663 3532 in
3719 3467 3948 3534 Sicilia
4004 3468 4259 3547 classes,
4315 3474 4372 3533 et

2409 3558 2584 3633 suas,
2628 3557 2686 3619 et
2725 3551 2987 3618 alienas,
3082 3553 3318 3634 Nempe
3354 3559 3495 3634 post
3533 3552 3889 3619 Perusinas
3921 3573 4093 3632 aras,
4138 3559 4197 3618 et
4215 3574 4369 3635 pro·

2408 3640 2790 3721 scriptiones.
2856 3638 2995 3722 Eyo
3029 3658 3171 3703 vero
3205 3638 3594 3704 elementiam
3625 3660 3748 3704 non
3784 3659 3922 3704 voco
3956 3640 4195 3704 lassam
4228 3659 4371 3705 eru-

2407 3726 2737 3792 delitatem.
2829 3725 3001 3790 Haec
3043 3729 3150 3803 est,
3199 3722 3453 3803 Caesar,
3507 3725 3828 3791 elementia
3860 3745 4025 3803 vera,
4068 3744 4261 3807 quam
4300 3730 4372 3790 tu

2400 3815 2716 3894 praestas,
2760 3831 2920 3892 quae
2959 3831 3083 3876 non
3117 3811 3416 3875 saevitiae
3447 3811 3834 3891 poenitentia
3877 3812 4085 3891 coepit,
4122 3811 4370 3876 nunant

2408 3896 2631 3962 habere
2673 3896 3000 3977 maculem
3042 3916 3368 3978 nunquam
3407 3896 3650 3962 civilem
3690 3897 4062 3979 sanquinem
4101 3897 4366 3978 fudisse.

2412 3983 2590 4048 Haec
2632 3988 2721 4048 est
2758 3985 2828 4048 in
2861 3983 3147 4048 maxima
3175 3983 3474 4062 potestate
3517 3983 3850 4048 verissima
3892 3983 4097 4046 animi
4151 3987 4363 4065 tempe-

2408 4070 2645 4149 rantia,
2691 4074 2748 4133 et
2790 4069 3053 4134 humani
3107 4069 3357 4152 yeneris
3399 4067 3965 4149 comprehensibilis
3999 4088 4203 4147 amor,
4249 4089 4373 4134 non

2411 4155 2749 4236 eupiditate
2787 4155 3033 4236 aliqua,
3091 4174 3215 4219 non
3265 4155 3600 4219 temeritate
3644 4155 3908 4219 incendi.
4002 4154 4148 4219 Non
4186 4157 4369 4238 prio—

2411 4261 2561 4394 ζεῖ
2591 4242 3223 4410 ἭἚΜᾝ
3225 4241 4215 4392 ‘mmmm‘
4209 4241 4372 4391 a?

2401 4414 2581 4495 perii
2620 4414 2739 4479 sui.
2833 4411 3247 4491 Praestitisti,
3313 4411 3563 4491 Caesar,
3616 4413 3926 4478 civitatem
3965 4413 4370 4491 incruentam,

2415 4505 2471 4565 et
2512 4499 2640 4578 hoe,
2687 4499 2850 4581 quod
2891 4498 3370 4598 maynoOanimo
3407 4498 3719 4580 yloriatus
3762 4518 3843 4578 es,
3888 4498 4130 4564 nullam
4161 4504 4218 4563 te
4252 4503 4369 4563 toto

2415 4585 2558 4650 orbe
2604 4585 2841 4651 stillam
2885 4586 3131 4652 cruoris
3181 4583 3444 4648 humani
3499 4585 3778 4649 misisse:
3831 4585 3994 4665 quod
4048 4603 4117 4650 eo
4157 4585 4372 4649 maius

2414 4676 2502 4736 est
2559 4671 3035 4754 mirabiliusque
3049 4722 3063 4749 ,
3117 4670 3281 4753 quod
3331 4669 3493 4735 nulli
3543 4689 3826 4752 unquam
3875 4670 4063 4735 eitius
4113 4670 4372 4755 yladius

2411 4758 2777 4824 commissus
2819 4761 2923 4823 est.
2995 4755 3334 4822 Clementia
3372 4776 3514 4839 erqo
3549 4775 3672 4820 non
3707 4761 3949 4820 tantum
3981 4755 4368 4836 honestiores,

2412 4844 2523 4908 sed
2577 4845 2835 4909 tutiores
2875 4847 3177 4924 praestat.
3289 4840 3739 4907 Ornamentum
3802 4841 4215 4923 imperiorum
4281 4846 4376 4907 est

2412 4930 2606 4996 simul
2622 4980 2636 5009 ,
2695 4934 2752 4994 et
2796 4929 3145 4994 certissima
3188 4927 3321 4994 lux.
3418 4927 3585 5009 Quid
3626 4928 3795 4992 enim
3836 4933 3926 4993 est
3966 4945 4158 5009 quum
4199 4946 4380 5011 reyes

2412 5015 2857 5095 consenuerint,
2902 5015 3239 5097 liberisque
3272 5033 3346 5079 ae
3379 5013 3699 5095 nepotibus
3740 5009 4118 5080 tradiderint
4157 5033 4376 5097 reyna,

2556 5290 2614 5358 1)
2654 5291 2764 5346 Ed.
2800 5289 3002 5345 Ama:
3035 5287 3174 5344 Non.

4906 5195 4918 5258 -1
4907 4783 4918 5144 -saa—u—
