4984 5975
438 273 561 337 229

438 479 597 524 esse.
670 455 747 522 si
780 456 955 521 enim
999 453 1112 519 ille
1149 454 1327 519 solus
1378 460 1495 531 est,
1543 452 1654 536 qui
1689 454 1816 517 est':
1864 471 1997 517 non
2036 473 2189 517 vere
2222 458 2396 531 0001,

437 544 549 627 001
582 544 679 621 ,in
733 540 847 606 illo
905 560 1045 605 non
1102 548 1290 618 0001,
1346 560 1466 624 pro
1582 558 1694 603 rea
1736 537 1912 621 quod
1968 558 2008 603 a
2047 538 2214 603 facie
2257 537 2398 603 0100

439 636 757 714 perpetuo
801 625 1295 693 confunduntur
1337 646 1415 692 ac
1503 625 1644 691 01101
1653 633 1875 689 untur.
1942 621 2219 704 Deinde,
2264 643 2398 688 non

438 714 649 790 video,
695 712 852 796 quid
895 733 1015 777 000
1057 719 1399 794 tantopere
1442 709 1778 776 offendere
1816 709 2053 776 debeat
2094 709 2257 775 haec
2300 709 2397 773 lo-

441 798 681 884 quendi
725 799 956 877 forma,
1002 799 1059 862 si
1102 798 1489 881 simpliciter
1532 818 1666 861 non
1702 817 1847 862 esse
1884 795 2188 861 dicantur
2223 816 2395 860 mor-

442 888 561 952 tui.
602 884 796 950 modo
854 882 921 949 id
967 883 1050 949 ad
1098 884 1400 950 homines
1444 883 1784 948 referatur.
1851 882 1998 947 Iam
2040 881 2217 947 enim
2262 901 2397 946 non

441 980 597 1038 sunt
639 969 816 1054 apud
858 970 1188 1048 homines,
1244 991 1365 1036 nec
1405 989 1627 1033 coram
1670 968 2075 1033 hominibus:
2134 966 2397 1032 tametsi

437 1055 610 1140 apud
647 1056 870 1121 Deum
904 1058 1054 1121 sint.
1101 1056 1209 1119 Ita
1253 1057 1360 1139 (ut
1395 1075 1523 1119 uno
1561 1053 1759 1119 verbo
1792 1053 2224 1137 explicemus)
2260 1073 2396 1118 non

436 1164 607 1219 esse,
666 1143 795 1207 erit
847 1163 980 1207 non
1043 1149 1321 1206 exstare.
1394 1139 1610 1221 Quale
1670 1147 1771 1205 est
1826 1139 1992 1205 illud
2045 1139 2392 1205 Ieremiae:

435 1228 586 1293 Vox
638 1230 713 1292 in
756 1227 1021 1293 Rhama
1048 1227 1298 1322 ‘audita
1349 1236 1479 1305 est,
1537 1224 1794 1292 Rachel
1847 1225 2169 1309 plorantis
2222 1224 2394 1289 filios

434 1335 604 1392 suos,
656 1322 725 1378 et
765 1312 980 1379 noluit
1016 1313 1353 1390 consolari,
1400 1313 1553 1394 quia
1586 1332 1722 1377 000
1758 1320 1916 1377 0001
1950 1311 2106 1393 (Ier.
2136 1315 2236 1389 31,
2267 1309 2391 1391 15).

602 1484 755 1548 Iam
801 1483 883 1550 ad
928 1505 1006 1549 ea
1050 1487 1409 1561 veniamus,
1456 1503 1625 1567 quae
1669 1472 2028 1567 supersunt
2073 1503 2155 1548 ex
2192 1482 2395 1548 histo-

432 1571 532 1637 ria
564 1570 708 1635 Iob.
779 1568 1121 1650 Quaedam
1157 1571 1335 1636 enim
1369 1570 1665 1652 sparsim,
1702 1580 1779 1633 ut
1812 1569 2258 1646 occurrebant,
2296 1574 2395 1633 atn

435 1658 726 1741 tigimus.
805 1656 1135 1722 Primum:
1204 1655 1431 1737 Quare
1495 1676 1628 1720 non
1696 1656 1769 1719 in
1832 1654 2035 1720 vulva
2092 1660 2394 1719 mortuus

437 1741 621 1809 sum?
686 1762 988 1825 egressus
1040 1763 1124 1807 ex
1168 1750 1357 1807 utero
1403 1763 1534 1806 non
1578 1741 1804 1806 statim
1863 1738 2074 1824 perii?
2121 1761 2240 1807 cur
2281 1761 2395 1805 ex-

436 1836 667 1912 ceptus
711 1827 1034 1912 genibus?
1091 1849 1208 1893 cur
1257 1828 1544 1894 lactatus
1587 1825 1937 1891 uberibus?
1998 1846 2177 1891 nunc
2216 1826 2393 1890 enim

436 1914 772 1980 dormiens
816 1913 1097 1992 silerem,
1143 1921 1210 1978 et
1249 1934 1480 1979 somno
1523 1933 1668 1976 meo
1711 1910 2205 1995 requiescerem,
2248 1933 2398 1977 0010

436 2000 705 2084 regibus
748 2009 817 2064 et
859 2000 1237 2065 consulibus
1284 2010 1529 2078 terrae,
1575 1999 1688 2081 qui
1732 1996 2082 2063 aedificant
2124 1997 2250 2062 sibi
2291 2017 2396 2063 so-

436 2085 771 2163 litudines,
817 2092 932 2148 aut
967 2107 1114 2150 cum
1152 2084 1575 2168 principibus,
1614 2084 1725 2167 qui
1760 2082 2096 2167 possident
2139 2103 2395 2160 aurum,

437 2180 502 2237 et
538 2169 806 2254 replent
850 2169 1075 2236 domos
1116 2192 1267 2237 suas
1312 2178 1616 2254 argento:
1665 2177 1784 2234 aut
1819 2169 1990 2235 01001
2023 2168 2395 2234 abortivum

438 2255 927 2335 absconditum,
982 2277 1115 2322 non
1160 2257 1611 2323 subsisterem:
1657 2262 1733 2320 ut
1764 2255 1876 2337 qui
1920 2255 2218 2338 concepti
2260 2274 2398 2318 non

434 2341 749 2409 viderunt
788 2342 1030 2407 lucem:
1079 2343 1169 2409 ibi
1214 2343 1398 2425 impii
1442 2350 1868 2407 cessaverunt
1901 2360 1941 2403 a
1975 2339 2281 2417 tumultu,
2329 2346 2399 2403 ot

436 2427 521 2494 ibi
571 2427 1052 2511 requieverunt·
1104 2429 1259 2493 fessi
1317 2432 1433 2506 [fol.
1478 2431 1587 2506 49]
1645 2425 1902 2491 robore:
1959 2432 2026 2491 et
2067 2425 2396 2508 quondam

440 2514 662 2593 vincti,
708 2512 852 2579 sine
891 2513 1206 2594 molestia,
1243 2535 1374 2579 000
1413 2512 1768 2577 audierunt
1789 2532 2016 2578 vocem
2044 2513 2394 2577 exactoris:

436 2621 680 2684 parvus
715 2606 784 2664 ct
817 2620 1101 2685 magnus
1122 2601 1214 2665 ibi
1251 2606 1435 2665 sunt:
1482 2605 1549 2664 et
1582 2618 1830 2677 servus,
1875 2597 2041 2663 liber
2072 2617 2112 2660 a
2132 2596 2396 2663 domino

445 2707 556 2753 suo
594 2684 767 2771 (Iob.
794 2688 852 2764 3,
879 2687 1138 2770 9--11).
1197 2685 1378 2768 Quid
1417 2685 1473 2750 si
1508 2682 1832 2749 decimum
1855 2690 2163 2766 quartum
2182 2681 2397 2749 Isaiae

437 2779 639 2855 caput
666 2774 790 2855 (vs.
822 2776 858 2836 9
896 2776 1012 2857 ss.)
1050 2770 1498 2855 retorqueam?
1527 2770 1639 2835 ubi
1673 2770 1915 2836 mortui
1941 2769 2398 2835 describuntur

481 2858 841 2924 rodeuntes
901 2878 938 2923 e
991 2858 1332 2942 sepulcris,
1392 2877 1467 2922 ac
1520 2856 1779 2922 obviam
1822 2862 2052 2921 euntes
2097 2855 2238 2938 regi
2282 2856 2395 2921 ba-

473 2943 731 3031 ylonio:
789 2944 902 3010 ubi
960 2965 1188 3011 eorum
1238 2962 1574 3010 sermones
1626 2942 2027 3008 referuntur:
2083 2941 2274 3022 Ecce,
2320 2949 2395 3006 tu

434 3030 826 3096 humiliatus
865 3052 935 3095 es
980 3028 1530 3115 quemadmodum
1574 3050 1714 3108 nos,
1766 3036 1884 3095 etc.
1953 3027 2195 3093 Nihilo·
2220 3028 2395 3093 enim

434 3118 691 3182 minore
734 3124 1081 3198 praetextu
1124 3116 1278 3182 inde
1323 3136 1617 3198 arguam,
1664 3122 1961 3180 mortuos
2005 3113 2252 3179 sentire
2296 3122 2394 3179 at-

435 3224 561 3286 que
605 3201 1009 3286 intelligere,
1066 3223 1263 3286 quam
1319 3202 1443 3285 ipsi
1486 3221 1567 3265 ex
1625 3201 1840 3266 verbis
1885 3199 2014 3266 illis
2057 3198 2393 3283 colligunt,

437 3287 619 3352 omni
664 3309 862 3353 sensu
904 3288 1256 3354 excidisse:
1304 3286 1419 3352 sed
1461 3286 1757 3369 relinquo
1796 3285 1930 3350 illis
1964 3284 2130 3351 tales
2164 3306 2392 3369 nugas.

435 3373 515 3438 In
578 3373 719 3438 loco
764 3382 1016 3451 autem,
1073 3395 1266 3457 quem
1311 3374 1549 3451 citant,
1597 3370 2003 3455 explicand0‚
2049 3393 2181 3435 non
2224 3371 2394 3435 1001-

436 3467 581 3525 tum
624 3460 753 3523 erit
795 3460 1058 3541 negotii,
1100 3460 1229 3525 nisi
1276 3458 1581 3532 volumus
1624 3457 1811 3523 nobis
1846 3457 1973 3541 ipsi
2011 3458 2263 3540 fingere
2297 3458 2393 3521 la-

434 3544 801 3631 byrinthos.
882 3544 1006 3609 Iob
1064 3546 1239 3610 enim
1297 3564 1562 3627 pressus
1631 3543 1840 3608 multa
1886 3542 2238 3609 afflictione
2256 3593 2270 3621 ‚
2325 3550 2394 3607 et

433 3631 621 3714 quasi
669 3630 983 3713 fatigatus
1010 3631 1152 3696 sub
1196 3649 1411 3708 onere,
1455 3636 1870 3713 praesentem
1906 3627 2230 3693 duntaxat
2267 3630 2390 3693 mi-

433 3718 673 3782 seriam
734 3716 1027 3799 respicit:
1083 3724 1151 3781 et
1203 3737 1348 3781 eam
1403 3735 1533 3779 non
1594 3714 1805 3780 solum
1851 3714 2209 3790 maximam
2252 3735 2389 3778 om-

434 3803 621 3867 nium
664 3802 845 3879 facit,
885 3800 1001 3867 sed
1044 3822 1251 3884 paene
1295 3801 1518 3866 solam.
1606 3800 1892 3866 Mortem
1937 3798 2100 3863 nihil
2146 3800 2387 3879 horret,

412 3888 568 3952 ·imo
613 3888 893 3971 appetit:
941 3887 1113 3970 quod
1156 3885 1461 3952 omnibus
1504 3906 1779 3969 aequam
1834 3886 2065 3951 afferat
2117 3892 2386 3950 sortem:

437 3994 669 4058 regum
713 3974 990 4056 imperia
1032 3974 1245 4051 finiat,
1292 3979 1359 4038 et
1413 3992 1753 4037 servorum
1795 3991 2167 4057 pressuras:
2223 3991 2388 4054 quae

436 4060 523 4125 sit
557 4057 839 4141 denique
870 4080 1096 4123 rerum
1129 4058 1423 4123 omnium
1456 4057 1650 4137 linea,
1690 4058 1761 4126 in
1797 4079 1944 4141 qua,
1981 4078 2178 4140 quam
2213 4057 2389 4140 quis-

476 4166 563 4209 ue
607 4145 879 4210 sortitus
932 4146 1019 4210 sit
1082 4145 1151 4210 in
1205 4144 1328 4209 hac
1380 4143 1520 4208 vita
1562 4143 2026 4221 conditionem,
2087 4141 2386 4226 deponat.

434 4166 550 4296 {ic
594 4230 771 4295 enim
830 4238 1051 4313 sperat
1072 4281 1086 4309 ,
1146 4237 1220 4296 ut
1257 4239 1325 4294 et
1375 4230 1513 4311 ipse
1558 4250 1715 4294 suae
1759 4228 2147 4295 calamitatis
2187 4229 2389 4294 finem

436 4318 699 4382 visurus
743 4315 856 4381 sit:
898 4316 1167 4380 interim
1211 4337 1344 4380 000
1383 4316 1663 4397 respicit,
1699 4316 1934 4398 quibus
1968 4313 2222 4399 legibus
2255 4315 2391 4380 illic

438 4403 731 4479 vivatur,
777 4401 928 4484 quid
975 4402 1295 4480 facturus,
1353 4399 1509 4484 quid
1552 4421 1872 4486 passurus
1915 4400 2015 4466 sit.
2082 4401 2386 4480 Tantum,

437 4487 617 4552 omni
676 4488 879 4552 animi
933 4487 1164 4553 ardore
1220 4488 1469 4569 expetit
1524 4487 1768 4552 mutari
1824 4494 2240 4570 praesentem
2285 4507 2388 4552 re-

436 4591 589 4638 rum
632 4581 909 4652 statum,
954 4581 1031 4638 01
1072 4593 1215 4639 1000
1255 4581 1356 4640 001
1400 4594 1658 4651 eorum,
1704 4573 1814 4655 qui
1859 4571 2230 4637 vehementi
2275 4567 2388 4637 do-

435 4657 595 4725 loris
638 4680 839 4725 sensu
884 4668 1236 4742 urgentur,
1279 4667 1476 4743 atque
1520 4659 1933 4726 afflictantur.
2002 4658 2176 4722 Nam
2218 4659 2272 4723 si
2316 4659 2387 4722 in

436 4745 697 4829 magnis
751 4745 1020 4810 aestatis
1064 4731 1414 4824 caloribus,
1471 4745 1823 4829 benignam
1866 4744 2172 4829 hyemem
2218 4743 2387 4808 iudi-

439 4852 692 4896 camus:
738 4852 1039 4910 rursum,
1088 4831 1345 4916 hyemis
1388 4831 1737 4917 frigoribus
1780 4829 2037 4914 puncti,
2084 4829 2387 4895 omnibus

438 4919 606 4982 votis
649 4916 730 4982 ad
776 4924 1089 4982 aestatem
1124 4918 1518 5000 aspiramus:
1565 4916 1720 5000 quid
1754 4916 1949 4983 faciet
1980 4916 2055 4992 is,
2100 4916 2213 4997 qui
2246 4936 2388 4980 ma-

436 5024 599 5067 num
643 5002 771 5068 Dei
816 5003 1019 5067 sentit
1060 5002 1184 5068 sibi
1229 5000 1619 5069 adversam?
1689 5002 1873 5067 Nihil
1917 5000 2239 5067 malorum
2284 5022 2387 5065 re·

437 5088 661 5172 fugiet,
706 5087 900 5153 modo
959 5107 1266 5170 praesens
1319 5088 1567 5153 malum
1613 5089 1745 5154 effu
1797 5090 1901 5155 ’01
1962 5087 2110 5154 Ηο0
2152 5088 2209 5152 01
2254 5107 2384 5152 000

438 5172 568 5240 11110
621 5174 1081 5257 persuadetur,
1154 5172 1326 5237 nihil
1398 5176 1653 5239 mirum.
1792 5182 2155 5258 oncerpunt
2209 5173 2387 5238 enim

1968 260 2921 330 PSYOHOPANNYOHIA.

4338 273 4463 336 230

2502 453 2792 519 10100100
2835 452 3293 532 000100110100,
3351 454 3588 537 quibus
3632 476 3704 521 se
3746 455 4109 522 instruant:
4164 465 4235 523 at
4278 480 4461 525 sum-

2501 559 2680 604 mam
2735 540 2936 605 totius
2990 540 3206 622 operis
3260 560 3397 603 non
3452 541 3809 607 collimant.
3889 541 4021 623 Qui
4067 565 4226 610 vero
4280 554 4459 612 recto

2503 625 2688 690 oculo
2743 631 2948 690 totam
3002 625 3346 691 historiam
3402 629 3778 710 persequuti
3823 636 4007 707 sunt,
4067 630 4147 694 iis
4190 651 4298 696 me
4343 651 4457 715 ap-

2501 712 2932 794 probaturum
2974 732 3189 775 meam
3233 711 3549 776 rationem
3595 711 3863 778 confido.

2675 881 3086 948 Secundum:
3130 883 3484 963 Memento,
3522 884 3678 965 quia
3712 893 3951 949 ventus
3996 894 4096 951 est
4126 888 4265 952 vita
4288 908 4454 968 mea,

2503 977 2571 1035 et
2612 988 2748 1033 non
2791 974 3165 1034 revertetur
3200 967 3430 1035 oculus
3473 990 3661 1034 meus
3707 979 3784 1034 ut
3824 970 4048 1036 videat
4088 972 4285 1038 bona:
4333 996 4455 1042 000

2504 1054 2776 1139 aspiciet
2808 1075 2915 1119 me
2951 1056 3138 1120 visus
3174 1054 3479 1119 hominis.
3571 1054 3767 1121 Oculi
3804 1058 3900 1121 tui
3938 1058 4008 1122 10
4045 1080 4167 1137 100,
4213 1066 4280 1123 01
4321 1081 4454 1126 000

2503 1141 2876 1207 subsistam.
2980 1139 3170 1207 Sicut
3224 1141 3632 1206 consumitur
3687 1144 3896 1208 nubes
3954 1154 4021 1209 et
4121 1146 4452 1224 ertransit,

2504 1226 2598 1293 010
2643 1228 2757 1309 qui
2793 1224 3197 1292 descenderit
3239 1224 3323 1290 ad
3365 1225 3625 1305 inferos,
3673 1249 3806 1292 000
3851 1250 4045 1296 00000
4096 1239 4161 1295 01
4205 1232 4369 1315 (Iob.
4396 1237 4452 1313 7,

2503 1318 2538 1374 7
2586 1316 2722 1397 00.).
2830 1311 3085 1393 Quibus
3139 1311 3361 1378 verbis
3417 1312 3536 1377 Iob
3593 1312 3941 1396 deplorans
4007 1317 4176 1399 apud
4235 1318 4454 1384 Deum

2500 1418 2691 1465 suam
2736 1398 3167 1465 calamitatem
3187 1450 3202 1478 ‚
3262 1399 3330 1462 in
3384 1397 3509 1464 hoc
3564 1409 3943 1484 exaggerat:
4003 1411 4078 1466 ut
4121 1404 4223 1469 001
4269 1405 4457 1471 nulla

2500 1505 2648 1568 spes
2684 1485 2904 1550 exitus
2928 1485 3016 1549 sit
3047 1484 3391 1569 proposita.
3454 1484 3676 1550 Habet
3709 1505 3864 1568 prae
3889 1488 4095 1553 oculis
4115 1489 4290 1555 mala
4316 1510 4452 1572 sua,

2501 1591 2667 1654 quae
2715 1593 2784 1636 se
2818 1578 3300 1653 persequantur
3345 1569 3427 1633 ad
3464 1570 3855 1653 sepulcrum.
3937 1575 4108 1639 Tum
4151 1578 4451 1657 occurrit,

2498 1674 2578 1720 ut
2637 1678 2816 1721 mors
2875 1656 3118 1721 misera
3183 1658 3269 1721 sit
3322 1664 3677 1739 exceptura
3726 1659 3933 1723 vitam
3991 1661 4452 1728 calamitosam.

2500 1742 2650 1808 Non
2678 1743 2852 1808 enim
2874 1741 3065 1808 aliter
3086 1748 3306 1826 potest
3342 1743 3647 1826 cog-itare,
3685 1744 3795 1825 qui
3832 1766 4102 1810 manum
4141 1747 4267 1812 Dei
4304 1769 4454 1813 sen-

2502 1829 2583 1894 tit
2618 1829 2743 1894 sibi
2778 1828 3139 1893 adversam.
3231 1826 3337 1892 Ab
3372 1827 3497 1893 hac
3532 1828 3739 1912 igitur
3775 1831 4280 1914 amplificatione
4313 1856 4453 1900 mo-

2501 1922 2617 1980 vet
2637 1914 3170 1993 misericordiam,
3204 1920 3271 1979 et
3294 1934 3364 1978 00
3402 1911 3546 1978 Deo
3583 1916 4024 1982 miserabilem
4060 1918 4229 1984 facit.
4300 1920 4452 1985 Non

2500 1999 2692 2066 video
2736 1999 2893 2083 quid
2937 2011 3280 2083 praeterea
3320 2000 3662 2082 quaeratis
3697 2003 3769 2065 in
3807 2001 3932 2068 hoc
3966 2003 4107 2069 1000
4145 2005 4274 2071 0101
4315 2027 4449 2071 000

2501 2085 3008 2168 exspectandam
3051 2085 3621 2151 resurrectionem.
3703 2085 3896 2167 Quod
3937 2110 4071 2154 non
4115 2098 4214 2156 est
4257 2091 4455 2157 huius

2501 2173 2805 2251 instituti,
2852 2178 3177 2237 excutere.

2674 2343 3001 2407 Tertium:
3050 2341 3285 2408 Solum
3330 2344 3495 2408 mihi
3532 2352 3833 2427 superest
3866 2346 4240 2428 sepulcrum
4286 2348 4451 2433 (Iob.

2509 2432 2607 2507 17,
2651 2428 2734 2511 1).
2800 2428 2998 2492 Item:
3036 2428 3120 2493 In
3157 2428 3741 2511 profundissimum
3779 2430 4018 2495 inferni
4056 2430 4455 2499 descendent

2502 2514 2721 2579 omnia
2759 2519 2874 2592 [fol.
2916 2517 3022 2592 50]
3061 2535 3207 2578 mea
3241 2514 3423 2597 (ibid.
3455 2538 3552 2581 vs,
3587 2515 3712 2601 16).
3792 2514 3982 2581 Istud
4026 2517 4291 2600 quidem
4337 2540 4452 2584 ve-

2501 2600 2838 2666 rissimum
2883 2606 3001 2665 cst.
3090 2598 3321 2682 Neque
3365 2602 3543 2666 enim
3595 2601 3952 2684 quidquam
3998 2604 4205 2669 satius
4246 2611 4454 2669 restat

2501 2686 2581 2765 ei,
2627 2686 2740 2770 qui
2783 2687 3003 2750 Deum
3037 2685 3396 2768 propitium
3431 2708 3562 2753 non
3600 2687 3813 2767 habet,
3858 2688 4152 2773 (qualem
4197 2710 4268 2755 se
4310 2712 4453 2757 esse

2499 2772 2618 2838 Iob
2654 2778 2815 2837 tunc
2849 2771 3204 2858 cogitabat)
3252 2774 3470 2854 quam‘
3492 2773 3791 2838 infernus
3835 2779 3903 2838 et
3940 2794 4133 2841 mors.
4224 2774 4453 2856 Quum

2500 2858 2710 2942 igitur
2751 2858 3189 2942 percurrisset
3222 2878 3483 2924 omnem
3525 2857 3816 2925 fabulam
3851 2880 4123 2924 suarum
4158 2860 4454 2926 miseria-

2502 2965 2669 3024 rum,
2714 2944 2874 3011 dicit
2908 2950 3278 3011 extremum
3312 2950 3531 3011 actum
3567 2964 3729 3023 esse,
3776 2945 4237 3012 confusionem.
4328 2949 4453 3014 At-

2502 3052 2627 3114 que
2662 3031 2772 3096 hic
2807 3037 2908 3096 est
2942 3031 3156 3096 exitus
3192 3050 3440 3110 eorum,
3480 3051 3642 3115 quos
3676 3029 3863 3097 Deus
3900 3052 4021 3097 sua
4055 3052 4258 3098 manu
4304 3040 4453 3100 tan-

2503 3117 2616 3201 git.
2707 3117 2893 3181 Mors
2939 3118 3112 3181 enim
3157 3116 3227 3181 in
3264 3116 3366 3181 ira
3411 3117 3577 3183 eius:
3626 3118 3767 3182 vita
3811 3127 4033 3183 autem
4076 3119 4148 3182 in
4194 3119 4452 3185 miseri-

2501 3202 2737 3268 cordia.
2825 3201 2907 3268 Id
2942 3221 3078 3267 non
3111 3203 3519 3287 ineleganter
3553 3203 3907 3285 explicavit
3950 3203 4449 3271 Ecclesiasticus

2532 3288 2709 3354 Eccl.
2737 3292 2837 3366 37,
2864 3288 2974 3368 28)
3014 3309 3221 3370 00010
3257 3289 3375 3353 ait:
3418 3288 3582 3352 Vita
3603 3289 3732 3353 viri
3761 3289 3829 3353 in
3866 3310 4141 3354 numero
4163 3289 4447 3357 dierum:

2551 3375 2647 3439 'es
2699 3381 2917 3438 autem
2971 3371 3180 3438 Israel
3223 3373 3755 3440 innumerabiles.
3818 3374 4072 3438 Verum
4118 3377 4271 3458 quia
4315 3397 4446 3441 non

2499 3467 2600 3525 cst
2632 3460 2860 3524 firmae
2902 3459 3267 3525 autoritatis
3311 3460 3618 3543 scriptor,
3668 3461 3907 3525 omisso
3949 3459 4063 3523 illo
4100 3458 4447 3527 audiamus

2496 3545 2884 3629 prophetam
2925 3543 2992 3608 id
3029 3545 3166 3610 suis
3205 3545 3424 3611 verbis
3459 3545 3731 3627 pulchre
3766 3545 4137 3610 docentem:
4183 3546 4449 3611 Afflixit

2496 3630 2567 3695 in
2625 3652 2822 3696 cursu
2876 3631 3192 3696 virtutem
3250 3651 3499 3710 meam,
3545 3632 3790 3713 inquit,
3847 3630 4255 3696 abbreviavit
4306 3631 4447 3698 dies

2495 3737 2690 3781 meos.
2780 3714 3098 3782 Dicebam
3155 3725 3402 3781 autem:
3459 3717 3743 3781 Domine
3796 3716 3916 3795 mi,
3975 3736 4058 3779 ne
4103 3713 4295 3781 tollas
4338 3738 4446 3782 me

2492 3802 2567 3866 in
2609 3800 2876 3866 dimidio
2921 3801 3173 3867 dierum
3219 3823 3544 3882 meorum,
3588 3803 3659 3866 in
3705 3807 4048 3866 aeternum
4091 3807 4247 3866 0001
4287 3803 4444 3868 0001

2492 3889 2610 3952 tui.
2698 3888 3025 3953 Peribunt
3059 3887 3312 3953 coelum
3353 3897 3421 3952 01
3453 3896 3648 3964 terra,
3695 3907 3859 3969 quae
3894 3892 3969 3950 tu
4006 3885 4259 3969 pridem
4293 3888 4444 3953 fun-

2495 3972 2693 4039 dasti:
2752 3975 2966 4039 instar
3017 3974 3306 4039 vestium
3361 3979 3860 4056 corrumpentur
3914 3971 4118 4057 (Psal.
4174 3976 4313 4054 102,
4361 3978 4443 4039 25

2496 4058 2629 4144 ss.).
2732 4060 3075 4125 Hactenus
3140 4080 3337 4142 quam
3404 4059 3655 4143 fragilis
3720 4058 3809 4124 sit
3862 4063 3929 4123 01
3988 4060 4176 4123 fluxa
4228 4059 4444 4125 homi-

2494 4166 2657 4209 num
2689 4144 2977 4210 conditio
3021 4146 3339 4229 exposuit,
3378 4164 3699 4228 quamque
3723 4144 3771 4225 ¹)
3818 4143 3986 4208 nihil
4032 4145 4119 4208 sit
4154 4145 4276 4209 sub
4299 4166 4445 4211 coe-

2495 4231 2579 4297 lis
2623 4231 2882 4298 stabile:
2930 4252 3133 4314 quum
3171 4231 3299 4315 ipsi
3334 4250 3589 4314 quoque
3633 4230 3718 4295 ad
3759 4230 4105 4295 interitum
4146 4239 4441 4316 vergant.

2497 4316 2811 4401 Sequitur
2866 4324 3092 4400 postea
3157 4316 3348 4402 (ibid,
3384 4339 3478 4383 vs.
3529 4319 3610 4379 28
3666 4318 3809 4398 ss.):
3898 4317 4002 4380 'Pu
4080 4326 4296 4382 autem
4354 4339 4443 4397 cs,

2496 4410 2563 4467 et
2605 4405 2764 4468 anni
2799 4403 2900 4468 tui
2934 4424 3066 4469 non
3102 4402 3448 4468 finientur:
3488 4401 3608 4466 filii
3641 4423 3987 4469 servorum
4022 4410 4290 4467 tuorum
4324 4402 4445 4469 ha-

2494 4490 2831 4569 bitabunt,
2887 4496 2957 4555 et
3004 4489 3353 4573 posteritas
3412 4509 3638 4552 eorum
3682 4508 3902 4555 coram
3945 4494 4010 4552 te
4055 4489 4439 4555 stabilietur.

2492 4574 2627 4640 Hic
2649 4574 2966 4654 videmus,
3006 4583 3080 4640 ut
3103 4574 3359 4659 piorum
3396 4573 3674 4639 salutem
3708 4595 3858 4641 cum
3894 4572 4025 4638 Dei
4060 4575 4446 4641 aeternitate

2494 4662 2852 4746 coniungit.
2946 4660 3224 4741 Quoties
3272 4659 3482 4744 igitur
3537 4660 3703 4725 mihi
3738 4659 4047 4726 obiicient
4077 4660 4196 4726 Iob
4244 4682 4445 4726 manu

2494 4744 2623 4811 Dei
2670 4747 2986 4812 afflictum
3021 4753 3090 4811 et
3123 4767 3328 4829 paene
3355 4745 3941 4831 desperabundum,
3987 4746 4153 4811 nihil
4189 4748 4313 4813 sibi
4340 4768 4443 4813 re-

2488 4832 2743 4914 liquum
2787 4833 3130 4898 facientem
3148 4883 3162 4909 ‚
3211 4839 3472 4914 praeter
3517 4832 3852 4898 infernum
3887 4839 3954 4897 et
3986 4840 4294 4898 mortem:
4340 4854 4444 4898 re-

2492 4916 2839 5000 spondebo,
2884 4918 3052 4983 11010
3096 4918 3409 4996 Domino,
3456 4916 3635 4983 hunc
3692 4918 3944 4983 exitum
3990 4939 4111 4984 nos
4153 4940 4442 4998 manere,

2492 5192 2578 5246 bie
2631 5120 2690 5189 1)
2725 5139 3050 5245 θ0000000111
3097 5121 3249 5176 1542.
3334 5122 3550 5180 Gall-‘co
3597 5124 3772 5179 versio
3830 5124 3993 5177 etiam
4056 5122 4244 5177 habet.-
4304 5140 4448 5177 com·

2580 5209 2613 5246 0
2651 5208 2722 5260 00
2761 5233 2772 5245 .

3939 5276 4036 5331 15*

3055 5439 3094 5462 ἣ
