4984 5975
456 260 586 324 473

643 447 755 513 Ex
810 468 930 531 quo
975 448 1298 531 principio
1340 468 1499 529 quae
1528 452 1729 531 potest
1775 455 1895 528 [fol.
1938 454 2043 529 10]
2088 449 2416 515 emieorclia

464 536 752 615 sperari,
789 555 985 617 quum
1018 534 1430 599 omnimodam
1451 536 1802 615 perniciem
1843 536 2013 601 sedis
2045 536 2418 618 apostolieae

465 619 523 684 ii
578 620 772 684 unius
800 620 1018 701 partis
1055 625 1391 701 quaerant,
1442 620 1665 686 deinde
1715 619 1834 687 hae
1880 621 2189 687 destructa
2229 620 2418 687 totins

463 705 717 771 ordinis
756 705 1171 772 eoelestiastiei
1200 706 1744 786 perturbationem.
1797 785 1807 802 .

641 839 848 921 Quasi
906 861 1205 924 repressa
1270 843 1469 908 unius
1534 841 1887 927 tyrannide
1949 847 2163 908 totum
2226 863 2418 908 suum

465 926 766 991 ordinem
823 926 1094 992 ecclesia
1147 927 1450 1010 protinus
1495 929 1775 993 amittat.
1873 926 2009 994 Sed
2061 926 2184 993 hoc
2233 934 2420 993 acute

462 1011 662 1089 videt,
712 1011 979 1078 redacta
1010 1014 1081 1077 in
1124 1011 1421 1079 ordinem
1465 1014 1736 1099 tyranni
1778 1020 2119 1096 potestate,
2164 1014 2303 1078 fore
2347 1022 2423 1078 ut

461 1095 789 1163 satellites
832 1097 1028 1164 simul
1082 1109 1535 1176 coerceantur,
1581 1119 1668 1163 ne
1712 1106 1849 1164 tam
1893 1099 2252 1166 insolenter
2293 1099 2422 1163 las-

458 1182 728 1333 lqiviant.
788 1183 935 1249 Hoc
973 1183 1178 1268 igitur
1213 1192 1315 1250 est
1353 1183 1527 1268 quod
1571 1183 1864 1250 obscuris
1888 1193 1955 1250 et
1997 1184 2235 1250 odiosis
2274 1204 2422 1249 ver-

506 1267 564 1331 is
606 1268 916 1333 insinuat.

646 1439 823 1521 Quod
865 1441 926 1505 si
968 1460 1131 1505 anno
1172 1441 1488 1521 superiori
1532 1440 1810 1523 fecerunt
1848 1442 1921 1505 in
1975 1441 2174 1506 viridi
2185 1491 2201 1520 ,
2264 1441 2419 1523 qnid

466 1543 635 1589 nnnc
681 1525 917 1607 facient
958 1527 1026 1589 in
1070 1526 1271 1603 ando,
1316 1546 1509 1607 quum
1548 1526 1801 1591 videant
1832 1547 2054 1608 pacem
2096 1546 2238 1591 enm
2277 1546 2420 1610 φερε

473 1610 810 1677 Gallorum
851 1612 1126 1676 nondum
1168 1612 1518 1677 conclusam
1558 1617 1618 1676 et
1664 1613 1940 1677 Tuream
1979 1613 2113 1677 iam
2155 1612 2420 1696 Humyoe

462 1697 603 1760 riae
645 1696 1096 1776 imminentem,
1151 1698 1607 1779 offortunitaae
1647 1698 1815 1763 enim
1855 1702 2197 1779 temporum
2237 1701 2422 1764 erunt

456 1781 952 1848 insolentissimi.

636 1901 745 1967 Ex
815 1923 887 1967 se
940 1903 1308 1968 metiuntur
1364 1900 1540 1968 alios.
1630 1902 1845 1968 Vetus
1897 1903 2075 1967 enim
2133 1903 2256 1969 hoc
2319 1910 2420 1969 est

462 1988 957 2053 romanensium
1001 1989 1401 2071 pontificum,
1446 1995 1522 2053 ut
1542 2009 1671 2054 non
1697 1987 1909 2053 solum
1953 1987 2238 2054 dissidiis
2278 2010 2418 2054 mo-

464 2072 866 2139 narcharum
892 2071 983 2137 ad
1027 2073 1397 2157 augendam
1428 2095 1617 2140 suam
1650 2074 2012 2156 potentiam
2042 2075 2415 2152 abutantur,

463 2157 584 2224 sed
597 2160 797 2223 etiam
823 2157 1091 2224 dissidia
1108 2159 1285 2224 inter
1303 2179 1413 2223 eos
1435 2167 1502 2224 et
1522 2166 1749 2224 serant
1771 2178 2032 2241 semper
2051 2167 2120 2224 et
2130 2160 2415 2238 foveant,

504 2264 594 2309 uo
625 2243 924 2327 legitima
956 2244 1220 2309 illorum
1243 2244 1534 2326 potentia
1557 2245 1662 2309 vel
1695 2245 2049 2310 imminuta
2082 2244 2185 2310 vel
2208 2246 2417 2327 imwu

506 2330 603 2393 ita
628 2329 752 2413 ipsi
776 2350 963 2395 suam
995 2329 1408 2414 illegitimam
1436 2329 1808 2412 provehant
1837 2337 1905 2394 et
1936 2331 2146 2414 magis
2176 2330 2416 2414 magis-

458 2433 590 2497 que
611 2416 1015 2480 confirmcnt.
1059 2417 1155 2480 At
1175 2421 1613 2499 protestantes
1633 2414 1757 2480 hoc
1780 2435 1819 2478 a
1842 2413 2129 2480 Domino
2146 2437 2416 2499 precan-

460 2505 605 2579 tur,
660 2507 736 2563 ut
777 2500 1174 2565 monarchae
1189 2551 1205 2579 ,
1250 2500 1528 2584 privatis
1570 2499 2038 2584 cupiditatibus
2080 2502 2414 2585 repressis,

458 2604 724 2650 omnem
770 2605 937 2668 quae
990 2586 1166 2650 inter
1209 2607 1319 2650 eos
1364 2595 1663 2668 superest
1704 2585 2104 2651 simultatem
2147 2608 2415 2670 prorsus

458 2667 795 2753 deponant
837 2671 1326 2753 coniunctisque
1379 2677 1447 2736 et
1488 2671 1729 2736 animis
1783 2678 1851 2735 et
1902 2671 2170 2750 viribus,
2215 2693 2417 2755 quum

456 2753 1001 2822 instaurationem
1056 2755 1421 2841 religionis,
1476 2764 1620 2822 tum
1672 2756 2076 2824 crudelitatis
2130 2758 2417 2824 turcicae

454 2841 1015 2926 propulsationem
1051 2842 1429 2926 suscipiant.
1517 2841 1776 2907 Deinde
1821 2842 1877 2908 si
1920 2864 2003 2908 ex
2047 2850 2416 2925 temporum

459 2928 950 3012 opportunitate
994 2928 1262 2994 consilia
1305 2933 1648 3011 captarent
1680 2935 2138 3013 protestantes,
2182 2938 2251 2994 et
2283 2950 2416 2995 non

453 3011 584 3080 sibi
625 3013 845 3097 potius
879 3036 964 3080 ex
994 3015 1180 3080 iussu
1218 3023 1283 3079 et
1321 3015 1660 3081 voluntate
1691 3014 1965 3081 Domini
1997 3014 2415 3081 moderaren·

455 3103 601 3179 tur,
637 3120 838 3182 quum
876 3100 1039 3165 alias
1070 3099 1359 3183 pridem,
1405 3108 1547 3165 tum
1582 3121 1739 3167 vero
1772 3102 2122 3184 praecipue
2155 3100 2414 3184 quando

454 3182 882 3251 Francofurti
926 3185 1296 3251 habebatur
1338 3196 1698 3252 conventus
1712 3237 1728 3263 ,
1782 3187 1874 3252 sic
1916 3185 2148 3253 oblatis
2192 3187 2417 3253 condi-

459 3270 751 3337 tionibus
795 3272 899 3337 usi
940 3277 1189 3347 essent,
1244 3281 1321 3336 ut
1362 3279 1429 3337 et
1471 3271 1632 3354 ipsis
1677 3269 1872 3336 hodie
1912 3272 2136 3337 minus
2176 3272 2414 3339 moles-

462 3358 623 3437 tiae,
679 3364 748 3421 et
791 3356 1190 3422 Germaniae
1232 3356 1457 3423 minus
1498 3356 1770 3441 periculi
1815 3376 1855 3419 a
1895 3357 2414 3423 Romanensium

461 3448 600 3507 tam
666 3440 917 3507 artibus
971 3463 1170 3526 quam
1211 3441 1516 3508 violentis
1558 3441 2005 3509 molitionibus
2048 3442 2416 3508 timendum

460 3527 650 3594 foret.
725 3525 947 3608 Quam
983 3529 1163 3594 enim
1196 3548 1333 3593 non
1376 3529 1704 3603 viruerint
1740 3548 1847 3593 res
1881 3547 2089 3612 papae
2134 3549 2209 3593 eo
2245 3536 2412 3593 tem-

462 3634 644 3698 pore,
690 3613 856 3681 satis
901 3621 969 3680 et
1008 3616 1148 3698 ipse
1188 3614 1495 3680 meminit
1535 3621 1605 3679 et
1644 3613 1947 3680 omnibus
1988 3612 2117 3679 fuit
2158 3615 2413 3697 conspi-

461 3721 680 3766 cuum.
771 3698 908 3768 Sed
945 3699 1193 3766 dictum
1213 3720 1357 3765 esse
1390 3701 1636 3767 sanctis
1677 3706 2115 3783 protestantes
2154 3720 2415 3784 semper

463 3787 863 3871 cogitarunt:
922 3786 1008 3851 In
1057 3806 1173 3868 spe
1225 3792 1295 3850 et
1347 3785 1609 3851 silentio
1661 3786 1787 3851 erit
1825 3783 2135 3851 fortitudo
2175 3793 2409 3852 vestra.

636 3956 1189 4040 Nequam-‘entur
1230 3976 1296 4021 se
1329 3979 1373 4022 a
1408 3957 1550 4022 suis
1581 3955 2238 4041 quibuspeviinaeiter
2272 3956 2413 4023 liae-

456 4048 601 4110 rent
637 4042 960 4110 sententiis
998 4042 1296 4108 dimoveri
1331 4090 1592 4107 .....

638 4180 746 4247 Ab
770 4182 852 4245 iis
871 4179 1139 4263 quidem
1161 4178 1508 4245 sententiis
1526 4199 1689 4261 quas
1711 4199 1793 4244 ex
1815 4176 2016 4246 verbo
2036 4177 2165 4244 Dei
2186 4199 2335 4243 sum

468 4272 730 4346 serunt,
791 4271 910 4345 [fol.
958 4280 984 4329 1
1001 4270 1064 4346 1]
1110 4262 1423 4349 quidquid
1466 4263 1742 4344 accidat,
1801 4283 2140 4346 nunquam
2172 4262 2337 4328 dive

465 4374 539 4419 se
591 4351 943 4436 patientur.
1046 4352 1140 4417 At
1192 4352 1249 4417 si
1317 4370 1516 4435 quam
1573 4350 1969 4415 sententiam
2022 4356 2249 4414 tenere
2301 4370 2411 4415 eos

459 4439 612 4522 quis
654 4436 1029 4515 ostenderit,
1070 4457 1237 4520 quae
1272 4457 1426 4504 cum
1458 4435 1658 4503 verbo
1694 4434 1825 4500 Dei
1856 4456 1992 4500 non
2026 4436 2408 4512 consentiat,

455 4524 541 4590 ab
587 4544 691 4604 ea,
737 4522 1130 4607 simulatque
1173 4523 1417 4588 fuerint
1458 4521 1719 4601 moniti,
1773 4519 2055 4586 libenter
2104 4520 2411 4587 recedent

455 4610 655 4676 etiam
702 4610 754 4675 si
800 4608 986 4674 nulla
1029 4609 1341 4693 temporis
1376 4608 1761 4674 necessitate
1804 4613 2138 4691 cogantur.

634 4780 839 4862 Quum
871 4780 1251 4861 praesertim
1270 4781 1555 4846 maxima
1583 4780 1670 4843 sit
1697 4777 2031 4843 diversitas
2069 4779 2231 4843 inter
2250 4798 2412 4860 par-

460 4870 551 4933 tes
591 4886 714 4932 non
756 4866 952 4930 unius
994 4868 1105 4930 aut
1146 4865 1412 4929 alterius
1455 4865 1554 4951 (ut
1570 4863 1735 4948 falso
1757 4862 2093 4947 asseritur)
2136 4862 2408 4943 articuli,

462 4952 573 5019 sed
624 4951 959 5017 multorum
1002 4955 1058 5016 et
1088 4949 1433 5033 plusquam
1476 4951 1929 5035 quinquaqinta
1980 4949 2408 5015 articulorum.

630 5072 759 5137 Est
813 5091 972 5137 sane
1021 5070 1314 5135 maxima
1365 5071 1540 5136 inter
1580 5078 1803 5154 partes
1847 5069 2229 5149 diversitas,
2285 5088 2408 5135 nec

454 5159 659 5225 unius
705 5165 820 5224 aut
863 5156 1143 5222 alterius·
1175 5154 1433 5221 articuli
1481 5155 1798 5243 dissensio
1814 5207 1829 5238 ,
1873 5157 2006 5222 imo
2047 5174 2170 5222 nec
2211 5155 2406 5239 quin-

1961 258 2482 328 CONSILIUM
2521 261 2814 329 PAULI
2845 260 2974 325 III.

4337 271 4465 332 474

2521 449 2835 534 quaginta
2899 448 3221 514 duntaxat
3236 501 3253 529 ,
3329 449 3443 515 sed
3509 451 3709 517 totius
3777 473 4069 518 summae
4134 453 4469 539 religionis

2520 535 2940 618 omniumque
2996 534 3313 617 partium,
3384 536 3700 618 quamdiu
3753 538 4071 635 pontificii
4128 539 4469 608 evehendo

2520 641 2726 704 regno
2767 641 2885 685 suo
2927 620 3169 685 intenti
3213 619 3575 704 deprimere
3618 620 3873 688 chnsti
3924 642 4204 707 regnum
4245 625 4469 693 stude-

2522 705 2706 771 bunt.
2794 704 3187 772 Christusne
3243 727 3328 771 an
3383 707 3681 790 pontifex
3736 728 4044 773 romanus
4087 731 4471 793 supremum

2522 799 2720 874 caput
2770 792 3103 870 ecclesiae,
3159 812 3457 857 summus
3497 795 3831 876 princeps,
3889 795 4237 877 sapientia,
4281 797 4469 862 iusti-

2523 877 2619 942 tia
2669 898 2945 960 spesque
2997 877 3195 942 unica
3260 877 3493 942 salutis
3549 878 3778 944 haberi
3834 878 4095 959 debeat,
4151 879 4220 945 id
4270 889 4471 965 caput

2524 969 2627 1028 est
2668 964 2959 1028 omnium
3003 963 3614 1028 controversiarum.
3682 964 3830 1030 Hoc
3874 965 4050 1030 enim
4092 963 4467 1048 constituto,

2524 1046 2794 1113 Christo
2833 1047 3287 1114 -deferendum
3343 1069 3484 1114 esse
3548 1070 3744 1133 quem
3798 1048 4075 1117 dicimus
4131 1051 4467 1133 honorem,

2524 1154 2947 1217 quaecunque
3010 1132 3204 1198 hodie
3258 1134 3435 1199 inter
3496 1141 3720 1217 partes
3783 1137 4259 1203 controversiae
4314 1144 4471 1204 sunt

2525 1239 2659 1283 non
2725 1241 2970 1304 magna
3024 1218 3410 1285 difficultate
3475 1227 3967 1303 componentur.
4065 1222 4239 1288 Nam
4292 1222 4471 1306 quod

2524 1326 2732 1369 unum
2781 1325 2822 1369 a
2873 1305 3388 1388 protestantibus
3439 1307 3802 1388 quaeritur,
3868 1327 4093 1373 omnes
4149 1307 4349 1373 verbo
4402 1317 4470 1374 et

2523 1390 2783 1472 spiritui
2836 1390 3088 1458 Christi
3131 1410 3202 1455 se
3246 1390 3622 1471 subiicient‚
3680 1391 3934 1458 Christi
3987 1393 4242 1477 legibus
4286 1394 4468 1478 leges

2520 1476 2847 1558 pontificis
2890 1476 3310 1559 omniumque
3344 1475 3687 1548 hominum
3721 1477 4220 1560 posthabebunt,
4259 1485 4469 1546 totam

2522 1560 2753 1636 salutis
2804 1562 3113 1627 fiduciam
3166 1563 3236 1625 in
3293 1562 3524 1626 merito
3567 1561 3849 1642 Christi,
3908 1557 4108 1628 nullis
4153 1585 4311 1629 vero
4353 1572 4469 1630 aut

2522 1646 2831 1711 humanis
2875 1657 2989 1712 aut
3030 1646 3344 1731 angelicis
3386 1648 3690 1731 operibus
3725 1647 4060 1715 habebunt
4092 1650 4466 1733 repositam.

2523 1730 2656 1812 Qui
2697 1753 2854 1796 vero
2889 1735 2984 1797 ita
3018 1743 3174 1798 sunt
3206 1732 3426 1798 affecti
3459 1745 3527 1797 et
3560 1735 3936 1816 comparati,
3973 1755 4177 1818 quum
4201 1734 4468 1801 Christo

2522 1817 2659 1882 sint
2699 1818 2908 1897 insiti,
2974 1829 3051 1883 ut
3091 1820 3162 1882 in
3216 1839 3292 1883 eo
3346 1819 3573 1884 vivant
3629 1827 3695 1882 et
3737 1821 3879 1902 ipse
3926 1820 4001 1883 in
4063 1820 4222 1898 illis,
4280 1820 4469 1887 bonis

2521 1904 2826 1984 operibus
2878 1903 3162 1969 fideliter
3214 1902 3569 1969 studebunt
3626 1914 3820 1986 atque
3859 1905 4266 1985 incumbent,
4323 1927 4466 1972 car-

2521 2009 2675 2052 nem
2733 2010 2884 2055 cum
2939 1989 3184 2055 morbis
3233 1997 3302 2053 et
3358 1991 3894 2072 concupiscentiis
3957 1990 4148 2054 malis
4212 1991 4467 2057 crucifi-

2520 2081 2718 2223 ἔέἷίἑέ
2759 2094 3273 2226 ἓηὲἓοᾞιῗηὲῗ
3277 2073 3572 2225 118θὲἓὲ
3613 2076 4469 2243 {ffiiiffmssiapffiffiuffi

2521 2243 2894 2324 Christum,
2937 2246 3125 2312 facile
3170 2245 3250 2310 de
3294 2264 3371 2310 eo
3415 2266 3670 2328 quoque
3712 2247 4086 2324 conveniet,
4131 2255 4273 2311 tum
4316 2247 4467 2313 doc-

2520 2330 2798 2408 trinam,
2867 2340 3008 2396 tum
3071 2331 3511 2397 caeremonias
3578 2350 3807 2397 omnes
3870 2333 3964 2396 ita
4026 2332 4097 2395 in
4177 2333 4467 2399 ecclesiis

2520 2423 2819 2497 oportere
2862 2416 3325 2494 administrari,
3371 2425 3450 2479 ut
3491 2416 3707 2480 omnis
3750 2437 4023 2500 operum
4059 2421 4127 2479 et
4166 2418 4467 2499 propriae

2522 2501 2861 2585 dignitatis
2904 2501 3142 2567 fiducia
3185 2501 3527 2567 aboleatur
3569 2521 3646 2566 ac
3688 2502 4002 2579 intereat,
4060 2522 4208 2584 spes
4252 2504 4466 2568 omnis

2521 2594 2856 2652 avertatur
2898 2609 2938 2652 a
2979 2589 3313 2664 creaturis,
3363 2587 3515 2653 viva
3548 2593 3769 2651 autem
3810 2587 3882 2652 in
3916 2585 4260 2653 Christum
4302 2587 4465 2653 fides

2521 2674 2832 2756 erigatur,
2879 2681 3189 2758 augescat
3222 2682 3291 2738 et
3332 2671 3733 2738 stabiliatur:
3780 2670 4057 2755 denique
4101 2694 4223 2737 nec
4264 2694 4466 2756 grave

2520 2759 2646 2822 erit
2678 2764 2747 2823 et
2782 2757 3191 2841 disciplinam
3231 2757 3538 2824 ecclesiae
3572 2765 4076 2823 consentaneam
4101 2759 4465 2837 restituere,

2519 2849 2658 2907 tam
2712 2843 2785 2907 in
2828 2844 3148 2909 ministris
3203 2865 3404 2927 quam
3455 2842 3527 2907 in
3568 2842 3776 2925 plebe.
3863 2843 4075 2908 Nemo
4116 2844 4292 2908 enim
4333 2864 4467 2908 non

2519 2927 2769 2994 videbit
2826 2936 2894 2994 et
2945 2930 3245 3014 qualibus
3300 2929 3620 2994 ministris
3678 2927 3947 2995 ecclesia
4001 2935 4067 2993 et
4121 2929 4299 3013 quali
4340 2929 4466 2995 mi-

2519 3014 2714 3080 nistri
2780 3016 2905 3115 ipsi
2960 3023 3126 3116 tum·
3147 3017 3321 3081 inter
3355 3035 3467 3115 ‘se'
3505 3014 3732 3080 ordine
3788 3035 3862 3080 ac
3907 3014 4276 3098 disciplina,
4323 3023 4468 3081 tum

2517 3100 3386 3270 {ainamma
3406 3100 4467 3267 szssssszxzssssazffffiff

2517 3271 2695 3336 nime
2750 3269 3099 3337 obscurum
3155 3273 3299 3338 erit.
3388 3271 3706 3337 Exerceri
3750 3292 3907 3337 vero
3958 3293 4089 3336 non
4132 3292 4207 3336 ae
4292 3293 4327 3338 e
4369 3273 4465 3336 fe-

2517 3364 2684 3432 rent,
2722 3357 2795 3420 in
2834 3357 3070 3439 quibus
3106 3356 3411 3442 regnabit
3444 3358 3714 3440 spiritus
3747 3356 4287 3436 mansuetudinis,
4327 3378 4466 3422 mo·

2517 3440 2794 3521 destiae‚
2852 3443 3031 3526 pacis
3088 3463 3162 3509 ac
3210 3442 3610 3507 tolerantiae.
3698 3442 3806 3507 Ita
3856 3462 3978 3507 nec
4036 3440 4115 3506 de
4170 3440 4467 3507 doctrina

2516 3548 2639 3593 nec
2694 3526 2775 3593 de
2829 3548 2990 3593 vero
3043 3535 3601 3595 sacramentorum
3644 3548 3771 3592 usu
3826 3526 4096 3609 aliisque
4139 3546 4465 3591 caeremo-

2516 3613 2675 3689 niis,
2746 3634 2867 3679 nec
2933 3612 3013 3679 de
3076 3612 3418 3697 disciplina
3468 3613 3605 3677 ulla
3672 3615 3799 3677 erit
3852 3609 4234 3690 difficultas,
4303 3611 4465 3693 quin

2514 3697 2789 3779 pulchre
2830 3706 2898 3763 et
2937 3699 3189 3782 placide
3232 3699 3544 3766 ecclesiae
3589 3698 3765 3763 inter
3810 3701 3925 3776 [fol.
3969 3701 4069 3772 12]
4118 3716 4190 3761 se
4232 3703 4465 3761 coeant

2517 3791 2584 3848 et
2626 3804 2854 3867 pacem
2898 3784 3152 3851 Christi
3189 3786 3365 3851 inter
3406 3805 3477 3849 se
3522 3784 3603 3849 ad
3647 3783 3918 3865 plenum
3951 3781 4355 3847 constituant
4386 3801 4463 3848 ac

2515 3870 2922 3951 confirment,
2957 3871 3331 3953 ubicunque
3358 3889 3744 3954 persuasum
3783 3868 3926 3946 erit,
3970 3866 4315 3932 Christum
4343 3888 4464 3950 pro

2515 3976 2773 4020 summo
2831 3954 3043 4041 capite
3056 4007 3071 4032 ,
3129 3956 3425 4041 principe
3439 4005 3457 4034 ,
3607 3953 3951 4018 bernatore
4003 3959 4462 4037 servatoreque

2513 4040 2709 4107 unico
2751 4041 3101 4107 colendum
3143 4048 3213 4106 et
3251 4042 3495 4107 adoran
3541 4061 3674 4106 um.
3761 4036 3932 4119 Quis
3977 4038 4155 4103 enim
4196 4045 4462 4104 conten·

2515 4125 2629 4191 dat
2670 4147 2752 4192 ex
2795 4125 2879 4193 iis
2922 4127 3035 4210 qui
3077 4125 3346 4193 Christo
3389 4125 3610 4191 omnia
3648 4123 3965 4204 tribuunt,
4010 4130 4088 4189 ut
4129 4122 4269 4190 ulla
4309 4122 4460 4189 doc-

2513 4212 2691 4278 trina
2732 4211 2932 4278 verbo
2973 4213 3105 4278 Dei
3153 4213 3588 4296 praeferatur,
3644 4216 3720 4275 ut
3772 4209 4166 4276 eucharistia
4209 4209 4462 4292 aliaque

2514 4305 2925 4364 sacramenta
2966 4299 3178 4378 aliter,
3224 4298 3329 4364 vel
3372 4298 3443 4361 in
3486 4296 3685 4362 alium
3729 4296 3948 4375 finem,
3994 4316 4195 4379 quam
4227 4295 4460 4360 Domi-

2514 4405 2641 4450 nus
2684 4384 2825 4467 ipse
2867 4384 3304 4469 praescripsit,
3347 4381 3621 4465 apostoli
3663 4380 4102 4460 tradiderunt,
4148 4380 4458 4447 ecclesiae

2514 4470 2597 4535 ab
2639 4469 2828 4534 initio
2865 4477 3271 4554 receperunt,
3307 4466 3887 4534 administrentur?
3977 4465 4146 4548 Quis
4185 4487 4319 4532 non
4358 4473 4460 4531 ta-

2512 4554 2611 4619 les
2649 4555 2940 4622 ecclesiis
2978 4555 3244 4640 praefici
3286 4554 3448 4622 velit
3487 4554 3840 4632 ministros,
3877 4552 4105 4636 quales
4140 4573 4180 4616 a
4222 4551 4459 4636 spiritu

2514 4649 2740 4706 sancto
2782 4643 3212 4725 requiruntur
3254 4662 3329 4706 ac
3383 4637 3883 4705 describuntur?
3973 4636 4141 4719 Quis
4181 4658 4316 4702 non
4357 4644 4458 4701 ta-

2512 4725 2644 4791 lem
2685 4747 2795 4793 eos
2837 4727 3012 4793 inter
3052 4747 3122 4793 se
3164 4724 3460 4791 ordinem
3502 4747 3578 4791 ac
3621 4724 4034 4809 disciplinam
4077 4730 4301 4789 tenere
4342 4743 4457 4788 cu-

2514 4812 2682 4896 piat,
2740 4812 3002 4895 qualem
3055 4810 3443 4895 apostolicae
3507 4811 3737 4876 literae
3791 4810 4126 4876 observari
4177 4806 4451 4873 iubent?

2512 4898 2604 4961 Et
2657 4896 2918 4979 quando
2975 4897 3281 4964 Christus
3337 4898 3477 4980 ipse
3532 4904 3601 4962 et
3640 4896 3913 4980 apostoli
3957 4902 4256 4960 sanctum
4300 4913 4454 4958 con·

2510 4981 2786 5048 nubium
2838 5005 2878 5048 a
2931 5003 3117 5049 sacro
3168 4981 3533 5049 ministerio
3588 5004 3720 5048 non
3774 4981 4262 5057 disiunxerunt,
4305 4979 4453 5062 quis

2510 5088 2705 5134 verae
2746 5067 3053 5153 puritatis
3106 5077 3359 5136 amator
3411 5090 3544 5133 non
3583 5067 3774 5134 malit
3812 5067 4006 5132 unius
4049 5063 4275 5129 uxoris
4310 5083 4451 5128 ma-

2508 5154 2669 5220 ritos
2683 5206 2701 5234 ‚
2761 5173 2960 5239 quam
3016 5153 3099 5219 ad
3142 5162 3400 5238 stupra,
3455 5154 3915 5222 scortationem
3954 5157 4021 5214 et
4062 5148 4452 5215 immaniora
