4984 5975
383 368 497 427 113

373 552 662 629 insutus,
730 561 798 618 et
861 554 929 618 iu
989 556 1235 620 flumen
1292 555 1616 638 proiectus
1673 562 1878 634 essct,
1939 554 2062 620 hoc
2116 576 2322 639 genus

374 639 675 723 supplicii
741 638 824 705 ad
890 640 1248 722 parricidas
1316 641 1684 707 traductum
1749 649 1868 706 est.
1981 639 2322 724 Siquidem

373 724 641 791 deorum
687 747 763 791 ac
807 734 1155 809 parentum
1200 726 1622 794 violationem
1667 747 1872 809 aeque
1916 727 2168 811 expiari
2215 749 2322 792 ae-

374 832 567 895 quum
615 818 735 889 est,
781 811 876 877 ait
918 810 1241 878 Valerius.
1330 813 1412 876 In
1458 811 1782 877 codicibus
1829 810 2133 896 Dionysii
2179 814 2321 878 Ha-

373 897 752 964 licarnassei
800 897 1045 981 legitur
1098 899 1193 963 M.
1252 897 1576 967 Attilium.
1678 898 1827 981 Ego
1884 898 1977 962 M.
2030 897 2321 963 Tullium

372 981 819 1066 reponendum
885 1004 1114 1048 censeo
1181 1004 1265 1048 ex
1330 982 1617 1048 valerie.
1727 984 1911 1066 Lege
1974 984 2184 1048 multa
2249 984 2319 1048 in

373 1069 541 1134 hanc
584 1069 981 1133 sententiam
1039 1070 1109 1133 in
1151 1069 1446 1133 oratione
1501 1066 1841 1134 Ciceronis
1891 1089 2014 1152 pro
2062 1070 2319 1148 Rosci0‚

373 1175 564 1238 quam
621 1175 823 1237 supra
876 1152 1281 1227 citavimus'
1344 1152 1452 1218 Ad
1516 1154 1640 1219 hoc
1685 1154 1919 1219 alludit
1984 1154 2319 1220 Iuvenalis

371 1239 449 1304 de
490 1240 757 1305 Nerone
798 1239 1071 1321 loquens
1112 1239 1439 1322 parricida
1480 1246 1547 1303 et
1591 1238 1957 1327 matricida:

645 1341 809 1396 Cuius
846 1342 1110 1410 supplicio
1148 1358 1254 1395 non
1292 1342 1477 1395 debuit
1510 1359 1615 1395 una
1691 1343 1833 1395 arari

645 1409 824 1477 Simia,
862 1426 959 1463 nec
996 1426 1220 1478 serpens
1256 1426 1411 1478 uuuS,
1445 1426 1546 1464 nec
1583 1411 1788 1464 culeus
1823 1426 1979 1466 unus,

368 1496 459 1562 Et
501 1495 685 1561 alibi:
1337 1548 1342 1555 .

371 1597 516 1667 [pag.
532 1596 653 1666 1051
712 1598 787 1652 Et
822 1598 1190 1653 deducendum
1230 1599 1375 1652 corio
1414 1599 1567 1652 bovis
1601 1600 1654 1651 in
1690 1591 1855 1666 mare,
1895 1615 2011 1653 cum
2049 1615 2155 1667 quo

710 1668 990 1723 Clauditur
1023 1667 1267 1722 adversis
1298 1667 1519 1721 innoxia
1556 1668 1707 1721 simia
1740 1668 1884 1721 fatis.

537 1752 918 1819 Mollissimo
965 1773 1186 1838 yenere
1233 1750 1496 1839 poenae]
1564 1752 1696 1816 Pro
1752 1760 2018 1836 peceato
2076 1774 2317 1838 magno

451 1838 706 1904 ululum
751 1838 1052 1922 supplicii
1096 1839 1257 1916 satis
1301 1845 1403 1903 est
1444 1839 1642 1920 patri,
1690 1839 1905 1921 inquit
1948 1840 2314 1905 Terentiae.

364 1860 812 2005 &lamobrem
855 1924 1047 1988 divus
1093 1923 1425 1990 Adrianus
1477 1924 1690 1989 fertur
1732 1945 1883 1989 eum
1936 1925 2048 2008 qui
2092 1925 2162 1989 in
2204 1947 2318 1991 vc·

363 2012 629 2075 natione
664 2011 875 2075 filium
916 2031 1109 2074 suum
1135 2020 1500 2087 necaverat,
1536 2009 1707 2092 quod
1742 2030 2095 2076 novercam
2132 2009 2317 2076 adul-

361 2105 623 2173 teraret,
671 2096 739 2161 in
784 2096 1072 2162 insulam
1117 2094 1522 2180 deportasse,
1569 2094 1740 2177 quod
1782 2095 2060 2161 latronis
2104 2098 2316 2181 magis

362 2181 499 2247 iure
554 2204 755 2265 quam
811 2183 1020 2264 patris
1076 2203 1230 2247 eum
1307 2182 1753 2248 interfecisset.
1860 2182 2036 2246 Nam
2098 2184 2315 2266 patria

360 2278 653 2351 potestas
694 2268 762 2333 in
808 2269 1051 2350 pietate
1094 2268 1319 2345 debet,
1377 2288 1510 2331 non
1561 2267 1631 2330 in
1686 2267 2025 2332 atrocitate
2068 2268 2316 2334 consis-

362 2362 514 2419 tere.
606 2352 689 2417 Id
734 2355 935 2418 refert
975 2353 1345 2419 Martianus
1383 2352 1902 2418 iurisconsultus.

533 2437 615 2502 In
646 2439 785 2520 filio
827 2436 1313 2524 adulescentulo]
1360 2440 1778 2522 Argumenta
1811 2460 1852 2504 a
1887 2440 2314 2505 circumstan-

363 2524 486 2602 tiis,
536 2526 823 2607 primum
868 2524 1040 2608 quod
1084 2524 1468 2590 adulescens
1511 2530 1726 2589 aetate
1768 2523 2021 2590 lubrica
2062 2526 2133 2589 in
2177 2547 2315 2592 sce.-

361 2611 465 2676 lus
507 2611 735 2693 lapsus
778 2612 891 2686 sit,
947 2610 1183 2676 deinde
1234 2609 1405 2692 quod
1450 2630 1578 2674 non
1624 2607 1841 2679 audax
1887 2632 1963 2675 ac
2007 2632 2315 2694 praeceps

362 2697 559 2762 fuerit
601 2696 672 2760 in
715 2697 1001 2762 facinore
1043 2694 1493 2779 perpetranda.

1064 2900 1368 2969 CAPUT
1410 2863 1601 2981 ΧΠ.

541 3040 594 3106 Ο
653 3041 914 3123 diynum
955 3060 1134 3121 quem
1185 3041 1259 3104 in
1296 3040 1627 3106 consilium
1658 3044 1879 3120 patres
1930 3040 2311 3106 advocarent.

370 3129 424 3192 0
472 3127 737 3209 dionum
778 3146 959 3206 quem
1002 3126 1386 3192 cohaeredem
1436 3124 1855 3191 innocentibus
1896 3125 2109 3191 liberis
2161 3127 2314 3191 scri-

361 3213 579 3277 berent.
644 3210 717 3273 H
720 3232 826 3276 aec
857 3212 1176 3276 clementia
1214 3212 1570 3293 principem
1602 3212 1767 3276 decet
1781 3261 1796 3290 ,
1841 3217 1910 3275 ul
1955 3232 2309 3294 quocunque

356 3299 605 3370 venerit,
652 3299 1080 3362 mansuetiora
1103 3300 1315 3363 omnia
1343 3299 1554 3379 faciat.
1619 3297 1818 3362 Nemo
1847 3300 1984 3380 reyi
2002 3303 2133 3362 tam
2158 3298 2310 3364 vilis

356 3387 458 3463 sit,
479 3388 548 3447 ut
569 3383 755 3448 illum
765 3384 978 3463 perire
998 3403 1122 3448 non
1142 3386 1384 3461 sentiat,
1406 3385 1515 3464 qui
1537 3383 1985 3464 qualiscunque
1993 3403 2159 3464 pars
2194 3384 2310 3448 im·

343 3470 524 3552 perii
565 3473 671 3533 est.
762 3468 847 3532 In
899 3488 1132 3551 mayna
1186 3469 1456 3549 imperia
1498 3490 1575 3534 ex
1615 3467 1968 3533 minoribus
2010 3475 2308 3549 petamus

356 3554 719 3637 exemplum.
788 3554 936 3619 Non
977 3559 1065 3618 est
1106 3575 1305 3618 unum
1349 3554 1705 3636 imperandi
1742 3573 1956 3636 yenus.
2024 3554 2309 3636 Imperat

344 3643 649 3724 princeps
693 3641 927 3705 civibus
969 3641 1138 3719 suis,
1173 3646 1360 3722 pater
1400 3641 1630 3718 liberis,
1664 3644 2032 3722 praeceptor
2072 3641 2309 3707 discen-

356 3727 551 3805 tibus,
607 3727 897 3790 tribunus
950 3726 1041 3789 vel
1095 3728 1368 3791 centurio
1429 3725 1748 3791 militibus.
1841 3725 2061 3790 Nonne
2102 3727 2308 3807 pessi-

354 3833 501 3878 mus
529 3817 719 3893 pater
760 3812 1081 3891 videbitur,
1124 3813 1236 3893 qui
1276 3812 1557 3878 assiduis
1586 3813 1807 3893 playis
1848 3810 2073 3877 liberos
2114 3813 2306 3878 etiam

355 3919 440 3964 ex
480 3898 818 3962 levissimis
872 3897 1083 3963 causis
1136 3897 1577 3980 compesceret?
1682 3897 1829 3964 Uter
1868 3902 2078 3962 autem
2118 3920 2307 3980 prae-

352 3990 558 4072 ceptor
602 3983 964 4048 liberalibus
1006 3982 1240 4047 studiis
1273 3985 1538 4066 diynior,
1582 3984 1693 4065 qui
1735 3982 2137 4065 excarnificat
2178 3984 2309 4050 dis-

352 4070 594 4152 cipulos
636 4069 697 4133 si
740 4070 1037 4133 memoria
1080 4070 1216 4135 illis
1258 4089 1379 4134 non
1418 4071 1779 4149 constiterit,
1820 4074 1934 4134 aul
1974 4071 2036 4133 si
2067 4092 2308 4151 parum

354 4155 551 4238 ayilis
593 4156 663 4219 in
707 4154 954 4238 leyendo
995 4155 1204 4220 oculus
1245 4154 1540 4221 haeserit:
1585 4177 1669 4220 an
1712 4157 1825 4237 qui
1866 4156 2309 4222 monitionibus

353 4247 417 4308 et
458 4241 832 4305 verecundia
884 4241 1209 4306 emendare
1265 4263 1339 4306 ae
1381 4242 1591 4306 docere
1631 4241 1859 4307 malit?
1957 4239 2308 4307 Tribunum

351 4327 890 4407 centurimaemque
920 4328 1006 4392 da
1028 4347 1299 4404 saevum,
1343 4328 1683 4392 desertores
1711 4328 1928 4410 faciet:
1962 4327 2186 4408 quibus
2219 4334 2310 4393 ta-

350 4434 499 4478 men
551 4412 911 4495 iquoscitur.
1002 4411 1178 4478 Num
1229 4414 1531 4493 quid-nam
1575 4433 1843 4494 aequum
1885 4418 2001 4492 est,
2046 4416 2312 4495 ,oravius

350 4499 617 4576 homini,
659 4503 717 4561 et
757 4497 988 4563 durius
1027 4498 1352 4580 imperari,
1395 4520 1586 4580 quam
1627 4500 1975 4581 imperatur
2015 4501 2313 4567 animali-

351 4588 476 4651 bus
515 4583 755 4649 mutis?
841 4582 1065 4666 Atqui.
1098 4606 1324 4665 equum
1378 4606 1495 4648 non
1543 4585 1774 4650 crebris
1812 4583 2166 4650 verberibus
2207 4607 2311 4650 esc-

350 4675 543 4736 terret
593 4670 894 4736 domandi
928 4671 1179 4752 peritas
1222 4672 1537 4754 mayister.
1631 4670 1772 4734 Fiet
1813 4669 1978 4735 enim
2017 4671 2312 4752 formido-

351 4758 533 4823 losus
574 4760 631 4818 et
684 4760 1041 4834 contumax,
1098 4757 1230 4820 nisi
1270 4777 1408 4821 eum
1452 4761 1616 4822 tactu
1664 4755 2007 4820 blandiente
2035 4758 2314 4836 permul-

351 4844 538 4907 seriS.
625 4840 804 4906 Idem
842 4843 995 4922 facit
1036 4848 1312 4921 venator,
1354 4843 1465 4924 qui
1518 4843 1791 4907 instituit
1840 4841 2076 4907 catulos
2136 4845 2313 4910 vesti-

345 4930 472 5013 ρέα
510 4928 703 5008 sequi,
747 4929 973 5008 quique
1016 4929 1148 4991 iam
1192 4929 1543 4993 exercitatis
1580 4929 1779 4992 ulitur
1818 4928 1904 4992 ad
1949 4930 2312 4995 excitandas
2344 5001 2349 5007 ,

350 5013 457 5079 vel
487 5014 952 5096 persequendas
992 5014 1194 5095 feras,
1237 5033 1344 5079 nec
1387 5013 1593 5079 crebro
1636 5014 1772 5080 illis
1813 5015 2123 5098 minatur.-
2171 5035 2308 5081 con—

352 5100 572 5166 tundet
624 5100 792 5162 enim
845 5101 1118 5178 animos,
1173 5104 1230 5164 et
1272 5099 1578 5179 quidquid
1620 5105 1709 5165 est
1749 5101 2011 5178 incidie,
2066 5102 2310 5166 commi-

352 5190 588 5251 nuetur
643 5174 1051 5266 lrepidatione
1104 5185 1404 5268 deyeueri.
1495 5184 1625 5249 Nec
1677 5185 1989 5252 licentiam
2035 5188 2311 5272 vaqandi

350 5271 739 5351 errandique
798 5272 1047 5352 passim
1101 5271 1381 5335 concedit.
1478 5270 1777 5337 Adiicias
1818 5272 1921 5337 his
1971 5273 2137 5354 licet,
2182 5279 2310 5339 tar-

577 5372 800 5426 Galvz’m‘
827 5389 1008 5443 opera.
1092 5374 1204 5428 Vol.
1254 5374 1311 5427 V.

1757 367 2048 432 LIBER
2092 368 2145 433 I.
2237 366 2542 435 CAPUT
2585 368 2741 435 XV.
2809 369 3000 435 XVI.

4268 376 4393 439 114

2425 558 2612 623 diora
2655 563 2901 643 ayentes
2941 561 3247 624 iumenta.-
3308 580 3470 640 quae
3511 579 3703 641 quum
3746 561 3832 626 ad
3886 526 4287 628 contumelias
4335 568 4395 630 et

2425 645 2723 794 Ξῖὲἓῗέἰιὲε
2762 650 2914 709 nata
2954 645 3100 724 sint,
3135 646 3339 710 nimia
3380 645 3646 711 saevitia
3678 651 3979 729 coquntur
4020 648 4236 732 iuyum
4285 649 4393 714 de-
4489 668 4494 673 ·

2604 872 2746 945 [pag.
2793 872 2934 943 106]
3012 866 3204 946 Quem
3259 871 3482 948 patres
3532 868 3603 930 in
3653 866 4008 955 consilium]
4070 867 4205 950 Qui
4247 879 4390 937 tam

2426 949 2634 1015 fidele'
2677 951 3019 1017 consilium
3055 951 3242 1016 daret
3284 952 3696 1034 parentibus,
3756 963 3823 1017 et
3864 971 4388 1021 consentaneum

2424 1046 2740 1119 paternae
2783 1036 3287 1102 mansuetudini.

2589 1121 3008 1201 Cohaeredem
3040 1123 3460 1188 innocentibus
3491 1123 3705 1188 liberis
3784 1122 3915 1203 Qui
3951 1146 4083 1190 non
4119 1147 4389 1192 consec-

2425 1214 2682 1272 taretur
2739 1207 3173 1273 haereditates
3218 1230 3300 1272 ex
3344 1208 3618 1273 crimine
3660 1208 3709 1272 li
3755 1230 4044 1289 erorum,
4103 1231 4226 1278 nec
4270 1212 4385 1276 de-

2424 1293 2655 1358 iiceret
2698 1316 2733 1358 e
2776 1293 2985 1378 gradu
3028 1293 3356 1377 legitimos
3399 1293 3714 1360 haeredes
3759 1305 3833 1359 ut
3875 1304 3945 1361 s'e
3987 1298 4337 1380 ingereret.

2604 1377 2982 1466 Scriberent]
3044 1378 3348 1443 Scribere
3403 1378 3755 1444 haeredem
3813 1378 3985 1445 dixit
4027 1381 4215 1446 iuxta
4257 1381 4383 1448 dif-

2424 1464 2771 1528 ferentiam
2837 1466 2910 1528 in
2974 1465 3118 1529 iure
3177 1465 3621 1543 observatam,
3688 1475 3764 1530 ut
3817 1466 4053 1531 haeres
4097 1469 4384 1552 scriptus

2424 1558 2797 1632 opponatur
2839 1548 3105 1615 haeredi
3145 1559 3535 1633 nuncupato.
3639 1551 3941 1617 Iulianus
3983 1552 4056 1616 in
4100 1552 4141 1617 l.
4189 1554 4246 1617 si
4286 1554 4385 1619 ita

2424 1636 2741 1719 scriptum
2778 1636 2844 1700 ff.
2865 1635 2984 1722 ‚de
3044 1635 3361 1700 bonorum
3416 1657 3692 1718 possess.
3740 1636 4101 1702 secundum
4146 1638 4377 1705 tabul.:

2422 1719 2597 1785 Nam
2641 1719 3190 1804 quemadmodum
3233 1721 3368 1785 filio
3413 1722 3655 1805 scripto
3706 1722 3975 1788 haeredi
4020 1726 4382 1807 separatim

2422 1805 2507 1870 ab
2577 1804 2967 1872 haeredibus
3045 1807 3282 1890 patris,
3382 1808 3475 1871 ita
3548 1818 3924 1891 nuncupato
3991 1817 4207 1892 potest
4278 1811 4378 1875 vi-

2422 1890 2562 1956 deri
2626 1893 2981 1977 separatim
3048 1914 3089 1958 a
3146 1890 3408 1975 scriptis
3470 1894 3677 1977 patris
3734 1893 4127 1961 haeredibus
4175 1896 4378 1961 bono-

2421 1999 2569 2041 rum
2644 1979 3121 2061 possessionem
3199 1978 3360 2043 dari.
3497 1980 3589 2043 Et
3662 1979 3906 2044 ibidem
3996 1980 4377 2046 substitutio

2418 2083 2538 2145 per
2581 2064 3153 2146 nuncupationem.
3242 2064 3566 2148 Ulpianus
3623 2065 3691 2131 in
3734 2064 3775 2129 l.
3824 2064 4137 2131 haeredes
4183 2067 4248 2131 ff.
4297 2066 4380 2132 de

2419 2154 2599 2214 test:
2655 2148 2994 2214 Haeredes
3037 2150 3285 2232 palam,
3342 2159 3417 2215 ut
3459 2149 3759 2215 exaudiri
3799 2153 4079 2234 possint,
4124 2174 4379 2219 nuncu-

2418 2233 2616 2317 pandi
2662 2244 2835 2299 sunt.
2905 2235 3167 2300 Licebit
3210 2256 3367 2319 ergo
3401 2236 3668 2301 testanti
3710 2236 3818 2300 vel
3855 2237 4168 2303 haeredes
4204 2260 4379 2303 nun·
4464 2288 4470 2299 .

2418 2341 2690 2402 cupare,
2749 2319 2853 2384 vel
2908 2321 3209 2385 scribere.
3302 2320 3436 2387 Sed
3478 2322 3534 2385 si
3580 2334 3949 2405 nuncupat,
3996 2323 4217 2406 palam
4262 2323 4377 2388 de-

2418 2404 2545 2470 bet.
2635 2404 2823 2470 Idem
2863 2408 2909 2489 ξ.
2957 2406 3127 2488 quod
3169 2427 3352 2471 vero:
3401 2404 3598 2486 Quod
3645 2429 3799 2473 vero
3843 2408 3988 2490 quis
4034 2409 4377 2474 obscurius

2418 2492 2488 2555 in
2534 2499 2926 2556 testamento
2968 2491 3070 2556 vel
3117 2501 3473 2574 nuncupat,
3519 2492 3627 2556 vel
3673 2493 3915 2566 scribit,
3962 2514 4050 2557 an
4084 2503 4232 2576 post
4267 2515 4374 2559 so-

2418 2576 2644 2641 lennia
2707 2576 3021 2660 explicari
3085 2576 3321 2660 possit,
3390 2578 3744 2660 quaeritur.
3845 2579 4025 2662 Ergo
4084 2581 4373 2662 scriptus

2419 2661 2653 2727 haeres
2699 2683 2894 2746 quem
2948 2670 3220 2727 testator
3273 2683 3474 2727 manu
3519 2685 3641 2728 sua
3684 2664 4052 2748 scripserit,
4112 2686 4371 2730 nuncu-

2418 2755 2639 2830 patuS,
2697 2749 2885 2814 cuius
2935 2754 3176 2812 nomen'
3243 2746 3585 2814 dictaverit
3650 2756 3923 2814 testator
3989 2750 4202 2816 scriba
4254 2771 4374 2814 ex-

2417 2834 2718 2918 cipiente.
2790 2832 2981 2914 Quod
3026 2832 3311 2898 ostendit
3346 2834 3771 2917 Tranquillus
3815 2836 3885 2899 in
3929 2837 4233 2920 Augusto
4268 2835 4375 2899 his

2416 2920 2664 2985 verbis:
2706 2920 3204 2984 Testamentum
3238 2918 3409 3003 quod
3443 2918 3502 2984 is
3537 2920 3790 2985 Romae
3825 2920 4027 2985 etiam
4063 2919 4144 2985 de
4180 2920 4375 2987 Cleo-

2413 3014 2645 3089 patrae
2687 3005 2910 3071 libcris
2953 3007 3133 3071 intcr
3174 3004 3492 3071 haeredes
3547 3008 3940 3091 nuncupatis
3997 3007 4371 3090 reliquerat,

2415 3090 2840 3176 aperiendum
2920 3089 3458 3175 recitandumque
3527 3113 3645 3175 pro
3721 3094 4033 3160 concione
4097 3094 4368 3159 curavit.

2411 3179 2630 3243 Erant
2673 3179 2850 3243 enim
2901 3177 3091 3243 liberi
3143 3175 3528 3260 Cleopatrae
3583 3180 3651 3242 in
3706 3185 4101 3245 testamento
4146 3178 4376 3263 scripti

2412 3262 2761 3344 haeredes,
2818 3263 2934 3329 sed
2978 3264 3059 3329 ab
3119 3265 3533 3341 amanuensi,
3592 3265 3882 3330 Antonio
3924 3272 4372 3348 nuncupante,

2412 3371 2528 3415 seu
2574 3349 2878 3415 dictante.
2967 3348 3305 3414 Iuvenalis
3350 3347 3596 3433 Satyra
3638 3349 3802 3416 IH.:

2827 3451 2957 3520 Quis
2992 3466 3203 3520 pauper
3239 3451 3489 3506 scribitur
3523 3452 3759 3506 haeres?

2409 3538 2599 3604 Idem
2644 3537 2893 3623 Satyra
2936 3536 3050 3602 V.:

2721 3640 2772 3695 N
2776 3658 2845 3696 on
2880 3656 3020 3694 unus
3055 3640 3153 3694 tibi
3186 3639 3371 3695 rivalis
3408 3640 3699 3695 dictabitur
3730 3640 3946 3695 haeres,

2409 3727 2788 3793 Dictabitur
2801 3777 2817 3805 ‚
2872 3724 2940 3790 id
2991 3732 3092 3792 est
3142 3725 3644 3808 nuncupabitur.
3735 3723 3887 3806 Qua
3928 3725 4181 3791 ratione
4227 3725 4373 3797 Pli-

2410 3815 2561 3878 nius
2637 3812 2803 3878 libro
2855 3811 3051 3876 VIII.
3127 3811 3340 3895 Epist.
3417 3810 3587 3876 dixit
3647 3817 4099 3894 nuncupatum
4163 3818 4374 3878 testa-

2407 3906 2725 3965 mentum.
4298 3947 4302 3952 .

2584 3985 2672 4050 In
2711 4004 2943 4069 mayna
2983 3983 3253 4064 inmeria
3295 4003 3372 4047 ex
3412 3979 3785 4081 minoribus]
3832 3982 4079 4066 Arguit
4111 4003 4152 4047 a
4187 3982 4374 4048 simi-

2409 4071 2600 4138 libus.
2704 4067 3302 4151 Quemadmodum,
3361 4068 3606 4151 inquit,
3664 4088 3971 4152 prmceps
4027 4069 4164 4133 suis
4207 4067 4372 4135 civi-

2410 4159 2534 4223 bus
2589 4156 2905 4240 imperat,
2961 4156 3056 4219 ita
3106 4164 3292 4238 pater
3331 4145 3516 4231 filiis,
3574 4161 3959 4237 praeceptor
4012 4153 4370 4238 discipulis,
4445 4157 4451 4162 “

2412 4243 2715 4308 tribunus
2771 4263 2890 4307 seu
2956 4241 3250 4307 centurio
3296 4239 3635 4308 militibus.
3727 4241 3930 4322 Atqui
3981 4260 4114 4304 non
4159 4241 4371 4306 bonus

2414 4336 2517 4394 est
2558 4337 2763 4412 pater,
2810 4327 2922 4412 qui
2957 4347 3187 4409 aspere
3231 4326 3439 4391 filium
3474 4332 3731 4405 tractat,
3771 4347 3892 4391 nec
3935 4327 4145 4391 bonus
4179 4347 4372 4409 prae-

2414 4423 2658 4498 ceptor,
2705 4415 2815 4497 qui
2859 4411 3269 4496 discipulum,
3312 4419 3435 4476 nee
3479 4411 3687 4477 bonus
3724 4413 4042 4491 centurie,
4089 4412 4199 4494 qui
4244 4411 4370 4475 mi-

2414 4501 2617 4566 litem.
2714 4500 2897 4584 Ergo
2952 4520 3075 4565 nee
3126 4499 3337 4564 bonus
3391 4497 3696 4580 princeps
3753 4498 4061 4562 acerbum
4104 4504 4171 4562 et
4219 4520 4371 4564 cru-

2415 4585 2631 4652 delem
2675 4606 2903 4670 gerere
2959 4606 3032 4650 se
3074 4605 3232 4668 erg-a
3285 4604 3438 4649 suos
3478 4581 3687 4652 debet.
3777 4584 4008 4666 Neque
4052 4604 4372 4666 superva-

2414 4693 2610 4738 cuum
2645 4679 2746 4738 est
2779 4669 2952 4755 quod
2984 4668 3240 4736 Seneca
3273 4690 3541 4734 rursum
3575 4667 4070 4735 similitudinem
4106 4691 4146 4735 a
4180 4677 4372 4753 patre

2414 4757 2639 4823 trahit.
2732 4755 2911 4823 Sunt
2943 4757 3120 4821 enim
3163 4755 3387 4821 variae
3428 4754 3911 4821 similitudines.
3979 4755 4178 4821 Prius
4212 4775 4372 4821 con-

2413 4842 2664 4909 ferebat
2704 4842 3069 4927 principem
3115 4862 3266 4905 cum
3309 4848 3525 4924 patre,
3570 4843 3722 4924 quia
3762 4842 4067 4925 princeps
4182 4848 4210 4905 t
4250 4861 4370 4926 pa-

2414 4937 2520 4994 ter
2574 4929 2858 5013 patriae,
2926 4935 2995 4993 et
3048 4926 3368 4992 dominari
3433 4927 3570 4993 suis
3630 4926 3823 4992 debet
3881 4927 4067 5010 quasi
4152 4926 4366 4994 ‘beria

2412 5015 2610 5083 Nu'nc
2664 5014 2996 5098 componit
3046 5020 3300 5096 patrem
3365 5034 3516 5078 cum
3571 5013 3892 5096 principe,
3967 5013 4123 5096 quia
4177 5022 4371 5096 pater

2409 5102 2587 5166 inter
2625 5101 2795 5166 filios
2838 5106 2940 5166 est
2973 5099 3160 5182 quasi
3202 5099 3490 5184 regulus.

2589 5187 2812 5253 Nonne
2844 5187 3164 5268 pessimus
3181 5249 3192 5267 ,
3197 5183 3413 5335 paterii
3470 5186 3598 5251 Est
3641 5180 3817 5249 enim
3861 5194 4051 5268 pater
4092 5192 4372 5250 naturae

2411 5273 2798 5357 prodigium,
2844 5273 2954 5356 qui
2991 5272 3296 5337 affectum
3332 5272 3377 5336 il
3408 5293 3519 5337 um
3561 5271 3799 5336 amoris
3837 5291 3970 5335 non
4007 5271 4179 5355 gerit
4211 5291 4382 5355 erga
