4984 5975
1927 401 1934 416 ·
2043 374 2782 444 PROLEGOMENA.
3722 438 3727 447 .
4177 383 4430 451 XXXI

403 572 716 650 tempore
759 566 1006 647 varios,
1065 572 1136 632 et
1175 566 1455 651 singulis
1497 568 1670 632 vitae
1714 564 1942 632 stadiis
1986 588 2162 632 nunc
2205 566 2334 631 huc
2376 587 2556 631 nunc
2597 564 2755 629 illuc
2796 566 3087 631 maxime
3129 565 3415 633 intentos
3457 566 3711 634 facilius
3754 589 4121 654 cognosces.
4210 573 4431 658 Atque

405 686 493 742 ut
533 677 797 762 plenius
836 677 912 742 in
951 678 1214 745 lectoris
1257 677 1673 744 commodum
1716 677 2042 743 redundet
2080 677 2352 757 utilitas,
2397 699 2564 761 quae
2608 699 2691 743 ex
2729 677 2848 742 tali
2888 678 3316 744 materiarum
3354 678 3779 762 dispositione
3820 692 4147 764 nascetur,
4189 692 4428 753 tracta-

405 800 524 856 tus
565 809 686 872 pro
728 791 1050 855 sermonis
1093 790 1417 858 varietate
1457 789 1845 874 disposuere,
1889 802 1954 856 et
1995 789 2250 874 gallicis
2286 810 2327 854 a
2357 788 2585 855 latinis
2620 789 2937 855 seiunctis
2972 788 3298 873 duplicem
3331 811 3559 873 eorum
3600 792 3837 857 seriem
3871 796 4266 862 constituere
4308 819 4428 864 no-

403 898 675 966 luimus.

721 1012 870 1077 Iam
916 1011 1090 1095 quod
1129 1012 1213 1077 ad
1256 1014 1469 1079 fontes
1512 1014 1750 1079 attinet
1785 1035 1868 1079 ex
1913 1012 2150 1097 quibus
2192 1019 2417 1077 textus
2452 1010 2640 1077 nobis
2681 1011 3085 1078 hauriendus
3120 1021 3262 1077 erat
3304 1035 3503 1080 verus
3546 1022 3615 1079 et
3646 1015 4084 1098 authenticus,
4130 1038 4285 1084 mox
4328 1021 4428 1087 vi-

412 1122 635 1188 dimus
679 1124 1078 1190 recentiores
1123 1123 1442 1190 editiones
1486 1125 1773 1207 corporis
1815 1132 2220 1190 tractatuum
2259 1124 2563 1188 Bezanae
2617 1145 2802 1189 mera
2852 1143 2993 1189 esse
3046 1124 3424 1208 apographa
3438 1176 3453 1204 ,
3508 1126 3579 1190 in
3621 1126 3859 1210 quibus
3903 1149 3989 1193 ne
4032 1129 4427 1197 manifestis-

409 1236 586 1301 sima
627 1234 895 1319 quidem
935 1242 1155 1301 errata
1197 1235 1673 1322 typographica
1715 1235 2097 1302 correctoris
2141 1233 2435 1315 alicuius,
2479 1234 2590 1299 vel
2631 1235 2863 1317 primis
2898 1235 3241 1301 elementis
3284 1224 3536 1317 imbuti,
3583 1238 3804 1304 oculos
3847 1238 4241 1306 offenderint
4281 1263 4422 1306 ma-

411 1369 627 1414 nusve
667 1348 1009 1413 senserint.
1099 1346 1777 1413 Amstelodamensem
1798 1339 2025 1412 'solam
2080 1346 2495 1430 paucissimis
2547 1345 2804 1412 mendis
2857 1348 3239 1431 expurgatis
3295 1348 3423 1413 fide
3468 1348 3797 1431 aliquanto
3852 1351 4124 1417 caeteris
4167 1352 4422 1437 dignio-

411 1480 562 1524 rem
606 1480 749 1524 esse
793 1458 1245 1543 cognovimus,
1305 1460 1401 1523 ita
1441 1458 1702 1543 quidem
1759 1466 1838 1523 ut
1878 1458 2121 1538 editor,
2180 1460 2472 1542 quisquis
2518 1459 2630 1522 ille
2674 1460 2874 1523 fuerit
2892 1510 2908 1537 ,
2969 1457 3301 1524 interdum
3344 1471 3571 1525 vetera
3614 1461 4013 1544 exemplaria
4058 1463 4423 1547 inspexisse

407 1569 734 1637 videatur.
825 1571 1038 1636 Bezae
1079 1590 1238 1636 vero
1292 1568 1536 1635 librum
1555 1576 1560 1583 “
1581 1570 1801 1654 ipsum
1844 1570 2164 1654 plurimas
2205 1569 2517 1637 lectiones
2560 1569 2870 1635 exhibere
2915 1569 3359 1657 intelleximus
3415 1592 3577 1654 quas
3622 1568 3704 1637 ab
3746 1572 4219 1657 antiquioribus
4264 1575 4422 1641 alie-

409 1704 540 1747 nas
581 1702 793 1764 neque
837 1701 1104 1747 sensum
1144 1680 1544 1747 luculentius
1587 1680 1947 1747 reddidisse
1976 1681 2239 1762 dixeris,
2285 1703 2495 1765 neque
2532 1681 2807 1764 phrasin
2842 1682 3223 1761 excoluisse,
3272 1683 3402 1747 imo
3435 1683 3817 1765 saepissime
3853 1692 4111 1750 textum
4134 1687 4421 1768 vitiasse,

405 1795 554 1861 sive
602 1792 671 1858 id
713 1813 867 1858 casu
922 1802 990 1859 et
1029 1792 1436 1877 negligentia
1477 1793 1815 1875 acciderit,
1875 1793 2019 1859 sive
2075 1793 2438 1863 industriae
2491 1792 2665 1858 male
2718 1793 2933 1858 feriati
2991 1791 3327 1860 cuiusdam
3380 1793 3563 1860 scioli
3616 1793 3961 1875 debeatur,
4020 1797 4134 1880 qui
4172 1798 4421 1865 autoris

403 1911 704 1970 mentem
735 1901 958 1971 minus
995 1905 1162 1970 bene
1205 1913 1596 1987 assequutus
1631 1904 1754 1970 sibi
1799 1903 2193 1970 emendandi
2235 1905 2524 1970 officium
2560 1914 2806 1970 temere
2840 1905 3186 1990 arrogarit.

717 2015 976 2082 Verum
1019 2016 1219 2081 etiam
1264 2017 1323 2082 si
1365 2015 1528 2083 haec
1569 2038 1702 2082 non
1745 2018 1838 2081 ita
1881 2036 1954 2082 se
1999 2015 2338 2095 haberent,
2383 2037 2489 2081 res
2529 2017 2672 2100 ipsa
2708 2016 3021 2082 monebat
3061 2025 3138 2082 ut
3180 1998 3265 2081 ad
3307 2015 3626 2083 editiones
3668 2018 3994 2102 principes
4036 2019 4417 2103 rediremus,

405 2149 580 2213 quas
622 2128 942 2195 Calvinus
979 2129 1122 2211 ipse
1162 2128 1420 2195 curavit
1463 2136 1532 2193 et
1581 2149 1701 2212 pro
1745 2127 1982 2212 quibus
2026 2127 2213 2207 solis,
2263 2127 2421 2193 dum
2462 2129 2641 2212 typis
2677 2128 3235 2209 exscriberentur,
3294 2128 3597 2195 excubias
3658 2130 3871 2214 egisse
3926 2131 4260 2214 putandus
4299 2140 4416 2199 est.

403 2240 500 2306 In
542 2240 647 2306 his
681 2246 905 2305 autem
951 2239 1413 2324 conquirendis
1448 2260 1584 2304 non
1625 2238 1870 2305 eadem-
1886 2239 2005 2305 illa
2044 2241 2306 2305 fortuna
2340 2239 2445 2304 usi
2487 2261 2717 2304 sumus
2762 2261 2929 2324 quae
2966 2260 3088 2305 nos
3127 2240 3201 2304 in
3243 2230 3488 2306 maiore
3531 2261 3725 2324 opere
3757 2240 4203 2308 Institutionis
4243 2264 4421 2310 com-

404 2350 739 2437 putande,
794 2358 1022 2436 utpote
1063 2351 1271 2416 multo
1313 2351 1781 2434 frequentiore,
1837 2350 2198 2418 adiuverat.
2289 2349 2499 2417 Cuius
2542 2350 2782 2417 latinas
2821 2350 3140 2415 editiones
3185 2349 3269 2415 ad
3312 2372 3512 2416 unam
3555 2372 3781 2417 omnes
3821 2353 3948 2436 ipsi
3989 2354 4416 2437 possidemus,

405 2464 710 2529 munium
764 2463 1149 2529 mortalium
1198 2463 1271 2528 in
1314 2462 1440 2529 hac
1481 2470 1668 2546 parte
1723 2484 1943 2529 rerum
1988 2462 2292 2528 ditissimi
2309 2514 2325 2541 ,
2374 2461 2763 2546 gallicarum
2804 2483 3057 2545 quoque
3100 2461 3416 2544 plurimas
3469 2472 3726 2529 nostras
3767 2462 4038 2529 fecimus
4052 2515 4070 2544 ,
4126 2474 4417 2535 caeteras

407 2596 641 2642 omnes
655 2626 674 2656 ,
731 2582 1052 2659 quotquot
1103 2595 1396 2659 unquam
1440 2576 1771 2641 exstitisse
1812 2574 2221 2656 rescivimus,
2266 2595 2350 2638 ex
2393 2574 2595 2640 variis
2630 2574 3037 2640 bibliothecis
3080 2574 3485 2657 congessisse
3528 2573 3907 2658 gloriamur.
3994 2575 4260 2641 Minora
4301 2576 4418 2643 illa

411 2686 751 2770 opuscula,
798 2685 879 2752 de
922 2686 1160 2770 quibus
1204 2686 1313 2752 hic
1338 2687 1575 2772 agitur,
1621 2687 1835 2753 rarius
1863 2687 1995 2752 imo
2019 2685 2353 2753 rarissime
2386 2684 2653 2754 venales
2694 2694 3047 2752 occurrunt
3088 2686 3579 2769 quaerentibus,
3625 2693 3692 2751 et
3712 2687 3771 2751 si
3801 2687 4204 2752 occurrerint
4243 2707 4415 2752 non-

403 2798 542 2864 nisi
583 2819 826 2882 magno
870 2817 1024 2864 aere
1067 2796 1500 2864 redimuntur.
1577 2797 1874 2880 Quorum
1910 2798 2176 2882 quidem
2214 2798 2378 2865 satis
2422 2797 2840 2882 spectabilem
2882 2799 3134 2881 copiam
3179 2818 3390 2881 neque
3425 2796 3545 2862 ulli
3588 2796 3841 2864 alienae
3874 2797 4249 2864 inferiorem
4282 2799 4414 2865 ool-

401 2909 622 2994 ligere
664 2909 958 3008 contigit,
1003 2910 1074 2974 in
1116 2908 1257 2975 dies
1291 2911 1491 2975 etiam
1525 2910 1714 2976 novis
1737 2908 2212 2977 accessionibus
2245 2910 2728 2994 locupletatam,
2773 2909 2889 2976 sed
2933 2911 3311 2996 neutiquam
3348 2909 3653 2976 omnibus
3696 2911 3992 2975 numeris
4027 2910 4410 2979 absolutam.

403 3023 629 3090 Maior
659 3043 816 3106 pars
850 3021 1267 3106 paucioribus
1301 3029 1561 3087 tantum
1601 2999 2083 3106 exemplaribus
2123 3029 2655 3106 repraesentatur
2692 3043 2859 3107 quae
2900 3023 2973 3088 in
3006 3021 3416 3091 bibliothecis
3455 3023 3733 3106 publicis
3775 3029 4109 3089 asservata
4150 3023 4415 3091 delites-

397 3141 601 3214 cunt,
653 3134 728 3199 in
770 3154 1048 3218 quarum
1100 3133 1358 3200 scriniis
1408 3133 1602 3199 modo
1644 3133 1821 3201 hunc
1864 3133 2057 3199 modo
2097 3134 2288 3199 illum
2326 3132 2620 3200 libellum
2636 3185 2655 3216 ,
2708 3155 3031 3219 nusquam
3074 3140 3293 3201 autem
3336 3132 3501 3201 bene
3536 3134 3776 3216 multos
3819 3135 4015 3201 simul
4057 3136 4410 3205 inveneris.

403 3246 626 3315 Plura
666 3247 937 3311 omnino
980 3243 1321 3328 deperdita
1379 3244 1717 3326 videntur;
1761 3253 1936 3312 certe
1979 3246 2223 3313 nostris
2264 3245 2470 3312 oculis
2483 3297 2501 3327 ‚
2558 3246 2800 3334 ubique
2851 3252 3180 3312 terrarum
3233 3253 3301 3310 et
3341 3248 3775 3329 βιβλιοπωλῶν
3816 3247 4124 3313 tabernas
4167 3255 4233 3313 et
4270 3249 4414 3332 ipsa

401 3361 807 3443 βιβλιοφίλων
848 3356 1210 3441 penetralia
1250 3357 1752 3441 explorantium,
1797 3379 1941 3425 sese
1983 3357 2069 3422 ad
2103 3358 2288 3423 ‘hunc
2322 3357 2497 3423 diem
2538 3356 3014 3424 subduxerunt.
3104 3357 3535 3439 Quorundam
3575 3358 3847 3424 unicum
3887 3365 4146 3424 tantum
4187 3379 4411 3424 exem-

399 3472 557 3557 plar
597 3475 845 3551 exstat,
889 3468 998 3536 vel
1039 3475 1216 3536 certe
1258 3469 1466 3544 nobis,
1486 3469 1791 3550 innotuit,
1837 3477 2032 3553 atque
2073 3469 2234 3536 adeo
2274 3470 2345 3534 iu
2384 3476 2612 3535 nostro
2653 3469 2945 3553 ipsorum
2987 3468 3320 3550 thesauro,
3364 3470 3565 3536 etiam
3606 3470 3729 3537 hoc
3769 3470 4037 3540 nomine
4078 3489 4411 3535 commen-
4478 3499 4485 3502 Ἰ

399 3579 626 3649 dando
641 3633 657 3662 ‚
711 3581 872 3647 talia
924 3580 1247 3647 nonnulla
1297 3582 1601 3664 reperies.
1688 3582 1836 3648 Hoc
1889 3583 2175 3647 maxime
2229 3580 2310 3648 de
2365 3579 2497 3646 illis
2552 3581 2812 3666 scriptis
2867 3580 3045 3647 valet
3100 3602 3267 3664 quae
3320 3602 3536 3665 neque
3588 3581 3919 3648 Gallasius
3970 3601 4181 3664 neque
4232 3579 4412 3645 Beza

396 3697 474 3761 in
516 3714 707 3760 suam
749 3692 1197 3760 collectionem
1238 3694 1501 3777 recepit.
1589 3692 1778 3774 Quae
1821 3715 1906 3760 ne
1948 3694 2123 3759 inter
2165 3695 2611 3778 operariorum
2653 3714 2889 3759 manus
2929 3693 3252 3777 perirent,
3297 3693 3587 3776 primum
3626 3714 3763 3759 non
3804 3694 3946 3759 sine
3986 3690 4249 3774 magnis
4283 3691 4408 3755 im-

401 3806 638 3890 pensis
681 3803 928 3871 calamo
984 3802 1410 3871 describenda
1451 3805 1829 3871 curavimus
1843 3856 1862 3885 ,
1918 3803 2153 3871 deinde
2195 3804 2506 3890 descripti
2548 3803 2946 3888 exemplaris
2987 3824 3139 3869 cum
3181 3804 3538 3890 archetypo
3582 3802 3956 3872 conferendi
3999 3800 4409 3867 fastidiosum

395 3918 592 3984 nobis
631 3915 924 4009 laborem
967 3915 1427 3999 imposuimus,
1486 3916 1568 3981 dc
1610 3938 1686 3982 eo
1728 3916 1921 3983 unice
1964 3916 2223 3982 solliciti
2251 3924 2344 3981 .ut
2385 3938 2470 3982 ne
2507 3916 2664 4000 quid
2697 3916 2806 3984 vel
2848 3914 3127 3983 Calvino
3169 3923 3395 3981 nostro
3408 3966 3425 3996 ,
3482 3916 3588 3984 vel
3629 3922 3855 3980 nostro
3897 3913 4156 3979 saeculo
4188 3911 4408 3998 indig-

395 4050 567 4095 num
608 4048 730 4113 per
768 4049 892 4094 nos
933 4029 1005 4093 in
1045 4026 1381 4111 publicum
1424 4028 1653 4094 exiret.
1739 4028 1869 4094 His
1922 4028 2167 4094 talibus
2222 4028 2398 4095 curis
2440 4035 2508 4094 et
2544 4026 2807 4107 studiis,
2865 4047 3081 4112 neque
3122 4027 3495 4112 sumptibus
3533 4032 3877 4110 paroentes
3890 4076 3906 4105 ,
3958 4045 4173 4108 neque
4212 4025 4408 4090 itine-

395 4162 553 4207 rum
610 4139 945 4207 molestias
998 4139 1438 4206 detrectantes
1451 4189 1470 4220 ,
1525 4139 1995 4223 percontando,
2052 4140 2422 4222 scrutando,
2465 4139 2834 4220 coemend0,
2878 4146 3267 4225 apparatum
3311 4139 3677 4205 literarium
3716 4136 3917 4204 talem
3958 4135 4407 4221 congessimus

393 4263 481 4319 ut
517 4251 1006 4336 locupletiorem
1047 4271 1185 4317 non
1224 4239 1450 4335 possis.
1504 4248 1784 4336 Singula
1833 4251 2069 4334 quibus
2112 4249 2419 4318 subsidiis
2459 4252 2764 4319 instructi
2805 4251 3325 4318 recensuerimus
3358 4252 3429 4316 in
3472 4247 3891 4333 sequentibus
3935 4245 4254 4331 capitibus
4297 4266 4406 4312 ac-

393 4371 625 4432 curate
668 4362 1165 4443 declarabimus,
1210 4369 1280 4429 et
1318 4382 1596 4446 quorum
1635 4362 1936 4429 virorum
1979 4362 2225 4428 auxilio
2264 4362 2473 4429 adiuti
2513 4382 2876 4447 quarumve
2915 4362 3462 4429 bibliothecarum
3503 4359 3735 4445 opibus
3781 4359 3888 4425 usi
3930 4358 4143 4425 musei
4194 4356 4403 4425 nostri

395 4474 694 4544 defectus
734 4475 1278 4559 suppleverimus‚
1324 4484 1512 4558 grato
1555 4474 1773 4539 animo
1815 4494 1935 4539 suo
1975 4472 2114 4539 loco
2152 4474 2622 4558 profitebimur.
3170 4471 3173 4482 '

709 4586 814 4652 De
855 4584 1165 4652 methodo
1208 4592 1435 4652 nostra
1484 4586 1713 4653 critica
1754 4605 1889 4650 non
1931 4592 2033 4650 est
2074 4585 2249 4670 quod
2290 4586 2500 4652 fusius
2536 4585 2779 4651 iterum
2822 4583 3230 4669 disputemus
3283 4589 3435 4667 post
3475 4602 3556 4648 ea
3598 4604 3762 4667 quae
3805 4582 3879 4649 in
3923 4580 4402 4666 prolegomenis

395 4699 598 4784 primi
639 4697 993 4766 voluminis
1036 4697 1342 4763 diximus.
1434 4696 1618 4780 Quas
1662 4698 1849 4765 nobis
1890 4696 1981 4763 ibi
2020 4697 2203 4782 leges
2246 4698 2628 4781 scripsimus
2685 4696 2767 4762 de
2809 4696 3003 4762 rebus
3045 4694 3319 4762 minoris
3361 4695 3677 4761 momenti
3720 4715 3886 4778 quae
3929 4692 4014 4759 ad
4055 4693 4401 4775 interpun-

394 4809 598 4896 gendi
641 4809 964 4876 rationem
1009 4817 1336 4893 spectant,
1392 4808 1476 4874 ad
1528 4815 1749 4875 errata
1789 4808 2266 4895 typographica
2317 4810 2515 4876 tacite
2570 4805 2873 4889 delenda,
2930 4807 3013 4873 ad
3052 4806 3473 4891 allegationes
3514 4806 3878 4892 scripturae
3910 4824 4133 4883 sacrae
4172 4801 4400 4868 sedulo

393 4919 905 5000 examinandas,
965 4921 1254 5005 aliasque
1299 4920 1499 4987 huius
1542 4922 1805 5006 generis
1818 4973 1835 5003 ‚
1882 4941 1995 4987 eas
2038 4921 2147 4987 hic
2189 4941 2443 5005 quoque
2485 4919 2734 4987 dudum
2778 4919 3231 5005 comprobatas
3270 4918 3674 4986 servavimus
3687 4970 3705 4999 ,
3748 4918 4034 4984 maxime
4075 4922 4401 4999 quantum

393 5032 484 5100 ad
531 5029 957 5118 ὄρθογραφίὰν
998 5034 1351 5116 pertinent,
1396 5033 1670 5098 latinam
1716 5032 1800 5098 ad
1844 5054 2038 5100 usum
2085 5054 2503 5101 communem
2544 5031 3043 5108 conformantes,
3089 5027 3391 5113 gallicam
3435 5028 3934 5114 diligentissime
3972 5026 4057 5092 ad
4096 5043 4398 5091 normam

390 5143 760 5212 editionum
804 5141 1175 5227 principum
1228 5134 1584 5230 exigentes.
1673 5143 1978 5228 Quarum
2030 5146 2229 5211 etiam
2286 5151 2546 5212 textum
2601 5143 2840 5227 ubique
2894 5141 3176 5207 fideliter
3227 5143 3664 5222 restituimus,
3724 5139 3854 5206 nisi
3904 5139 4017 5206 ubi
4060 5135 4397 5204 evidenter

385 5256 756 5325 mendosus
808 5265 924 5320 aut
964 5254 1363 5339 depravatus
1416 5257 1615 5323 fuerit
1665 5277 1750 5323 ex
1790 5255 2189 5343 typographi
2244 5264 2311 5325 et
2365 5255 2745 5324 correctoris
2784 5253 3187 5338 negligentia
3194 5279 3212 5336 3
3256 5255 3588 5320 variantes
3638 5252 3947 5319 lectiones
3988 5269 4217 5315 omnes
4256 5244 4392 5311 edi-
