4984 5975
525 317 920 387 xxxvm
1696 290 2242 387 maAomA'rus
2287 316 2874 387 manonoelol
2913 318 3358 388 means.

525 529 721 575 nores
764 508 838 572 in
881 507 1109 593 spatiis
1150 506 1373 573 vacuis
1415 507 1666 591 positae
1708 529 1827 593 pro
1871 529 2054 575 more
2097 509 2237 575 eius
2282 506 2527 575 saeculi
2572 508 2819 592 passim
2861 508 3068 576 obvio.
3156 509 3610 577 Praefationes
3667 511 4044 579 charactere
4099 533 4372 579 romano
4415 535 4543 583 ex-

526 641 812 705 pressae.

833 730 958 797 Usi
978 751 1207 797 sumus
1227 729 1590 814 exemplari
1609 731 1681 795 in
1704 738 1929 797 nostra
1949 732 2241 814 ipsorum
2260 730 2652 798 bibliotheca
2673 736 3021 811 asservato,
3055 730 3295 816 alioqui
3314 753 3452 798 non
3471 733 3867 818 infrequenti
3901 734 4018 801 sed
4049 736 4267 804 rarius
4292 738 4533 806 venali.

837 844 1089 909 Textus
1132 841 1330 908 huius
1371 840 1525 907 libri
1561 841 1806 908 latinus
1845 842 2136 908 insertus
2180 841 2507 926 reperitur
2550 842 2856 909 omnibus
2899 844 3325 909 Tractatuum
3368 844 3747 928 corporibus
3791 844 3993 931 supra
4032 846 4333 915 laudatis.
4390 850 4537 918 Ex·-

524 962 661 1025 stat
715 953 889 1039 apud
947 952 1320 1021 Gallasium
1375 974 1523 1039 pag.
1579 958 1831 1036 1—-403
1897 954 2098 1021 etiam
2156 952 2331 1038 apud
2384 954 2766 1020 Barbirium
2821 955 3036 1037 primo
3088 954 3230 1022 loco
3272 956 3459 1021 venit
3515 978 3556 1022 a
3601 958 3876 1024 caeteris
3923 958 4193 1025 omnino
4238 961 4539 1029 numeris

526 1068 667 1133 suis
734 1066 1097 1132 distinctus.
1188 1065 1253 1131 A
1306 1066 1487 1131 Beza
1547 1065 1617 1129 in
1687 1065 1964 1132 classem
2031 1066 2422 1149 scriptorum
2474 1063 2790 1133 adversus
2846 1066 3311 1150 Anabaptistas
3376 1066 3704 1135 editorum
3770 1068 4015 1136 relatus
4076 1069 4321 1155 legitur
4384 1093 4537 1158 pag.

529 1182 656 1243 537
670 1181 926 1258 —569,
982 1178 1050 1243 in
1096 1176 1639 1244 Sanctandreana
1682 1174 1971 1244 secunda
2011 1198 2157 1261 pag.
2205 1180 2603 1257 449—476,
2648 1178 2720 1242 in
2763 1175 3110 1244 Stoeriana
3167 1199 3316 1264 pag.
3365 1182 3760 1258 387-411,
3816 1181 3890 1245 in
3930 1179 4532 1253 Amstelodamensi

524 1312 674 1376 pag.
723 1292 845 1355 335
859 1327 944 1338 —-
957 1293 1099 1354 355.

836 1400 1228 1465 Versionem
1269 1397 1574 1483 gallicam
1618 1419 1793 1465 anno
1841 1404 2003 1465 1558
2048 1400 2484 1483 antiquiorem
2528 1400 2887 1480 exstitisse,
2948 1399 3106 1465 dum
3157 1400 3427 1484 prolatis
3471 1401 3748 1469 testibus
3791 1403 3923 1469 fide
3965 1403 4181 1489 dignis
4225 1405 4333 1471 vel
4377 1404 4541 1473 adeo

523 1514 669 1599 ipso
722 1510 844 1577 tali
899 1512 1065 1577 libro
1106 1519 1364 1594 reperto
1419 1511 1690 1576 meliora
1731 1509 2141 1590 edoceamur,
2194 1510 2385 1577 nobis
2441 1510 2822 1594 persuaderi
2864 1533 2999 1577 non
3039 1512 3293 1594 poterit.
3394 1511 3674 1579 Interim
3728 1516 3997 1582 unicum
4049 1525 4537 1602 argumentum,

528 1645 657 1708 quo
713 1622 951 1706 aliquis
1006 1643 1154 1687 eam
1210 1623 1584 1705 opinionem
1639 1622 1867 1687 fulcire
1912 1622 2079 1688 forte
2133 1622 2671 1707 praesumpserit,
2720 1622 2792 1686 in
2845 1642 2922 1687 eo
2980 1623 3285 1702 vertitur,
3344 1621 3516 1706 quod
3571 1644 3735 1707 quae
3790 1624 3985 1691 hodie
4030 1627 4276 1712 legitur
4322 1630 4539 1696 versio

527 1742 791 1802 textum
833 1734 1033 1800 refert
1074 1753 1225 1798 cum
1270 1733 1553 1799 editione
1599 1756 1653 1798 a.
1708 1738 1876 1797 1542
1924 1735 2221 1818 apprime
2263 1740 2754 1818 congruentem,
2802 1739 2870 1797 et
2913 1734 3327 1816 sequentium
3369 1733 3727 1800 editionum
3770 1737 4135 1818 variantes,
4189 1759 4355 1822 quae
4400 1762 4535 1807 non

523 1866 773 1932 paucae
815 1852 989 1925 sunt,
1036 1846 1120 1910 ad
1161 1867 1362 1910 unam
1407 1866 1632 1911 omnes
1677 1845 2107 1930 ignorantem.
2181 1844 2434 1910 Verum
2478 1865 2682 1927 quum
2717 1844 2831 1908 illa
2874 1844 3088 1910 versio
3132 1845 3375 1929 absque
3419 1843 3616 1913 dubio
3658 1845 3973 1915 Genevae
4014 1849 4189 1915 facta
4233 1850 4337 1930 sit,
4377 1851 4535 1934 quid

524 1936 789 2036 mirum,
819 1956 1176 2023 Calvinum
1204 1958 1543 2042 interpreti
1568 1956 2024 2022 authenticum
2049 1977 2244 2022 suum
2282 1956 2621 2040 exemplar
2650 1954 3017 2037 tradidisse,
3063 1956 3298 2021 ultima
3330 1956 3474 2024 vice
3518 1978 3594 2022 eo
3636 1978 3808 2024 anno
3847 1958 4074 2043 (1542)
4118 1961 4260 2043 ipso
4304 1968 4537 2028 autore

524 2074 796 2134 curante
836 2074 953 2133 aut
993 2068 1379 2152 inspiciente
1425 2070 1849 2152 impressum,
1906 2088 2042 2132 non
2085 2089 2241 2134 vero
2296 2067 2586 2133 alienum
2630 2066 2891 2151 aliquod
2950 2074 3067 2133 aut
3107 2069 3408 2152 spurium
3424 2069 3455 2133 ?
3540 2069 3893 2136 Caeterum
3949 2070 4119 2139 hanc
4163 2073 4541 2139 versionem

524 2178 640 2245 alii
681 2179 966 2262 cuipiam
1009 2180 1224 2262 potius
1272 2202 1470 2264 quam
1515 2178 1793 2247 Oalvino
1849 2176 2098 2257 deberi,
2155 2201 2238 2245 ex
2281 2200 2359 2245 eo
2413 2179 2711 2264 sequitur
2754 2178 2926 2262 quod
2982 2180 3324 2265 archetypi
3367 2203 3633 2247 sensum
3679 2182 4015 2247 nonnullis
4058 2182 4217 2249 loois
4262 2184 4368 2251 vel
4410 2185 4537 2250 mi-

525 2313 652 2357 nus
697 2297 1000 2358 accurate
1053 2290 1161 2358 vel
1217 2293 1415 2357 etiam
1472 2311 1780 2376 perverse
1823 2289 2155 2356 redditum
2209 2291 2495 2358 exhibet.
2598 2291 2707 2356 Ad
2760 2311 2996 2357 manus
3046 2291 3173 2357 fuit
3215 2291 3414 2358 editio
3458 2314 3652 2377 quam
3695 2295 4064 2380 principem
4107 2315 4250 2361 esse
4305 2296 4533 2363 existi-

522 2424 800 2483 mamus,
846 2403 1156 2486 cuiusque
1199 2402 1431 2468 titulus
1472 2404 1612 2486 ipse
1657 2403 2026 2470 versionem
2065 2424 2293 2469 recens
2338 2404 2580 2470 factam
2619 2403 2801 2469 dicit:

475 2590 483 2605 Ι
835 2524 1556 2581 PsvcHOPANNYcfflE.
1619 2523 1628 2591 Ι
1693 2500 2231 2585 ΤΒΑΙΤΤΕ
2318 2502 2573 2585 PAR
2661 2501 2867 2583 LE-
2902 2498 2909 2617 Ι
2944 2501 3147 2611 quel
3237 2514 3370 2586 est
3440 2509 3767 2615 prouue
3851 2532 4017 2614 que
4077 2504 4209 2586 les
4270 2502 4530 2618 ames}

525 2631 886 2717 veillent
952 2642 1042 2715 et
1115 2631 1410 2714 viuent
1489 2660 1734 2743 apres
1825 2626 2269 2744 qu'el-{les
2352 2641 2547 2713 sont
2585 2630 2926 2725 ‚sorties
3004 2631 3121 2713 du
3181 2659 3462 2742 corps,
3541 2661 3737 2714 con·
3759 2628 3767 2745 ᾖ
3789 2641 3920 2714 tre
3998 2629 4353 2717 l'erreur
4426 2634 4537 2717 de

527 2761 943 2872 quelques
1020 2761 1268 2871 igno-
1288 2763 1297 2865 Ι
1315 2790 1512 2843 rans
1606 2760 1754 2870 qui
1812 2769 2176 2871 pensent
2249 2759 2605 2870 qu'elles
2683 2758 2877 2841 dor·
2900 2755 3163 2871 {ment
3233 2757 3578 2870 iusques
3655 2790 3766 2844 au
3841 2759 4176 2844 dernier
4250 2758 4528 2874 iuge-1

523 2899 782 2972 ment.
854 2892 866 2999 Ι
932 2900 1125 2966 PAR
1165 2900 1464 2965 IEHAN
1505 2900 1876 2968 OALVIN.
1930 2896 1942 2983 Ι
1991 2908 2410 2965 Νοιιυαασηιεηι
2443 2908 2656 2963 traduie
2699 2908 2766 2962 de
2787 2907 2962 2962 Latin
2996 2923 3065 2963 en
3087 2898 3392 2962 ‘stancona
3429 2907 3780 2976 (Emblema.)
3816 2900 3909 2966 M.
3935 2901 4303 2968 D.·LV[II.
4344 2904 4355 2989 Ι
4392 2904 4537 2969 Im·

523 3015 736 3098 prime
777 3033 898 3097 par
941 3010 1208 3079 Gom-ad
1247 3012 1516 3079 Badius.

831 3124 1181 3191 Emblema
1223 3136 1325 3191 est
1375 3136 1682 3192 PRELVM
1726 3135 2244 3193 ASCENSIANVM
2295 3127 2336 3191 i.
2383 3148 2437 3191 e.
2483 3124 2707 3191 tabula
2745 3125 2952 3208 ipsius
2999 3123 3400 3210 typographi
3449 3123 3646 3190 Badii
3688 3124 3990 3192 Ascensii
4044 3119 4377 3193 officinam
4428 3148 4539 3194 re·

524 3243 958 3322 praesentans
1001 3258 1153 3302 cum
1193 3236 1429 3323 adagio
1471 3238 1811 3321 inscripto:
1864 3221 1970 3304 EN
2013 3249 2115 3303 LA
2159 3248 2398 3304 svnva
2440 3247 2544 3303 DE·
2594 3237 2605 3321 Ι
2659 3244 2807 3302 'ron
2848 3246 3116 3304 wsAGE
3171 3246 3269 3302 'rv
3320 3244 3331 3313 ι
3375 3246 3781 3303 mennas
3836 3247 3935 3302 nn
3989 3247 4182 3304 ram.
4232 3240 4242 3324 Ι
4289 3240 4540 3305 Forma

525 3346 756 3415 eadem
809 3368 975 3432 quae
1031 3349 1538 3416 Rihelianorum
1588 3350 1959 3417 libellorum
2001 3350 2082 3417 de
2126 3351 2361 3435 quibus
2403 3369 2623 3433 supra.
2697 3348 3178 3430 Quaterniones
3220 3367 3461 3414 novem
3503 3354 3570 3413 et
3601 3347 3877 3431 insuper
3918 3350 4048 3415 tria
4079 3349 4236 3416 folia
4278 3350 4536 3436 (a—k),

524 3461 810 3547 paginae
857 3445 1242 3528 numeratae
1294 3464 1432 3527 150.
1523 3463 1694 3548 Typi
1747 3463 2081 3549 elegantes
2137 3462 2421 3541 romani,
2474 3460 2728 3544 primae
2783 3460 3207 3544 praefationis
3260 3459 3436 3544 (pag.
3492 3459 3724 3541 1—12)
3784 3460 4186 3545 grandiores.
4273 3460 4360 3526 In
4401 3461 4538 3528 fine

403 3662 414 3666 ἠ
525 3579 753 3638 textus
794 3572 1063 3657 legitur:
1111 3571 1176 3636 I.
1224 3572 1542 3639 TIMOT.
1586 3572 1643 3638 Ι.
1693 3585 1705 3657 ι
1762 3562 1912 3646 Au
1970 3564 2167 3674 Roy
2226 3562 2376 3645 des
2440 3561 2737 3645 siecles
2797 3559 3230 3644 immortel
3290 3569 3381 3641 et
3437 3557 3867 3667 invisible,
3946 3568 3996 3642 a
4054 3561 4284 3645 Dieu
4344 3560 4538 3644 seul

529 3727 736 3809 sage
797 3697 1182 3804 honneur
1244 3708 1334 3780 et
1390 3697 1669 3808 gleire
1733 3698 2400 3783 eternellement.
2457 3703 2468 3809 Ι
2548 3709 2842 3776 Unicum
2891 3709 3080 3776 nobis
3136 3709 3426 3774 innotuit
3484 3707 3684 3774 huius
3751 3707 3903 3774 libri
3957 3710 4294 3794 exemplar
4358 3708 4532 3793 quod

525 3819 866 3885 nobiscum
908 3820 1414 3886 communicavit
1459 3820 1584 3887 Vir
1637 3820 2155 3888 humanissimus
2208 3823 2290 3887 A.
2335 3822 2624 3900 Rattier,
2680 3820 3075 3904 Delphinas‚
3132 3821 3247 3904 qui
3288 3821 3423 3886 otia
3466 3841 3587 3885 sua
3629 3840 3781 3886 cum
3826 3819 4147 3915 dignitate
4189 3807 4539 3888 severiori·

525 3928 650 3996 bus
694 3928 927 3995 studiis
970 3930 1195 3997 dicans
1237 3954 1539 3999 concesso
1581 3934 1771 4001 nobis
1814 3954 2083 4000 suarum
2127 3934 2461 4018 copiarum
2505 3953 2631 3998 usu
2675 3939 2742 3999 et
2785 3932 2865 3997 de
2908 3932 3095 3998 nobis
3139 3938 3207 3996 et
3253 3932 3333 3997 de
3375 3929 3585 4010 literis
3628 3932 3793 3998 bene
3837 3933 4094 3998 meruit.

838 4042 1088 4108 'sextus
1132 4043 1331 4111 huius
1374 4044 1696 4110 versionis
1738 4052 2038 4128 receptus
2081 4054 2185 4112 est
2224 4046 2295 4110 in
2337 4046 2555 4111 Bezae
2599 4064 2839 4128 eorpus
2882 4044 3191 4128 gallicum
3232 4064 3379 4128 pag.
3425 4046 3652 4108 1—56.
3715 4041 3885 4107 Inde
3926 4042 4194 4110 transiit
4230 4044 4303 4108 in
4349 4040 4547 4109 Stoe-

521 4154 781 4218 rianam
822 4173 968 4238 pag.
1023 4159 1158 4217 1—
1175 4160 1274 4221 66.
1347 4156 1651 4239 Denique
1694 4165 1919 4221 nostra
1963 4163 2174 4222 aetate
2218 4157 2465 4240 recepit
2508 4156 2692 4221 illam
2738 4156 2815 4221 P.
2861 4154 3151 4221 Lacroix
3209 4175 3354 4239 pag.
3402 4159 3584 4218 25—
3601 4158 3741 4233 105,
3790 4153 4037 4220 scilicet
4088 4153 4214 4237 ipsi
4260 4153 4546 4219 Oalvino

520 4264 741 4329 autori
782 4284 930 4330 eam
971 4264 1288 4349 tribuens,
1334 4268 1405 4333 in
1444 4288 1573 4351 quo
1618 4267 1783 4333 Viro
1826 4265 2201 4334 doctissimo
2244 4289 2375 4333 non
2420 4264 2920 4350 adstipulamur.
2980 4262 2986 4266 ’

2250 4562 2661 4649 CAPUT
2725 4562 2836 4646 V.

519 4735 1262 4837 EPIsToLAE
1340 4685 1733 4840 DUAE‘
1801 4743 1990 4841 DE
2069 4706 2338 4841 ΗΕΒ
2354 4743 2505 4841 [Js
2596 4741 2927 4841 Hoc·
2968 4739 3300 4838 SAEC
3312 4737 3574 4837 ULo
3645 4661 4281 4837 ‘COGNITU‘
4318 4739 4536 4836 AP-

1667 4878 2099 4977 PRIME
2151 4878 3035 4978 NECEssARHS.
3106 4868 3406 4971 1537.

836 5071 1223 5163 Sequuntur
1266 5078 1394 5145 duo
1431 5078 1640 5156 libelli
1681 5079 1833 5148 inde
1875 5083 1957 5150 ab
2010 5083 2205 5149 initio
2258 5084 2533 5151 iunctim
2575 5080 2737 5149 editi
2779 5082 2861 5148 ob
2906 5081 3278 5168 argumenti
3320 5080 3837 5149 similitudinem.
3926 5078 4263 5166 Epistolae
4305 5079 4540 5146 dicun-

441 5193 450 5200 ’
520 5196 652 5272 tur,
699 5196 766 5256 et
805 5211 878 5256 re
920 5212 1078 5258 vera
1129 5191 1327 5275 sunt?
1338 5212 1457 5276 pro
1509 5200 1828 5278 perpetuo
1891 5196 2212 5262 sermonis
2265 5203 2522 5276 tenore,
2580 5215 2719 5262 non
2759 5216 2845 5260 ex
2901 5214 3091 5260 mera
3128 5192 3549 5261 dedicationis
3592 5194 3803 5261 forma
3816 5246 3835 5276 ,
3897 5213 4062 5278 quae
4103 5190 4293 5258 nulla
4330 5192 4545 5273 adest,

2537 5335 2579 5364 Ι
