4984 5975
358 336 480 400 145
1893 333 2183 399 LIBER
2225 333 2318 398 II.

355 521 700 604 aliqnando
728 519 905 601 fieret
943 510 1232 586 imlabat.
1293 519 1545 587 Invitus
1577 522 1770 587 invito
1793 542 1990 603 qum
2023 521 2302 586 chartam

343 607 714 691 protulisset
727 658 742 687 ,
798 608 1183 688 traderetque
1196 658 1210 686 ‚
1259 607 1655 686 exclamasti,
1716 606 1949 674 Vellem
2005 607 2303 673 nescirem

352 693 587 762 literas.
662 691 716 757 Ο
749 692 1006 773 dignam
1046 712 1246 758 vocem
1288 712 1481 773 qnam
1521 694 1817 760 audirent
1858 712 2063 758 omnes
2096 697 2303 775 gentes

353 798 516 861 quae
570 797 902 843 romanum
952 779 1288 859 imperim
1342 778 1574 859 colunt,
1635 799 1908 860 quaeque
1972 779 2156 843 inccta
2207 779 2303 842 ia-

352 870 486 929 cent
523 864 751 930 dubiae
793 862 1099 928 libertatis
1114 913 1130 942 ‚
1185 884 1461 945 quaeque
1510 886 1577 930 se
1638 870 1851 930 contra
1898 863 2139 929 viribus
2193 868 2306 929 aut

361 950 602 1015 animis
670 949 968 1014 attollunt.
1074 947 1128 1014 O
1191 970 1391 1014 vocem
1458 951 1523 1013 in
1601 949 1944 1016 concionem
2026 950 2304 1014 omnium

352 1035 711 1101 mortalium
762 1034 1151 1112 mittendam,
1219 1036 1291 1099 in
1357 1036 1541 1101 cuius
1601 1035 1788 1101 verba
1830 1037 2157 1117 principes
2210 1054 2303 1098 re-

346 1120 1511 1289 ffiffixmtffttass
1563 1122 2089 1272 fflffiffia
2127 1141 2303 1270 {⁶:331

353 1313 547 1373 quma
589 1292 754 1357 alud
797 1292 1132 1357 saeculum.
1227 1291 1415 1359 ane
1453 1294 1728 1375 profecto
1767 1294 2102 1358 consentire
2140 1293 2302 1357 dece-

352 1379 459 1443 bat
501 1378 592 1442 ad
627 1397 896 1457 aequum
939 1377 1281 1458 bonumque
1322 1378 1585 1459 expulsa
1599 1378 1812 1442 -alieui
1842 1378 2192 1459 cupiditate,
2224 1398 2302 1441 ex

352 1484 481 1545 qua
524 1484 696 1528 omne
740 1463 942 1527 animi
983 1462 1222 1526 malum
1265 1464 1499 1528 om'tur:
1531 1466 1846 1544 pietatem,
1891 1464 1962 1527 in
2105 1465 2118 1476 '

354 1569 499 1614 cum
537 1548 663 1630 fide
704 1569 776 1613 ac
817 1548 1116 1613 modestia
1156 1568 1426 1633 suryere,
1470 1555 1525 1613 et
1563 1551 1722 1614 vitia
1763 1549 2061 1614 diuturno
2104 1548 2305 1614 abusa

355 1654 562 1717 reyno,
610 1635 856 1699 tandem
895 1634 1067 1715 felici
1111 1654 1184 1699 ac
1216 1655 1385 1717 puro
1426 1636 1670 1701 saeculo
1713 1635 1867 1700 dare
1911 1635 2126 1700 locum.

526 1719 947 1785 Prooemium
996 1727 1097 1784 est
1149 1740 1282 1784 non
1325 1719 1518 1803 longe
1571 1719 1948 1803 discrepans
1993 1742 2032 1785 a
2072 1740 2302 1802 prooe-

355 1806 488 1870 mio
533 1805 683 1870 libri
728 1805 1108 1888 superioris,
1168 1827 1299 1870 non
1354 1827 1480 1890 quo
1537 1805 1922 1872 adhortetur
1973 1805 2305 1870 Neronem

358 1903 436 1955 ut
459 1891 873 1958 clementiam
909 1889 1132 1968 discat,
1172 1890 1287 1956 sed
1324 1902 1400 1956 ut
1441 1893 1546 1956 sui
1587 1881 1820 1958 similis
1863 1913 2005 1957 esse
2047 1899 2298 1974 pergat.

355 1975 565 2060 quue
617 1976 949 2041 laudantis
1011 1977 1223 2058 specie
1278 1977 1486 2060 magis
1550 1999 1751 2060 quam
1815 1977 2299 2060 praecipientis:

355 2084 489 2145 qua
522 2062 776 2127 ratione
809 2060 1216 2127 demulcendi
1240 2070 1398 2127 sunt
1419 2063 1761 2146 principes,
1797 2083 2077 2145 quorum
2105 2082 2297 2126 aures

353 2149 620 2214 veritati
644 2146 973 2225 delicatae,
1005 2149 1321 2213 acriorem
1336 2146 1713 2231 diciplinam
1734 2168 1869 2213 non
1892 2147 2132 2212 ferunt.
2178 2148 2304 2212 Est

355 2243 576 2299 autem
598 2232 706 2298 hic
737 2232 920 2310 liber,
959 2232 1132 2315 quod
1152 2234 1430 2298 Erasmo
1454 2254 1709 2317 quoque
1734 2235 1950 2322 visum
1973 2238 2122 2311 [pag.
2153 2238 2299 2311 139]

353 2331 481 2399 est,
527 2320 770 2402 partim
812 2320 1132 2398 concisus,
1179 2320 1421 2401 partim
1480 2319 1774 2384 mutilus:
1822 2327 1896 2384 ut
1939 2339 2072 2382 non
2113 2317 2302 2383 fflcile

355 2406 502 2487 quis
555 2404 781 2470 credat
833 2405 928 2470 sic
970 2405 1396 2487 compositum
1442 2426 1482 2469 a
1537 2403 1820 2483 Seneca,
1875 2413 1950 2468 ut
1997 2425 2174 2469 nunc
2230 2404 2302 2468 in

353 2490 659 2556 manibus
702 2490 995 2556 habetur.
1086 2490 1318 2573 Neque
1362 2500 1580 2556 tamen
1624 2491 1903 2574 pessime
1961 2487 2301 2554 nobiscum

355 2587 576 2642 actum
612 2585 727 2655 est,
771 2574 946 2658 quod
989 2575 1218 2641 saltem
1264 2573 1349 2639 ad
1391 2596 1511 2640 nos
1554 2575 2024 2659 qualiscunque
2066 2594 2300 2658 perve-

353 2663 471 2727 nit.
562 2661 848 2727 Videtur
893 2669 1116 2725 autem
1168 2662 1366 2744 longe
1419 2661 1598 2726 aliud
1650 2662 1850 2727 fuisse
1896 2661 2301 2744 propositum

355 2745 648 2813 Senecae
669 2747 743 2813 in
764 2746 887 2813 hoc
919 2746 1084 2811 libro
1109 2768 1309 2836 quam
1329 2747 1399 2810 in
1432 2748 1651 2831 priori.
1699 2747 1872 2811 Nam
1889 2767 2091 2829 quum
2113 2745 2302 2810 illum

355 2832 875 2899 accommodaret
900 2832 984 2897 ad
1008 2854 1276 2898 sensum
1297 2833 1694 2916 popularem,
1724 2833 1904 2897 hunc
1929 2830 2301 2899 Stoicorum

356 2918 707 3003 paradoxis
743 2929 808 2984 et
851 2917 1252 2984 scholasticis
1297 2919 1572 3003 argutiis
1618 2926 1832 2983 totum
1875 2918 2170 3002 aspersit.

544 3002 686 3071 Una
717 3026 813 3070 me
845 3025 964 3069 vox
1002 3010 1111 3069 tua
1179 3005 1398 3070 Huius
1442 3007 1538 3069 rei
1574 3012 1765 3070 autor
1804 3012 1905 3069 est
1949 3004 2300 3088 Tranquil-

356 3090 491 3169 lus,
540 3091 666 3157 hoc
707 3098 966 3155 tantum
1010 3111 1050 3153 a
1184 3112 1343 3156 neca
1388 3089 1723 3168 differens,
1780 3088 1951 3172 quod
2008 3088 2300 3154 admoni-

355 3180 509 3241 tum'
521 3177 767 3256 scribit,
805 3186 883 3240 ut
917 3174 997 3240 de
1033 3175 1350 3259 supplicio
1392 3175 1732 3242 cuiusdam
1757 3177 1970 3259 capite
2007 3175 2300 3240 damnati

356 3284 438 3328 ex
482 3281 666 3326 more
710 3261 1162 3328 subscriberet.

535 3348 710 3429 Quae
760 3368 883 3412 non
935 3346 1292 3446 composita]
1359 3347 1441 3412 Id
1505 3357 1606 3412 est
1670 3346 1754 3411 ad
1800 3347 2302 3412 ostentationem

357 3444 472 3499 aut
525 3433 1006 3498 simulationem
1060 3434 1331 3499 artificio
1384 3434 1690 3500 conficta:
1751 3429 1927 3517 quod
1978 3433 2303 3498 orationes

357 3526 498 3585 arte
533 3517 948 3602 compositae,
993 3519 1126 3583 fere
1167 3521 1491 3603 captiosae
1535 3520 1667 3585 sint
1710 3526 1779 3583 et
1820 3518 1903 3582 ad
1945 3517 2304 3583 fallendum

357 3612 799 3689 praeparatae,
844 3606 1011 3668 sicut
1046 3614 1271 3669 contra
1305 3606 1603 3671 veritatis
1638 3604 1919 3688 simplex
1953 3604 2159 3669 oratio
2205 3601 2302 3667 di-

357 3692 543 3757 citur.
637 3688 967 3755 Salustius
1011 3690 1086 3754 in
1126 3689 1483 3774 Iugurtha:
1531 3690 1683 3755 Non
1740 3698 1896 3755 sunt
1952 3690 2304 3772 composita

357 3775 558 3843 verba
592 3796 767 3855 mea,
813 3795 1047 3859 parum
1080 3774 1150 3840 id
1189 3776 1371 3842 facie.

531 3862 787 3926 Alienis
827 3861 1094 3927 auribus
1134 3862 1287 3927 data
1327 3860 1562 4011 subito]
1606 3860 1688 3925 Id
1745 3869 1847 3927 est
1901 3862 1975 3926 in
2022 3862 2304 3945 gratiam

360 3946 774 4013 audientium
813 3947 1092 4029 prolata,
1123 3948 1215 4013 sic
1259 3956 1335 4012 ut
1361 3947 1454 4012 uil
1499 3945 1675 4012 aiud
1721 3968 1919 4030 quam
1962 3968 2151 4012 aures
2194 3944 2305 4011 de-

359 4033 614 4098 leniret.
717 4031 790 4098 O.
854 4033 1213 4099 Trebonius
1265 4033 1473 4116 Epist.
1522 4032 1858 4098 Ciceronis
1900 4030 2065 4100 libro
2109 4032 2301 4098 xn:

357 4118 517 4184 Noli
569 4126 837 4201 putare,
881 4119 973 4182 mi
1018 4117 1282 4197 Cicero,
1330 4139 1435 4183 me
1475 4119 1599 4183 hoc
1643 4119 1907 4184 auribus
1950 4119 2084 4184 tuis
2127 4116 2301 4183 dare.

359 4201 567 4284 Quasi
619 4201 864 4269 diceret
916 4224 1142 4285 vocem
1197 4204 1368 4270 hanc
1418 4204 1704 4269 Neronis
1752 4225 1836 4269 ex
1901 4204 2031 4269 alto
2086 4204 2304 4269 animo

357 4290 734 4373 profectam,
780 4297 848 4355 et
888 4289 1118 4354 intimo
1162 4290 1417 4354 affectu.

531 4374 794 4439 Burrus
812 4376 1167 4457 praefectus
1196 4374 1368 4462 tuus]
1407 4375 1539 4440 Hic
1569 4383 1671 4441 est
1687 4376 2002 4441 Afranius
2024 4375 2302 4454 Burrus,

358 4461 544 4526 cuius
578 4461 845 4526 Tacitus
889 4468 958 4525 et
990 4461 1413 4544 Tranquillus
1445 4460 1907 4539 meminerunt,
1952 4463 2304 4542 imperato-

357 4547 496 4611 riae
519 4547 830 4646 iuyentae
864 4566 1012 4611 cum
1046 4546 1300 4613 Seneca
1334 4545 1705 4645 moderator
1722 4547 1934 4630 primo
1968 4546 2081 4612 illo
2112 4547 2303 4631 quin-

357 4631 1026 4800 ἓὲἶωοὸὲῗῖοἶῗὲἓ
1066 4653 1828 4784 ἓὶἱῖΨι-ῗὲιθὲιᾜιῑῖὦω
1841 4631 2060 4785 εέἶίξὲ
2115 4652 2303 4802 ξξῗιῖἶ

360 4803 557 4882 citus,
603 4803 894 4867 toxicum
947 4804 1154 4883 misit,
1202 4825 1331 4887 quo
1384 4804 1631 4871 scilicet
1682 4804 1941 4870 facilius
1990 4805 2130 4868 sins
2188 4803 2303 4868 tali

363 4896 534 4954 teste
573 4897 641 4952 et
675 4888 920 4953 arbitro
955 4891 1289 4955 insaniret.
1349 4890 1474 4954 Vir
1507 4910 1778 4973 prorsus
1811 4899 1879 4955 et
1910 4889 2303 4955 militaribus

363 4973 569 5051 raetis,
609 4980 675 5039 et
718 4975 971 5039 iustitia
1009 4975 1140 5040 insi
1237 4977 1249 4990 ⁸
1292 5026 1305 5039 .

539 5057 901 5141 Praefectus
933 5057 1107 5145 tuus]
1141 4997 1568 5125 ffifectum
1606 5062 1931 5145 praetorio
1965 5060 2304 5144 intelligit:

357 5164 526 5227 quae
570 5143 855 5227 dignitas
891 5146 1142 5211 Romae
1183 5146 1306 5211 sub
1343 5145 1732 5212 Caesaribus
1775 5157 1918 5211 erat
1958 5146 2300 5230 primaria:

359 5229 536 5313 quod
597 5231 820 5312 ipsum
883 5230 1307 5314 comprobant
1369 5231 1805 5298 iurisconsulti
1863 5232 2172 5298 Aurelius
2237 5238 2304 5296 et

570 5329 796 5391 cavens·
813 5347 997 5403 opera.
1081 5331 1194 5388 Vol.
1231 5330 1294 5386 V.

2407 332 2712 399 CAPUT
2756 334 2811 399 1.
4237 289 4356 402 146

2405 521 2843 604 Pomponius:
2912 542 3192 604 quorum
3256 521 3367 587 ille
3432 522 3642 588 instar
3701 525 3999 608 magistri
4064 526 4357 607 equitum

2405 606 2807 688 praefectum
2849 608 3172 690 praetorio
3218 627 3361 673 esse
3404 608 3656 687 scribit,
3714 610 3822 675 hic
3875 609 4164 675 officium
4217 613 4357 677 eius

2404 691 2540 756 tale
2594 692 2730 758 fere
2785 714 2927 758 esse
2980 692 3181 758 tradit
3194 743 3212 771 ,
3268 692 3460 776 quale
3513 695 3760 760 tribuni
3814 694 4123 760 Celerum
4179 697 4358 780 apud

2407 798 2628 861 reges,
2675 777 2846 861 apud
2891 777 3237 845 dictatores
3280 779 3584 863 magistri
3627 782 3938 862 equitum.
4029 782 4197 846 Erat
4240 804 4355 847 au-

2406 871 2544 928 tem
2585 865 2902 947 magister
2935 865 3235 947 equitum
3278 864 3600 929 secundae
3643 867 4004 948 potestatis,
4051 869 4107 932 si
4152 867 4356 932 dicta-

2408 957 2513 1013 tor
2555 948 2842 1015 adesset:
2896 949 3007 1015 illo
3052 948 3353 1028 absente,
3409 952 3688 1033 primae:
3737 961 3812 1017 ut
3854 951 4045 1017 docet
4083 953 4356 1019 Plutar-

2407 1034 2571 1100 chus
2615 1036 2687 1098 in
2732 1037 3043 1100 Antonio.
3132 1035 3318 1102 Haec
3376 1037 3704 1103 sententia
3747 1037 4054 1103 Andreae
4097 1038 4355 1105 Alciato

2406 1118 2883 1186 Mediolanensi
2939 1143 3073 1185 non
3126 1121 3366 1203 placet,
3423 1121 3579 1204 quia
3630 1123 3997 1207 refragatur
4040 1126 4355 1191 constitu-

2407 1205 2570 1270 tioni
2670 1228 2793 1271 uae
2849 1215 2951 1272 est
3008 1207 3129 1272 sub
3186 1207 3283 1270 tit.
3340 1205 3420 1271 de
3473 1208 3776 1290 praefect.
3830 1210 4159 1290 praetorio
4215 1212 4355 1275 sive

2406 1291 2603 1369 urbis,
2627 1227 2755 1356 (lib.
2794 1291 2956 1357 XII.
2994 1291 3067 1357 O.
3114 1313 3278 1374 quae
3320 1293 3723 1375 praefectum
3757 1294 4084 1375 praetorio
4119 1304 4358 1378 aequat

2408 1376 2729 1460 dignitate
2773 1379 3106 1462 magistris
3149 1379 3440 1460 equitum
3484 1399 3559 1444 ac
3601 1379 3930 1462 peditum:
3987 1400 4113 1464 quo
4158 1401 4354 1466 argu-

2405 1471 2632 1526 mento
2675 1462 2922 1547 colligit
2964 1463 3279 1529 discretos
3316 1463 3518 1529 fuisse
3563 1466 4005 1549 magistratus.
4072 1466 4152 1531 Id
4197 1487 4354 1533 vero

2407 1547 2600 1629 quale
2636 1548 2742 1627 sit,
2781 1547 3216 1631 dispiciamus.
3284 1550 3588 1615 Primum
3622 1558 3829 1633 putat,
3869 1561 4185 1634 regnante
4220 1553 4355 1617 Ro-

2406 1632 2610 1712 mule,
2658 1654 2808 1699 eum
2850 1636 2960 1718 qui
3005 1644 3310 1718 praeerat
3352 1637 3693 1718 praetoris,
3742 1636 4008 1701 solitum
4052 1638 4250 1702 etiam
4284 1639 4356 1703 in

2406 1718 2580 1783 bella
2621 1720 2886 1803 prodire
2901 1772 2916 1798 ,
2974 1720 3349 1803 dictumque
3389 1721 3783 1804 magistrum
3827 1723 4134 1804 equitum.
4225 1724 4356 1790 Hic

2406 1805 2607 1869 velim
2650 1804 2965 1871 edisserat
3005 1806 3192 1871 nobis
3211 1835 3220 1846 ’
3237 1807 3381 1890 quis
3424 1806 3537 1870 ille
3578 1807 3777 1872 fuerit
3818 1809 4133 1891 magister
4175 1811 4356 1891 equi-

2405 1897 2547 1954 tum
2560 1941 2576 1968 ,
2632 1892 2743 1974 qui
2785 1898 3088 1980 praeerat
3128 1891 3505 1974 cohortibus
3550 1894 3980 1975 praetorianis
4023 1895 4196 1960 circa
4236 1916 4355 1977 pa·

2404 1975 2637 2039 latium
2678 1977 2981 2042 Romuli:
3027 1998 3219 2060 quem
3265 1998 3347 2042 ne
3389 1977 3531 2059 ipse
3573 1977 3839 2061 quidem
3987 1980 4232 2059 mulus,
4279 1987 4355 2045 ut

2406 2061 2716 2141 arbitror,
2775 2072 3067 2129 noverat.
3159 2061 3410 2128 Omnes
3470 2063 3647 2128 enim
3702 2065 4119 2130 consentiunt
4160 2086 4352 2131 voca-

2405 2155 2549 2211 tum
2592 2147 2822 2227 fuisse,
2878 2170 3013 2213 non
3054 2149 3445 2232 magistrum
3489 2149 3809 2231 equitum,
3856 2149 3971 2215 sed
4015 2152 4354 2216 tribunum

2406 2230 2744 2297 Celerum:
2793 2241 2859 2297 et
2902 2255 3011 2298 eos
3054 2234 3231 2318 ipsos
3276 2233 3560 2313 Celeres,
3609 2239 3755 2313 [pag.
3810 2240 3955 2314 140]
4001 2247 4199 2318 prout
4243 2259 4348 2302 res

2489 2318 2780 2397 stularet,
2826 2341 3001 2384 nunc
3044 2321 3244 2402 equis,
3290 2340 3468 2384 nunc
3511 2320 3786 2403 pedibus
3830 2320 4073 2386 bellare
4109 2323 4348 2388 solitos.

2460 2403 2688 2469 ubiicit
2728 2403 3093 2488 paulopost,
3136 2403 3247 2469 ubi
3290 2405 3738 2469 Romanorum
3783 2426 3938 2488 opes
3983 2415 4349 2486 creverunt,

2406 2487 2713 2555 distincta
2754 2490 2953 2555 fuisse
2988 2490 3227 2555 officia:
3273 2497 3350 2554 ut
3388 2491 3753 2572 praefectus
3788 2494 4116 2573 praetorio
4154 2514 4350 2558 excu-

2404 2574 2546 2640 bias
2590 2583 2813 2659 ageret
2855 2575 2939 2641 ad
2983 2575 3298 2641 tuendam
3337 2575 3654 2660 principis
3689 2575 3987 2655 salutem,
4032 2579 4351 2662 magister

2406 2662 2697 2743 equitum
2740 2669 2968 2727 contra
3021 2661 3239 2727 hostes
3282 2662 3631 2743 imperium
3677 2668 3986 2726 tueretur.
4076 2663 4208 2728 Hic
4251 2664 4350 2730 bis

2405 2753 2634 2830 terque
2674 2746 2899 2829 lapsus
2942 2754 3042 2812 est
3074 2746 3390 2813 Alciatus.
3479 2747 3654 2812 Nam
3709 2748 3904 2831 fingit
3956 2749 4156 2814 fuisse
4208 2770 4351 2814 ma-

2405 2831 2747 2916 gisterium
2782 2832 3092 2916 equitum,
3129 2832 3531 2917 singularem
3555 2832 3837 2915 aliquem
3861 2835 4350 2918 magistratum:

2405 2938 2609 3001 quum
2663 2917 2776 2983 illo
2831 2917 3089 2984 saeculo
3146 2918 3445 3004 magistri
3489 2919 3782 3002 equitum
3826 2920 4191 3001 promiscue
4234 2942 4351 2985 vo-

2406 3010 2733 3083 carentur,
2767 3005 2879 3087 qui
2911 3005 3281 3088 provincias
3313 3026 3461 3070 cum
3493 3006 3784 3070 exercitu
3818 3013 4140 3089 regerent
4201 3005 4353 3087 Qua

2404 3089 2661 3154 ratione
2697 3089 2867 3155 dixit
2900 3091 3292 3156 Ammianus
3322 3089 3748 3156 Marcellinus
3784 3089 3948 3155 libro
3981 3092 4172 3156 XXI.
4210 3113 4352 3157 ma-

2407 3176 2687 3259 gistrum
2738 3176 3060 3258 peditum,
3122 3188 3189 3241 et
3230 3176 3460 3242 Aelius
3505 3176 3900 3260 Spartianus
3958 3178 4351 3261 magistran-

2405 3274 2540 3325 tem
2585 3263 2967 3339 exercitum,
3012 3283 3130 3345 pro
3174 3271 3532 3346 regentem.
3600 3263 3692 3326 Et
3728 3264 3784 3327 si
3820 3263 4352 3328 constitutionem

2401 3346 2586 3412 illam
2622 3348 2827 3411 errori
2861 3369 2980 3412 suo
3013 3346 3401 3430 praetendit,
3446 3347 3931 3413 animadvertat
3964 3348 4036 3412 in
4071 3349 4350 3425 rubrica,

2407 3431 2491 3497 ad
2534 3453 2731 3514 quam
2774 3433 3154 3498 constitutio
3197 3433 3540 3497 referenda
3593 3444 3721 3511 est,
3777 3454 3909 3496 non
4122 3433 4134 3446 '
4175 3440 4353 3497 trum

2407 3519 2722 3601 equitum,
2767 3517 2882 3584 sed
2924 3519 3273 3602 magistros
3315 3518 3602 3582 militum
3646 3527 3712 3585 ct
3755 3517 4051 3599 peditum
4087 3455 4232 3601 legi,
4276 3539 4351 3582 ac

2408 3605 2464 3668 si
2511 3602 2688 3669 dicas
2730 3604 3090 3686 praefectos
3134 3605 3562 3682 exercituum,
3610 3604 3748 3669 sive
3790 3602 3888 3666 illi
3930 3602 4349 3684 proconsules

2409 3689 2562 3765 sint,
2608 3689 2749 3754 sive
2793 3696 3146 3771 praetores,
3192 3709 3309 3755 seu
3351 3709 3735 3772 quocunque
3780 3688 3906 3752 alio
3948 3688 4214 3753 nomine
4237 3710 4350 3754 vo-

2408 3783 2653 3840 centur.
2744 3773 2851 3838 Ad
2918 3775 3077 3840 haec
3145 3774 3534 3859 respondeat
3585 3793 3751 3856 quae
3808 3772 3983 3837 volet
4034 3772 4349 3850 Alciatus,

2406 3859 2599 3924 modo
2637 3882 2721 3925 ne
2755 3860 2877 3926 sub
2898 3860 3157 3925 Albutii
3191 3881 3469 3943 persona
3503 3858 3863 3925 scurriliter
3895 3857 4093 3923 ludat.
4157 3858 4351 3924 Nunc

2408 3964 2574 4028 quae
2619 3945 2698 4010 de
2732 3946 3057 4028 praefecto
3091 3947 3399 4028 praetorii
3432 3945 3515 4011 ad
3540 3944 3716 4009 hunc
3747 3943 3963 4008 locum
3994 3944 4350 4025 pertinent,

2410 4031 2851 4114 expediamus.
2940 4031 3372 4115 Magistratus
3414 4032 3541 4096 fuit
3581 4050 3878 4095 summus
3894 4081 3910 4108 ,
3970 4037 4047 4094 ut
4101 4029 4352 4094 dictum

2410 4132 2526 4196 est,
2569 4116 2685 4183 sed
2727 4138 2767 4180 a
2808 4118 3034 4199 parvis
3093 4117 3299 4182 initiis
3357 4115 3441 4181 ad
3493 4123 3753 4180 tantum
3804 4115 4143 4200 fastigium
4198 4136 4351 4198 pro·

2409 4203 2662 4269 ductus.
2727 4202 2959 4267 Tradit
3001 4200 3356 4268 Suetonius
3399 4204 3780 4284 Augustum
3823 4208 4077 4266 certum
4119 4222 4351 4266 nume-

2408 4311 2559 4354 rum
2602 4312 2687 4355 ex
2731 4287 2930 4370 copiis
2986 4287 3377 4354 militaribus
3428 4286 3673 4370 partim
3724 4287 3797 4351 in
3848 4284 4054 4365 urbis,
4111 4287 4350 4369 partim

2408 4376 2479 4440 in
2522 4376 2624 4441 sui
2659 4366 3020 4441 custodiam
3055 4374 3371 4458 allegisse.
3438 4372 3531 4437 Et
3562 4370 3709 4437 illos
3742 4369 4005 4454 quidem
4037 4373 4108 4435 in
4146 4373 4351 4455 scrip-

2409 4460 2662 4526 toribus
2702 4460 3045 4527 observavi
3088 4459 3308 4526 vocari
3352 4457 3640 4523 urbanos
3681 4457 3925 4522 milites
3938 4508 3955 4535 ,
4003 4458 4121 4523 hos
4162 4477 4350 4539 prae-

2405 4546 2711 4611 torianos.
2801 4546 3065 4611 Tacitus
3117 4544 3283 4609 libro
3327 4543 3623 4609 XVIIL:
3654 4546 3700 4625 ¹)
3746 4540 4048 4609 Sedecim
4093 4552 4350 4626 praeto-

2406 4631 2543 4696 riae
2556 4682 2573 4710 ,
2632 4638 2907 4714 quatuor
2950 4631 3236 4696 urbanae
3279 4629 3578 4695 cohortes
3609 4627 4080 4705 ,scribebantur
4095 4680 4110 4707 ,
4167 4629 4350 4711 queis

2407 4716 2673 4800 singula
2725 4717 2933 4781 millia
2990 4718 3295 4781 inessent.
3385 4714 3592 4779 Libro
3635 4714 3892 4779 XVH.:
3952 4713 4160 4778 Addit
4213 4716 4348 4797 epi-

2407 4801 2610 4867 stolas
2666 4802 2917 4868 Fabius
2971 4801 3219 4866 Valens
3279 4801 3546 4865 nomine
3598 4800 3955 4883 germanici
4022 4800 4349 4864 exercitus

2408 4887 2492 4953 ad
2535 4891 2899 4970 praetorias
2942 4894 3009 4952 et
3051 4886 3334 4951 urbanas
3384 4885 3714 4962 cohortes,
3771 4885 3852 4950 de
3894 4883 4147 4950 viribus
4199 4905 4347 4967 par-

2405 4973 2573 5038 tium
2632 4974 3013 5056 magnificas
3067 4978 3134 5036 et
3187 4971 3595 5038 concordiam
3646 4972 4007 5036 offerentes.
4098 4969 4351 5033 Eodem

2548 5245 2607 5312 1)
2646 5244 2721 5300 16
2756 5252 2835 5300 est
2868 5243 3246 5300 Historiarum
3281 5244 3531 5300 secundo.
3880 5324 3949 5378 10
