4984 5975
559 296 685 357 415
1660 282 2187 351 RESPONSIO
2233 285 2358 350 AD
2405 284 2876 352 SADOLETI
2918 285 3476 354 EPISTOLAM.
4458 292 4589 353 416

731 478 1112 546 Calumnias
1144 475 1310 554 illas,
1362 470 1624 557 quia'ad
1672 474 1877 537 finem
1904 492 2201 555 propere,
2235 481 2526 556 praeter·
2573 475 2579 560 Ι
2628 494 2927 557 magnae,
2973 474 3209 552 fateor,
3256 476 3699 541 contentiones
3742 474 4218 555 efferbuerunt,
4257 496 4305 575 ‚⁸
4345 476 4587 559 quibu:

559 568 659 633 ire
711 585 930 649 cogor:
978 561 1151 644 quod
1202 567 1424 626 nestro
1484 559 1840 623 innitentes
1897 558 2125 641 capiti,
2196 560 2525 624 neminem
2573 575 2578 644 ξ
2628 567 2823 624 811108
2877 559 3084 623 01111111
3139 569 3295 626 0181.
3360 559 3496 627 Sed
3551 562 3794 626 nestris
3836 559 4213 627 hominibus
4254 562 4585 628 immerite

558 652 919 735 reperimus
964 648 1035 711 in
1073 654 1211 712 teta
1244 645 1534 722 eeclesia,
1570 665 1761 726 quem
1798 651 2102 726 putemus
2136 641 2266 709 fide
2307 643 2525 726 aliqua
2627 644 2691 708 id
2739 645 3129 727 imputetur,
3184 647 3296 729 qui
3354 646 3525 711 nihil
3580 653 3717 711 teto
3772 646 4048 711 aetionis
4093 667 4252 712 suae
4296 644 4581 712 decursu

559 737 866 822 dignum3
905 732 1267 800 calumnias
1289 740 1511 796 tamen
1537 751 1697 807 esse,
1720 730 1855 794 iam
1879 736 2029 793 ante
2068 730 2226 793 satis
2253 729 2520 795 demon·
2624 732 3079 811 quaesierunt,
3136 733 3266 796 nisi
3324 743 3398 796 ut
3447 733 3810 798 instaurata
3868 731 4184 816 religione
4227 733 4299 796 in
4342 752 4573 797 veram

556 822 785 888 stravi.
834 819 1123 885 Tametsi
1147 818 1324 881 enim
1348 816 1560 882 solum
1583 816 1710 880 Dei
1746 814 2024 881 verbum
2047 825 2236 879 extra
2257 817 2519 880 omnem
2567 865 2573 914 ⁶
2623 816 2950 880 unitatem
2994 816 3335 882 discordiis
3368 818 3553 883 fusae
3598 839 3673 883 ac
3718 817 4047 899 dispersae
4092 818 4402 884 ecclesiae
4441 818 4572 882 cel·

554 907 785 974 iudicii
826 906 1037 970 aleam
1073 903 1551 978 constituimus,
1588 900 1877 967 conciliis
1913 921 2070 966 vere
2115 911 2180 965 et
2221 902 2518 983 patribus
2566 919 2571 1050 .
2620 900 3000 984 ligarentur.
3059 903 3152 966 Et
3192 923 3278 967 ne
3327 910 3544 968 vetera
3587 923 4116 982 commemorem,
4157 902 4316 987 quid
4359 925 4577 987 nuper

555 995 654 1059 ita
696 998 941 1059 certam
977 988 1240 1054 demum
1278 988 1694 1052 autoritatem
1733 999 2031 1051 constare
2068 986 2414 1065 voluimus,
2460 988 2518 1052 si
2619 988 2905 1070 recipere
2927 986 3393 1067 detrectarunt,
3430 997 3692 1052 tantum
3725 996 3802 1052 ut
3835 988 4121 1054 ecclesiis
4156 1010 4386 1072 pacem
4419 1009 4578 1055 con·

558 1078 645 1144 ad
685 1079 827 1145 eius
872 1096 1170 1141 normam
1215 1070 1715 1164 respondeant:b
1743 1094 1816 1137 eo
1861 1080 2082 1136 tamen
2128 1072 2376 1136 11011010
2418 1072 2515 1137 lo-
2618 1071 2959 1137 ciliarent?
3012 1071 3145 1138 Sed
3181 1075 3427 1139 frustra
3460 1075 3680 1139 emnia
3708 1075 4158 1157 experiuntur,
4199 1075 4382 1141 vebis
4417 1096 4576 1141 cen·

554 1185 759 1248 000110
813 1161 1085 1229 concilia
1141 1167 1208 1225 et
1272 1168 1493 1243 patres
1544 1158 1926 1242 dignamur,
1983 1178 2177 1240 quem
2222 1155 2516 1222 obtinere
2620 1164 2722 1221 tra
2746 1158 3124 1223 nitentibus.
3185 1157 3360 1240 Quia
3395 1159 3572 1224 enim
3594 1181 3822 1243 pacem
3856 1159 3954 1223 illi
3991 1159 4231 1226 habere
4265 1161 4569 1243 eupiunt,

555 1251 680 1316 sub
725 1248 990 1315 Christo
1048 1266 1166 1330 par
1209 1254 1325 1310 est.
1408 1244 1544 1309 Sed
1606 1245 1899 1308 omnium
1957 1243 2369 1308 teterrimum
2413 1251 2516 1308 est
2615 1264 2765 1308 cum
2827 1265 2956 1326 qua
2999 1245 3195 1310 simul
3237 1244 3766 1312 110108101111811
3810 1266 4118 1330 regnum:
4167 1267 4287 1311 ves
4330 1255 4575 1324 autem,

556 1335 724 1402 illud
777 1335 1056 1412 crimen,
1114 1330 1287 1412 qued
1341 1328 1948 1413 spensam'Christi
1994 1328 2360 1411 discerpere
2403 1350 2512 1395 co·
2615 1328 2928 1411 quidquid
2972 1331 3218 1395 accedit
3253 1330 3537 1410 Christe,
3576 1330 3870 1413 deperire
3905 1332 4090 1397 vobis
4126 1333 4395 1414 putatis,
4432 1353 4578 1397 nen

555 1422 697 1487 nati
752 1441 999 1485 sumus.
1078 1416 1161 1483 Id
1215 1416 1272 1482 si
1329 1436 1559 1483 verum
1614 1427 1814 1493 esset,
1873 1415 2103 1478 merite
2160 1425 2225 1478 et
2283 1414 2401 1478 tibi
2446 1425 2514 1479 et
2613 1415 2854 1478 mirum
2912 1425 3012 1480 est
3066 1416 3123 1480 si
3179 1417 3432 1481 fortiter
3484 1417 3819 1482 resistatis.
3899 1416 3992 1481 Et
4062 1416 4318 1483 habetis
4373 1427 4573 1495 81108,

557 1508 701 1573 01111
743 1506 1050 1570 universe
1092 1503 1492 1567 haberemur
1536 1522 1651 1583 pro
1695 1499 2063 1583 deploratis.
2134 1501 2337 1582 Atqui
2380 1522 2512 1565 nen
2561 1509 2564 1580 ι
2615 1498 2854 1580 quibus
2899 1502 3208 1566 evertatis
3253 1523 3385 1566 uno
3421 1502 3543 1582 die,
3582 1500 3893 1585 quidquid
3936 1503 4063 1585 ipsi
4108 1503 4335 1568 multis
4381 1525 4574 1568 men·

557 1591 752 1658 aliter
789 1591 1041 1657 crimen
1083 1588 1260 1654 istud
1303 1589 1373 1651 in
1417 1609 1537 1651 nos
1573 1586 1904 1668 recipiam,
1942 1585 2071 1650 nisi
2112 1583 2390 1667 discerpi
2428 1586 2509 1651 ab
2561 1609 2564 1632 ¹
2614 1584 2796 1649 sibus
2833 1607 2950 1668 pre
2993 1586 3240 1652 Christi
3278 1588 3488 1671 gloria
3521 1587 3895 1653 instituunt.
3961 1587 4115 1653 Non
4148 1587 4379 1654 multis
4415 1610 4570 1654 ver-

556 1678 641 1744 iis
686 1676 935 1744 Christi
978 1695 1285 1758 spensam
1329 1672 1698 1750 contendas,
1746 1671 1858 1754 qui
1894 1671 2222 1753 virginem
2264 1679 2514 1737 castam

560 1763 873 1830 exhibere
934 1759 1201 1827 Christe
1255 1767 1369 1836 lfol.
1409 1764 1512 1834 471
1561 1758 1866 1839 cupiunt;
1923 1758 2033 1837 qui
2080 1765 2309 1822 sancta
2353 1778 2512 1838 qua-

561 1849 716 1915 dam
758 1847 1080 1929 zelotypia
1120 1844 1569 1922 sollicitantur,
1626 1864 1750 1925 quo
1795 1862 1940 1905 eam
1985 1840 2252 1906 Christo
2296 1842 2511 1907 illiba-

562 1942 702 2000 tam
758 1940 1178 2009 conservent3
1245 1931 1356 2013 qui
1424 1929 1647 2012 pravis
1710 1927 2048 1991 lenociniis
2114 1935 2509 2010 corruptam,

561 2018 648 2086 ad
685 2018 885 2085 fidem
928 2015 1335 2100 coniugalem
1378 2020 1714 2091 revocant3
1751 2013 1863 2095 qui
1904 2011 2221 2078 adversus
2256 2013 2510 2077 adulte-

561 2126 671 2170 res
716 2124 973 2180 omnes,
1030 2122 1191 2184 ques
1235 2102 1373 2165 eius
1413 2099 1760 2183 pudicitiae
1803 2096 2101 2162 insidiari
2145 2098 2509 2181 deprehen-

562 2189 808 2266 derint,
875 2187 1359 2253 contentionem
1422 2186 1747 2267 suscipere
1801 2204 1932 2248 nen
1991 2183 2309 2249 dubitant.

2612 1671 2714 1734 bis
2770 1679 2833 1735 te
2877 1672 3194 1750 obruam„
3223 1674 3374 1755 quia
3430 1694 3557 1738 une
3611 1671 3812 1739 verbo
3857 1672 4164 1756 expedire
4207 1695 4348 1739 rem
4393 1674 4576 1740 licet.

2617 1753 3024 1822 Obtulerunt
3074 1778 3146 1822 se
3201 1758 3409 1823 nestri
3451 1758 3535 1823 ad
3587 1757 3987 1824 reddendam
4031 1780 4189 1824 suae
4233 1759 4578 1826 doctrinae

2560 1799 2564 1902 1
2613 1842 2952 1907 rationem.
3021 1842 3271 1908 Cedere
3305 1866 3437 1909 non
3473 1842 3855 1922 detrectant,
3899 1846 3956 1910 si
3998 1846 4159 1911 victi
4204 1846 4572 1912 rationibus

2612 1927 2875 1993 fuerint.
2939 1928 3073 1994 Per
3124 1951 3285 2012 quos
3336 1953 3513 1996 nunc
3569 1942 3727 2009 stat,
3786 1931 4135 2013 queminus
4191 1941 4260 1997 et
4314 1933 4570 2015 optima.

2611 2033 2800 2095 pace,
2870 2022 2937 2078 et
2988 2015 3287 2080 veritatis
3354 2015 3497 2081 luce
3562 2017 3823 2081 fruatur
3892 2016 4205 2082 ecclesia?
4245 2018 4313 2098 ,Ι
4365 2039 4568 2097 1111110,

2560 2169 2564 2180 Ι
2615 2108 2681 2161 01
2736 2120 2852 2163 1108
2922 2099 3260 2165 seditiosos
3325 2102 3598 2185 appella,
3670 2103 3784 2185 qui
3841 2095 4181 2168 ecclesiam
4235 2103 4579 2185 quiescere

2419 2186 2513 2249 Et
2560 2199 2565 2244 Ι
2613 2205 2745 2248 11011
2789 2184 3100 2250 sinamus.
3165 2186 3267 2251 Ne
3310 2187 3467 2269 quid
3509 2195 3728 2252 autem
3771 2189 4357 2272 praetermitteres,
4394 2189 4580 2271 qued

562 2274 722 2359 quid
764 2295 884 2338 nes
928 2271 1105 2337 aliud
1144 2270 1459 2337 fecimus?
1522 2270 1758 2334 Nonne
1802 2269 2165 2352 peregrinis
2198 2269 2512 2335 doctrinis
2561 2289 2565 2376 ᾖ
2613 2268 2696 2332 ad
2740 2270 3143 2353 gravandam
3179 2294 3443 2338 causam
3482 2283 3776 2338 nestram
3810 2274 4068 2351 faceret,
4114 2276 4268 2356 quia
4311 2274 4572 2341 multae

561 2368 837 2436 tentata,
882 2359 1014 2423 ime
1055 2357 1303 2425 violata
1346 2357 1591 2433 fuerat,
1637 2377 1677 2419 a
1720 2363 1939 2420 vestra
1982 2356 2262 2420 factione
2307 2355 2512 2421 ecele-

560 2619 726 2683 sime
770 2616 884 2682 ille
944 2614 1251 2680 adulterii
1307 2633 1577 2698 genere,
1624 2611 2124 2677 simulacrorum
2167 2612 2364 2690 cultu,
2408 2613 2512 2676 in-

561 2704 834 2788 quinata
874 2699 1060 2767 erat?
1141 2699 1426 2778 Scilicet,
1464 2700 1615 2782 quia
1650 2717 1787 2761 non
1815 2717 2039 2762 sumus
2074 2699 2266 2781 passi,
2295 2719 2512 2763 sacre-

563 2795 870 2854 sanctum
912 2786 1165 2851 Christi
1206 2785 1570 2850 thalamum
1614 2791 1800 2848 tante
1844 2782 2072 2847 haberi
2117 2805 2156 2848 a
2191 2783 2377 2848 vebis
2412 2784 2514 2848 lu-

563 2873 775 2938 dibrio
791 2923 806 2952 ,
853 2891 1158 2955 sponsam
1193 2871 1334 2936 eius
1375 2871 1695 2937 lacerasse
1739 2867 2033 2934 dicimur.
2112 2869 2258 2952 Ege
2294 2878 2516 2933 autem

566 2959 709 3025 dice
748 2958 949 3037 illam,
996 2977 1195 3040 quam
1239 2978 1279 3022 a
1311 2954 1498 3021 nobis
1532 2955 1695 3021 false
1738 2974 2001 3022 accusas
2035 2954 2514 3033 lacerationem,

567 3065 608 3109 a
654 3043 744 3110 ud
787 3065 905 3110 vos
969 3063 1106 3106 non
1149 3043 1421 3107 obscure
1475 3040 1773 3126 conspici.
1844 3040 2075 3123 Neque
2131 3041 2203 3103 in
2246 3039 2520 3106 ecclesia

567 3066 651 3196 id
682 3128 911 3208 medo,
967 3127 1082 3193 sed
1124 3129 1193 3192 in
1238 3127 1504 3193 Christo
1548 3127 1716 3209 ipse,
1759 3148 1952 3209 quem
1995 3126 2234 3191 misere
2278 3125 2518 3192 dissec-

568 3223 713 3281 tum
767 3234 910 3280 esse
956 3219 1232 3279 constat.
1312 3211 1654 3294 Quomodo
1711 3234 1743 3276 s
1791 3232 1948 3277 ense
2003 3232 2122 3277 suo
2167 3211 2522 3277 adhaereat

569 3300 872 3380 00010818,
930 3320 1125 3382 0110111
1177 3298 1435 3363 salvum
1476 3321 1609 3364 non
1654 3299 1741 3363 ha
1783 3298 1891 3362 et?
1968 3297 2101 3364 Ubi
2160 3307 2381 3362 autem
2421 3298 2524 3361 in-
2570 3344 2576 3393 ς

569 3387 913 3454 001111111188
949 3384 1220 3463 Christi,
1266 3382 1427 3448 dum
1469 3392 1535 3449 et
1576 3385 1885 3462 iustitiae,
1922 3392 1989 3448 et
2030 3384 2410 3461 sanctitatis,
2456 3393 2526 3448 et
2571 3404 2576 3423 ⁴

569 3473 929 3558 sapientiae
974 3470 1184 3555 gloria
1240 3469 1367 3535 alio
1421 3468 1852 3534 transfertur?
1920 3469 2129 3552 Atqui
2170 3478 2524 3551 antequam

567 3557 1039 3628 accenderetur
1082 3577 1122 3620 a
1166 3556 1355 3621 nobis
1399 3566 1761 3631 certamen,
1806 3554 2158 3636 tranquilla
2197 3557 2416 3620 emnia
2458 3561 2525 3618 01

568 3648 816 3730 optime
874 3649 1106 3727 pacata
1162 3650 1366 3706 erant.
1426 3642 1612 3705 Inter
1666 3649 1959 3723 pastores
2003 3639 2296 3721 quidem,
2342 3648 2409 3705 et
2450 3642 2525 3704 in

571 3733 719 3816 ipsa
778 3729 998 3814 plebe,
1049 3728 1319 3812 ignavia
1377 3735 1445 3792 et
1486 3735 1715 3810 stupor
1757 3726 2136 3805 effecerant,
2182 3734 2261 3791 ut
2302 3726 2525 3790 nullae

565 3837 770 3900 prope
781 3815 1052 3881 medum
1104 3820 1326 3878 essent
1379 3813 1460 3878 de
1516 3812 1832 3896 religione
1875 3812 2371 3877 controversiae.
2439 3812 2526 3876 In

572 3902 810 3967 scholis
866 3912 1113 3978 autem,
1156 3919 1355 3982 quam
1410 3907 1677 3965 strenue
1724 3895 2052 3979 sophistae
2087 3897 2522 3962 rixabantur?

572 3986 754 4069 Ergo
808 4005 941 4049 nen
1000 3994 1130 4063 est,
1189 3985 1359 4068 qued
1414 3985 1759 4069 pacificum
1813 3980 1972 4047 adeo
2014 3983 2204 4047 vebis
2246 4003 2528 4066 regnum

573 4070 855 4136 tribuas:
912 4069 1022 4134 ubi
1076 4091 1209 4135 nen
1264 4070 1392 4135 alia
1446 4073 1693 4135 ratione
1750 4068 1935 4152 quies
1990 4064 2141 4143 fuit,
2202 4069 2330 4133 nisi
2374 4070 2529 4150 quia

576 4155 884 4223 Christus
923 4154 1296 4223 conticebat.
1357 4157 1521 4222 Post
1554 4175 1803 4223 nevum
1840 4153 2165 4238 evangelii
2200 4160 2525 4234 exortum,

2561 2399 2566 2444 ἱ
2613 2357 2842 2436 paucis
2896 2356 3043 2420 istis
3104 2359 3294 2422 annis
3351 2367 3564 2424 sectae
3628 2358 4052 2438 ebullierunt,
4110 2360 4254 2425 eius
4306 2381 4574 2443 quoque

560 2447 696 2513 siae
751 2442 1058 2511 castitas?
1140 2443 1377 2507 Nonne
1436 2441 1753 2506 violenter
1807 2461 1848 2503 a
1904 2440 2089 2506 vebis
2147 2442 2365 2505 fuerat
2407 2442 2511 2506 in-
2563 2467 2566 2532 ς

561 2532 857 2598 numeris
913 2527 1480 2612 superstitionibus
1534 2524 1926 2609 prostituta?
1996 2525 2231 2591 Nonne
2274 2525 2512 2592 foedis-

2619 2442 2712 2505 rei
2756 2439 3105 2518 invidiam,
3151 2464 3270 2525 pre
3316 2452 3428 2508 tue
3473 2442 3784 2523 candere,
3829 2445 3899 2509 iu
3958 2467 4077 2510 nes
4120 2444 4404 2511 derivas:
4454 2444 4580 2512 sed

2619 2524 2770 2590 vide
2805 2547 2936 2608 qua
2970 2528 3312 2612 aequitate,
3354 2534 3472 2609 [fol.
3511 2533 3617 2608 48]
3657 2529 3763 2596 vel
3802 2551 3928 2613 quo
3964 2532 4162 2595 etiam
4196 2538 4573 2613 praetextu.

2616 2611 2790 2676 Nam
2830 2614 2886 2676 si
2924 2634 3043 2677 nos
3085 2625 3433 2697 propterea
3474 2615 3621 2680 odie
3666 2614 3868 2700 digni,
3904 2616 4076 2681 iuste
4120 2638 4381 2699 queque
4414 2617 4586 2683 elim

2618 2695 2764 2761 odie
2798 2698 2974 2780 apud
2996 2699 3232 2781 impios
3253 2700 3615 2767 laborasset
3636 2701 4070 2766 christianum
4105 2723 4364 2767 nemen.
4431 2703 4587 2769 Aut

2620 2802 2776 2866 erge
2821 2782 3044 2849 desine
3081 2785 3206 2850 hac
3239 2794 3426 2869 parte
3460 2807 3583 2851 nes
3627 2788 3963 2852 infestare:
4010 2795 4124 2852 aut
4165 2788 4386 2871 palam
4419 2809 4586 2872 pro·

2618 2868 2824 2946 fitere,
2861 2869 3290 2935 christianam
3325 2871 3707 2955 religionem
3741 2869 4100 2938 tollendam
4121 2895 4206 2939 ex
4229 2874 4587 2941 hominum

2622 2955 2954 3035 memoria,
2979 2976 3145 3038 quae
3177 2966 3273 3022 tet
3293 2957 3539 3024 mundo
3574 2958 3902 3026 tumultus
3936 2960 4164 3042 pariat.
4232 2959 4380 3028 Hoc
4415 2980 4455 3025 0

2622 3059 2858 3105 causae
2923 3050 3185 3107 nostrae
3251 3044 3523 3110 minime
3579 3045 3805 3111 obesse
3860 3046 4081 3125 debet,
4130 3046 4304 3129 qued
4361 3069 4432 3112 m
4521 3049 4538 3062 ⁶

2622 3126 2925 3192 omnibus
2974 3135 3245 3194 conatus
3288 3136 3389 3195 est
3433 3129 3643 3196 Satan
3699 3130 3952 3198 Christi
4007 3152 4169 3214 epus
4223 3132 4580 3216 impedire.

2622 3212 2770 3277 Hoc
2813 3233 3123 3294 quaerere
3167 3216 3374 3298 magis
3417 3214 3501 3280 ad
3543 3238 3681 3281 rem
3725 3217 4111 3301 pertinebat,
4155 3218 4302 3300 quis
4346 3220 4569 3285 omni·

2623 3297 2748 3363 bus
2783 3318 2951 3381 quae
2995 3319 3067 3362 se
3109 3302 3490 3366 extulerunt
3524 3302 3717 3368 sectis
3757 3301 4214 3386 expugnandis
4256 3306 4590 3371 incubue-

2625 3382 2730 3447 rit.
2799 3382 3076 3449 Constat
3116 3395 3335 3452 autem
3378 3409 3498 3453 nes
3541 3388 3762 3468 seles„
3792 3387 3978 3454 vebis
4021 3389 4242 3454 otiosis
4286 3411 4363 3456 ac
4405 3400 4593 3456 ster-

2625 3469 2934 3547 tentibus,
2981 3478 3183 3535 tetam
3229 3473 3400 3539 hanc
3443 3472 3684 3539 melem
3727 3475 4133 3539 sustinuisse.
4197 3475 4401 3540 Faxit
4436 3475 4593 3542 Do-

2626 3556 2863 3634 minus,
2896 3554 3221 3636 Sadelete,
3251 3565 3324 3623 ut
3345 3568 3418 3624 tu
3452 3581 3528 3625 ac
3561 3559 3796 3642 reliqui
3830 3582 4055 3626 omnes
4091 3561 4189 3624 tui
4226 3560 4590 3645 aliquando

2626 3639 3025 3723 intelligatis,
3063 3665 3195 3708 nen
3230 3642 3403 3708 aliud
3442 3665 3584 3711 esse
3619 3645 4090 3712 ecclesiasticae
4126 3647 4395 3713 unitatis
4431 3649 4594 3713 vin-

2629 3724 2865 3803 culum,
2902 3747 3097 3808 quam
3132 3730 3188 3794 si
3223 3728 3528 3796 Christus
3550 3730 3893 3811 Dominus,
3940 3733 4052 3819 qui
4080 3753 4200 3796 nes
4221 3733 4367 3798 Dee
4401 3736 4592 3818 patri

2628 3811 3096 3893 reconciliavit,
3141 3815 3212 3878 in
3256 3816 3543 3899 corporis
3590 3816 3697 3881 sui
3740 3818 4117 3884 societatem
4160 3839 4281 3884 nes
4325 3820 4407 3884 ab
4454 3821 4596 3887 ista.

2630 3896 3055 3980 dissipatione
3090 3900 3457 3984 recolligat:
3495 3910 3569 3967 ut
3609 3902 3703 3967 ita
3738 3925 3868 3968 uno
3903 3903 4041 3969 eius
4084 3902 4284 3969 verbe
4330 3925 4406 3971 ac
4445 3908 4593 3990 spi·

2630 3983 2764 4046 ritu
2823 3982 2896 4046 in
2950 4005 3060 4048 cor
3114 4007 3323 4051 unum
3377 3995 3444 4052 et
3497 3989 3787 4053 animam
3849 4010 4053 4054 unam
4116 3989 4594 4060 coaleseamua.

2719 4102 3142 4187 Argentorati
3186 4105 3497 4173 Calendis
3540 4105 4036 4191 Septembribus
4092 4111 4272 4175 1539.
