4984 5975
1504 1533 2142 1618 PRAEFATIO
2200 1535 2664 1618 IOANNIS
2724 1537 3188 1619 CALVINI

1812 1696 1940 1761 AD
1986 1696 2365 1764 AMICUM
2409 1696 2890 1779 QUENDAM.

653 1902 878 1985 Quum
928 1925 1187 1970 meeum
1241 1902 1499 1987 pridem
1552 1902 1853 1969 nonnulli
1906 1904 1996 1985 pii
2050 1904 2179 1970 viri
2235 1913 2538 1988 agerent,
2597 1915 2664 1970 et
2719 1903 2997 1971 subinde
3052 1907 3252 1970 etiam
3308 1908 3635 1980 instarent
3677 1920 3756 1973 ut
3807 1910 4063 1992 publice
4107 1911 4352 1995 aliquid

358 2005 632 2086 ederem,
691 2005 775 2072 ad
817 2027 1044 2072 eorum
1085 2007 1542 2088 intemperiem
1587 2004 2149 2089 compescendam,
2196 2008 2310 2091 qui
2355 2006 2437 2072 de
2480 2008 2857 2073 animarum
2900 2007 3011 2073 vel
3055 2009 3448 2075 dormitione
3463 2063 3478 2090 ,
3539 2011 3647 2077 vel
3689 2013 3961 2078 interitu
3975 2066 3992 2094 ,
4049 2016 4351 2098 imperite

358 2109 540 2174 simul
581 2131 658 2175 ac
694 2111 1104 2176 tumultuose
1157 2109 1351 2175 hodie
1403 2108 1771 2192 disputant:
1825 2108 2027 2173 nullis
2070 2121 2293 2173 tamen
2338 2109 2657 2175 hactenus
2704 2131 2824 2175 nec
2880 2111 3179 2193 precibus
3197 2162 3212 2190 ,
3271 2132 3394 2179 neo
3447 2114 3967 2198 flagitationibus
4010 2138 4348 2183 cesseram.

356 2210 524 2276 Adeo
567 2212 737 2276 mihi
780 2214 862 2279 ab
905 2214 1085 2278 omni
1128 2213 1564 2278 contentionis
1608 2232 1849 2295 genere
1894 2210 2287 2277 abhorrebat
2305 2213 2605 2277 animus.
2692 2213 2786 2277 Et
2830 2221 2974 2277 erat
3016 2221 3163 2278 tum
3207 2234 3365 2279 sane
3411 2214 3585 2298 quod
3628 2237 4041 2283 excusarem:
4088 2221 4351 2303 partim,

355 2315 493 2396 quia
535 2316 881 2398 sperabam
925 2316 1062 2381 fore
1102 2323 1179 2381 ut
1218 2318 1517 2398 ineptum
1554 2312 1738 2379 istud
1782 2313 2019 2397 dogma
2054 2313 2297 2392 statim,
2344 2314 2526 2379 nullo
2570 2313 3009 2398 subscriptore
3025 2368 3041 2393 ,
3088 2325 3537 2383 evanesceret:
3601 2326 3715 2383 aut
3754 2329 3928 2384 certe
3972 2322 4146 2386 inter
4188 2319 4349 2404 pau'-

354 2415 520 2482 culos
561 2425 919 2502 nugatores
973 2416 1408 2484 delitesceret:
1470 2418 1741 2500 partim,
1798 2414 1969 2499 quod
2024 2416 2187 2480 mihi
2243 2418 2512 2481 minime
2556 2416 2939 2500 expeditum
2973 2432 3116 2483 erat
3169 2441 3318 2485 cum
3362 2420 3443 2485 iis
3499 2442 3770 2485 manum
3813 2442 4179 2503 conserere,
4234 2423 4349 2507 qui

356 2527 597 2584 starent
639 2518 721 2584 ab
764 2519 1054 2586 adversis
1099 2521 1423 2604 partibus:
1469 2541 1749 2603 quorum
1791 2541 1911 2585 nec
1954 2527 2188 2597 eastra,
2235 2538 2357 2584 nec
2397 2520 2547 2598 tela,
2594 2541 2713 2585 nec
2758 2520 3162 2606 subterfugia
3206 2542 3534 2588 noveram.
3601 2523 3915 2589 Nondum
3958 2526 4133 2589 enim
4166 2526 4349 2609 quid-

351 2643 533 2704 quam
587 2622 673 2688 ad
726 2644 832 2688 me
886 2623 1216 2708 perlatum
1270 2634 1437 2702 erat,
1492 2631 1755 2707 praeter
1797 2643 2141 2687 murmura
2184 2629 2250 2686 et
2291 2643 2522 2688 raucos
2567 2624 2910 2706 strepitus:
2971 2632 3046 2688 ut
3093 2623 3410 2709 congredi
3462 2644 3614 2690 oum
3669 2626 3751 2691 iis
3793 2628 3907 2709 qui
3960 2628 4032 2691 in
4078 2649 4346 2694 arenam

352 2725 634 2790 nondum
678 2725 1058 2809 prodierant
1071 2778 1086 2804 ,
1142 2727 1311 2792 nihil
1353 2748 1621 2811 prorsus
1657 2725 1835 2790 aliud
1873 2725 2238 2803 videretur,
2297 2746 2497 2807 quam
2536 2746 2755 2790 aerem
2803 2727 3041 2792 clausis
3085 2727 3286 2792 oculis
3328 2730 3691 2795 verberare.
3781 2730 3875 2794 At
3917 2727 3998 2793 de
4043 2751 4344 2797 successu

351 2825 534 2913 longe
579 2829 773 2894 aliter
816 2827 1053 2895 accidit
1093 2850 1289 2913 quam
1332 2851 1767 2914 speraveram.
1858 2826 2198 2912 Siquidem
2241 2827 2610 2894 blaterones
2656 2829 2752 2893 illi
2798 2836 2985 2894 tanta
3028 2831 3417 2896 strenuitate
3461 2832 3536 2897 in
3578 2840 3797 2914 partes
3840 2854 3993 2898 suas
4034 2833 4345 2899 incubue-

350 2941 512 3009 runt,
556 2940 632 2996 ut
675 2931 924 3015 aliquot
963 2932 1095 2996 iam
1140 2931 1481 2999 hominum
1525 2931 1734 2997 millia
1777 2933 1846 2996 in
1890 2929 2166 2997 eandem
2209 2952 2431 2998 secum
2470 2933 2801 2998 insaniam
2842 2933 3188 2999 traxerint.
3277 2934 3368 2999 Et
3417 2934 3637 3017 ipsum
3690 2935 3889 3000 etiam
3941 2935 4192 3002 malum
4237 2939 4341 3020 (ut

348 3033 557 3119 video)
600 3035 951 3101 incruduit.
1019 3035 1309 3117 Quidam
1352 3038 1527 3101 enim
1570 3036 1890 3120 principio
1933 3037 2197 3100 confuse
2241 3037 2639 3119 garriebant,
2686 3048 3094 3101 mortuorum
3139 3039 3393 3102 animas
3438 3037 3753 3102 dormire:
3809 3044 4024 3121 neque
4073 3039 4341 3105 definie-

348 3134 497 3202 bant
535 3138 694 3222 quid
739 3152 856 3221 per
900 3136 1201 3204 somnum
1246 3139 1495 3204 vellent
1532 3139 1829 3222 intelligi.
1920 3140 2357 3203 Emerserunt
2399 3148 2624 3220 postea
2667 3138 3016 3222 ψυχοκτόνοι
3058 3142 3188 3217 isti,
3236 3141 3348 3224 qui
3391 3161 3661 3223 prorsus
3704 3162 3816 3207 eas
3854 3142 4177 3224 iugulant,
4225 3142 4340 3209 sed

346 3239 476 3304 sine
517 3241 813 3306 vulnere.
917 3242 1193 3307 Illorum
1237 3242 1502 3324 quidem
1559 3264 1849 3307 errorem
1903 3262 2040 3305 non
2093 3240 2432 3306 ferendum
2451 3293 2465 3319 ‚
2525 3242 2762 3306 horum
2807 3262 2964 3306 vero
3021 3240 3345 3307 insaniam
3399 3244 3691 3327 graviter
3733 3245 4158 3310 coercendam
4198 3247 4337 3311 exi-

345 3343 543 3409 stimo.
633 3344 962 3427 Utrosque
1006 3366 1125 3409 nec
1166 3345 1418 3409 ratione
1462 3366 1583 3409 nec
1626 3345 1863 3430 iudicio
1909 3346 2048 3408 niti.
2141 3344 2391 3407 Verum
2444 3344 2514 3407 id
2556 3343 2698 3408 aliis
2742 3345 3136 3426 persuadere
3180 3367 3313 3429 non
3351 3347 3449 3411 ita
3500 3345 3686 3411 facile
3730 3357 3855 3411 est:
3913 3350 4038 3413 nisi
4082 3349 4336 3413 vanita-

341 3454 469 3509 tem
506 3446 745 3529 palam,
791 3455 859 3511 et
902 3446 1103 3531 (quod
1150 3447 1416 3531 dicitur)
1470 3449 1540 3513 in
1594 3470 1666 3514 os
1722 3448 2045 3513 refellam:
2104 3466 2269 3529 quae
2315 3467 2447 3510 non
2503 3447 2628 3511 nisi
2683 3447 2755 3509 in
2800 3466 3028 3511 eorum
3082 3448 3343 3530 scriptis
3387 3447 3914 3532 deprehenditur.
4001 3452 4335 3515 Dicuntur

344 3556 557 3614 autem
621 3571 771 3615 suas
833 3572 1049 3635 nugas
1104 3552 1324 3617 nescio
1378 3553 1613 3635 quibus
1668 3550 1999 3617 schedulis
2053 3548 2403 3637 ventilare,
2460 3569 2623 3632 quas
2673 3549 2837 3613 mihi
2900 3549 3181 3616 necdum
3236 3551 3460 3617 videre
3516 3551 3804 3635 contigit.
3906 3553 4190 3616 Tantum
4249 3552 4331 3618 ab

345 3652 544 3718 amico
584 3652 846 3718 notulas
897 3653 1212 3737 quasdam
1260 3655 1504 3737 accepi:
1573 3656 1807 3738 quibus
1857 3654 2328 3738 perscripserat
2369 3673 2535 3736 quae
2577 3651 2682 3718 vel
2728 3674 2813 3717 ex
2856 3673 2968 3717 ore
3010 3653 3417 3736 loquentium
3460 3655 3761 3736 excipere
3817 3654 3916 3717 illi
3966 3655 4206 3720 cursim
4250 3654 4330 3719 li·

341 3762 577 3835 cuerat,
625 3755 729 3821 vel
769 3755 1202 3838 undecunque
1245 3757 1565 3841 colligere.
1655 3757 1887 3822 Altera
1926 3757 2134 3840 igitur
2176 3757 2508 3823 excusatio
2549 3777 2920 3838 quanquam
2963 3778 3048 3822 ex
3084 3755 3355 3821 dimidia
3396 3766 3582 3840 parte
3616 3756 3873 3821 sublata
3915 3764 4040 3835 est,
4086 3757 4167 3822 ob
4210 3777 4352 3847 no·-

340 3854 530 3923 tulas:
591 3879 674 3922 ex
720 3857 928 3924 altera
971 3868 1189 3926 tamen
1244 3859 1408 3923 mihi
1463 3881 1641 3926 nunc
1684 3880 1939 3943 quoque
1982 3870 2297 3942 superest.
2400 3859 2658 3923 Verum
2701 3880 2905 3941 quum
2957 3859 3090 3925 illis
3133 3859 3423 3926 susurris
3475 3869 3542 3924 et
3584 3880 3715 3941 qua
3755 3860 4040 3924 maxime
4081 3860 4333 3942 pollent

336 3960 721 4041 garrulitate
765 3960 1133 4027 clanculum
1188 3984 1258 4028 se
1309 3961 1720 4027 insinuantes
1766 3982 1900 4026 non
1942 3963 2281 4045 pauciores
2326 3983 2442 4026 suo
2487 3982 2707 4026 errore
2757 3961 3142 4044 illaqueent,
3198 3983 3393 4044 quam
3440 3961 3495 4026 si
3551 3961 3807 4027 excusis
3847 3960 4033 4026 libris
4075 3960 4331 4045 publice

336 4062 758 4127 cursitarent:
818 4084 1079 4129 causam
1122 4064 1288 4129 mihi
1332 4064 1574 4130 habere
1617 4086 1749 4129 non
1806 4052 2033 4131 videor
2074 4065 2229 4148 quin
2264 4065 2561 4129 veritatis
2605 4062 2898 4148 proditor
2942 4064 3151 4141 dicar,
3209 4065 3265 4130 si
3307 4065 3377 4130 in
3423 4072 3607 4129 tanta
3645 4065 4033 4130 necessitate
4076 4072 4330 4131 taceam

334 4183 405 4229 ac
447 4164 874 4231 dissimulem.
964 4165 1159 4232 Certe
1224 4167 1485 4251 quando
1539 4188 1974 4252 permagnum
2028 4188 2262 4250 operae
2307 4187 2490 4231 meae
2542 4188 2736 4232 usum
2799 4167 3311 4250 imperitioribus
3366 4176 3433 4232 et
3484 4167 3706 4231 minus
3761 4168 4138 4233 exercitatis
4190 4169 4331 4233 fore

333 4268 619 4346 confido,
676 4268 1067 4334 nonnullum
1124 4270 1320 4335 etiam
1364 4280 1429 4335 et
1463 4270 1875 4337 mediocriter
1919 4271 2193 4336 eruditis
2210 4322 2224 4347 ,
2284 4271 2397 4352 qui
2443 4269 2568 4334 hoc
2612 4278 3075 4353 argumentum
3128 4270 3341 4335 levius
3397 4268 3771 4352 attigerint:
3827 4290 3963 4334 non
4020 4268 4327 4336 dubitabo

331 4371 503 4453 apud
563 4373 770 4437 bonos
822 4393 1049 4438 omnes
1105 4372 1429 4457 deponere
1484 4371 1634 4439 fidei
1689 4394 1870 4438 meae
1926 4373 2278 4438 rationem:
2338 4393 2470 4437 non
2525 4372 2708 4436 illam
2751 4371 3015 4455 quidem
3057 4373 3348 4438 fortassis
3391 4373 3549 4437 satis
3591 4372 3978 4437 instructam
4023 4373 4328 4438 omnibus

330 4482 395 4536 et
424 4475 758 4541 machinis
800 4470 1035 4558 quibus
1079 4477 1398 4559 impetum
1440 4478 1512 4541 in
1555 4477 1812 4541 hostem
1866 4476 2060 4540 faciat
2074 4527 2089 4555 ,
2143 4482 2210 4542 et
2252 4474 2592 4559 praesidiis
2605 4526 2620 4551 ,
2667 4476 2903 4558 quibus
2948 4485 3189 4540 arceat:
3248 4474 3363 4540 sed
3406 4496 3542 4540 non
3595 4472 3859 4557 penitus
3902 4484 4323 4540 exarmatam.

328 4574 527 4657 Quod
573 4580 629 4643 si
670 4600 792 4661 per
832 4599 1057 4643 eorum
1100 4579 1662 4662 importunitatem
1700 4578 2006 4653 licuisset,
2052 4577 2163 4660 qui
2207 4578 2367 4642 haec
2411 4579 2665 4641 somnia
2707 4579 2778 4642 in
2813 4579 3054 4661 vulgus
3093 4587 3430 4662 spargunt,
3468 4577 3679 4642 libens
3715 4577 4176 4642 abstinuissem
4219 4598 4327 4643 me

325 4679 403 4745 ab
462 4680 596 4747 hoc
652 4702 893 4766 genere
949 4683 1351 4748 certaminis:
1411 4681 1583 4766 quod
1638 4702 1772 4746 non
1817 4686 2075 4745 tantum
2114 4681 2365 4747 fructus
2407 4680 2637 4759 refert,
2697 4687 3013 4763 quantum
3054 4680 3330 4746 insumit
3372 4699 3634 4763 operae:
3693 4700 3894 4762 quum
3945 4682 4326 4762 praesertim

324 4779 446 4849 hae
492 4783 571 4848 in
610 4793 802 4868 parte
845 4784 1065 4850 valere
1128 4785 1576 4850 existimarem
1620 4784 1898 4868 apostoli
1952 4776 2474 4848 exhortationem
2487 4835 2504 4861 ,
2562 4785 2618 4847 si
2661 4782 2918 4865 quando
2962 4783 3113 4849 usui
3154 4782 3324 4846 foret
3337 4833 3356 4861 ,
3411 4790 3486 4845 ut
3527 4780 3611 4845 ad
3652 4782 4069 4847 sobrietatem
4112 4784 4325 4865 sapia-

320 4904 491 4953 mus.
587 4886 681 4951 Et
718 4907 1093 4970 quanquam
1135 4889 1243 4953 isti
1287 4907 1485 4971 quam
1527 4894 1832 4971 optamus
1876 4885 2292 4952 sobrietatem
2332 4887 2519 4952 nobis
2561 4906 2696 4951 non
2748 4887 3166 4969 permittunt,
3221 4883 3473 4950 modice
3516 4892 3770 4964 tamen,
3829 4893 3943 4949 aut
3985 4885 4179 4949 etiam
4213 4885 4324 4957 in-

320 4994 423 5053 tra
467 4989 746 5054 modum
804 4989 1138 5056 disseram.
1225 4991 1442 5073 Atque
1497 4990 1753 5055 utinam
1808 4990 2082 5054 inventa
2125 4997 2300 5054 esset
2342 4991 2471 5055 alia
2512 4989 2709 5068 ratio,
2766 5008 2931 5071 quae
2971 4985 3220 5052 malum
3266 4986 3389 5052 hoc
3443 4986 3594 5070 plus
3635 4986 3841 5051 nimio
3883 4986 4320 5070 pullulascens

316 5098 587 5155 mature
628 5091 973 5158 recideret:
1032 5112 1147 5169 ne,
1193 5092 1381 5156 velut
1430 5113 1693 5169 cancer,
1748 5093 1963 5177 magis
2007 5114 2082 5157 ac
2120 5092 2333 5177 magis
2373 5092 2447 5156 in
2491 5092 2630 5158 dies
2686 5097 2923 5173 serpat.
3012 5089 3242 5173 Neque
3296 5097 3520 5156 tamen
3561 5110 3737 5155 nunc
3779 5090 4067 5172 primum
4107 5087 4319 5153 nasci-

318 5200 442 5258 tur.
544 5191 887 5277 Siquidem
930 5193 1207 5278 legimus
1251 5193 1567 5260 Arabioos
1607 5196 1806 5260 fuisse
1850 5193 2161 5278 quosdam
2207 5196 2401 5260 huius
2446 5194 2770 5279 dogmatis
2814 5200 3101 5258 autores:
3148 5193 3257 5276 qui
3301 5194 3622 5258 iactarent
3665 5192 3952 5256 animam
3996 5211 4144 5275 cum
4179 5209 4319 5254 001·-
