4984 5975
366 330 489 391 209

361 527 512 593 8108,
544 517 801 581 vanitas
824 517 1210 594 vanitatum,
1238 528 1307 582 et
1326 519 1549 583 omnia
1578 521 1850 587 vanitas.
1919 520 2098 602 Quid
2131 525 2308 587 enim

360 601 538 666 aliud
582 602 738 686 agit,
783 623 978 685 quam
1025 614 1100 666 ut
1143 624 1411 669 sensum
1454 605 1738 671 hominis
1782 628 2046 685 vanum,
2094 618 2161 674 et
2204 630 2306 673 re-

361 708 509 752 rnm
564 688 858 752 omnium
912 687 1241 753 incertum
1292 690 1635 756 ostendat?
1713 692 1917 757 Videt
1974 694 2166 759 hemo
2237 716 2306 759 se

358 774 528 838 mori
558 773 773 838 instar
807 774 1167 851 beluarum,
1202 775 1327 840 sibi
1363 776 1569 841 vitam
1604 786 1671 842 et
1712 788 1990 843 mertem
2032 801 2183 845 cum
2226 780 2305 844 il-

362 858 446 923 lis
490 880 627 924 esse
673 878 1115 925 communem:
1155 860 1588 926 conditionem
1623 863 1643 927 1
1697 863 1824 928 ‘tur
1866 864 1992 930 sibi
2033 885 2307 948 aequam

363 965 516 1011 cnm
554 944 686 1010 illis
703 996 717 1020 ,
763 944 1026 1029 colligit.
1116 946 1208 1009 Et
1250 947 1637 1028 quemadmo
1686 970 1797 1013 um
1843 960 1984 1032 post
2027 960 2305 1015 mortem

360 1028 495 1096 11118
520 1029 688 1094 011111
714 1040 1028 1113 superest,
1059 1031 1154 1095 ita
1178 1031 1299 1096 sibi
1325 1032 1494 1096 nihil
1520 1033 1682 1103 facit
1715 1034 2053 1119 reliquum.
2121 1036 2303 1102 Haec

358 1137 544 1201 mens
588 1116 894 1193 hominis,
933 1117 1092 1181 haec
1128 1119 1312 1196 ratio,
1352 1118 1458 1204 1110
1500 1119 1887 1185 intellectus.
1979 1123 2305 1188 Animalis

356 1201 533 1266 enim
576 1200 773 1266 home
806 1224 939 1267 nen
973 1202 1249 1285 percipit
1292 1224 1370 1269 ea
1403 1225 1573 1285 quae
1615 1218 1771 1271 sunt
1811 1208 2104 1289 spiritus:
2142 1208 2304 1272 stul-

358 1287 506 1351 titia
548 1297 654 1353 est
685 1288 784 1352 illi
821 1300 889 1353 ct
935 1309 1068 1353 non
1110 1296 1327 1375 petest
1367 1289 1735 1374 intelligere
1789 1292 1853 1375 (l
1890 1292 2038 1371 Gor.
2078 1298 2135 1370 2,
2177 1297 2300 1376 14).

357 1372 576 1437 Homo
622 1372 803 1441 videt
845 1374 1046 1439 oculis
1091 1375 1325 1452 carnis,
1389 1385 1656 1460 spectat·
1674 1388 1953 1443 mortem
1994 1399 2302 1462 praesen-

357 1470 510 1537 tem,
558 1459 683 1525 hoc
728 1481 934 1524 unum
983 1480 1200 1526 seeum
1248 1471 1512 1544 reputat
1555 1460 1635 1527 (10
1678 1470 1856 1527 terra
1899 1466 2119 1529 emnia
2160 1474 2303 1530 orta

361 1566 523 1623 0880,
574 1554 641 1609 et
696 1546 765 1609 in
824 1557 1062 1609 terram
1118 1547 1363 1628 pariter
1419 1548 1693 1612 reverti:
1738 1548 2002 1613 interim
2047 1552 2303 1614 animae

363 1629 547 1695 nulla
583 1631 797 1701 ratio„
844 1633 1062 1713 Atque
1096 1631 1163 1696 id
1201 1642 1303 1696 est
1338 1632 1509 1715 quod
1550 1634 1838 1699 subiicit:
1891 1633 2057 1716 Quis
2100 1638 2301 1713 novit,

363 1737 449 1780 an
494 1716 762 1798 spiritus
808 1717 1094 1783 filiorum
1139 1717 1353 1782 Adam
1397 1719 1706 1785 ascendat
1749 1721 2060 1785 sursum?
2109 1719 2302 1800 Quod
2354 1782 2357 1797 ,

361 1802 419 1867 81
450 1801 528 1867 0(1
565 1802 853 1866 animam
891 1803 1223 1884 veniatur,
1248 1804 1537 1868 humana
1570 1806 1735 1869 ratio
1771 1818 1907 1870 tota
1940 1808 2013 1870 in
2048 1830 2115 1871 se
2150 1829 2302 1871 con-

358 1894 567 1953 tracta
608 1888 777 1952 nihil
836 1896 1080 1953 statum
1126 1899 1241 1953 aut
1280 1888 1632 1971 liquidum,
1689 1891 2037 1968 studendo,
2096 1893 2301 1956 medi—

360 1971 575 2050 tando,
622 1974 1065 2040 ratiocinando
1097 1974 1619 2056 comprehendet.
1687 1975 1914 2057 Quum
1955 1977 2154 2060 igitur
2180 1976 2301 2043 8ο-

357 2059 572 2124 lemon
593 2058 870 2124 humani
890 2079 1124 2125 800808
1150 2060 1506 2125 vanitatem
1540 2083 1623 2126 ex
1660 2083 1733 2126 eo
1769 2063 2084 2139 ostendat,
2132 2062 2302 2144 quod

358 2146 427 2209 in
468 2144 673 2209 animi
717 2144 1237 2210 consideratione
1272 2147 1497 2211 varius
1541 2148 1626 2211 sit
1668 2156 1734 2211 et
1766 2169 2141 2230 suspensus,
2178 2150 2299 2211 mi-

1132 2231 1567 2296 atrecinatur:
1614 2232 1727 2297 sed
1770 2232 1966 2297 fidem
2008 2245 2299 2298 nestram

1142 2316 1267 2381 uod
1303 2317 1479 2382 enim
1514 2317 2113 2399 humanae-mentis
2148 2340 2299 2401 cap-

356 2231 529 2295 nime
574 2232 778 2296 errori
822 2252 1045 2296 eorum

357 2316 685 2399 praeclare
720 2317 1015 2381 sustinet.

360 2412 495 2466 tum
523 2402 801 2479 ,excedit
844 2412 909 2465 et
952 2401 1265 2477 modulos,
1310 2402 1432 2467 hec
1470 2403 1659 2468 nobis
1702 2405 1986 2487 explicat
2033 2404 2161 2469 Dei
2198 2425 2299 2469 sa-

360 2487 630 2570 pientia:
678 2488 983 2571 spiritum
1031 2487 1277 2554 scilicet
1316 2488 1619 2553 filiorum
1638 2489 1853 2553 Adam
1898 2510 2158 2554 sursum
2194 2512 2299 2554 as·-

364 2573 655 2639 cendere.
709 2574 841 2638 Pro
890 2594 1081 2637 enam
1119 2574 1331 2639 simile
1366 2596 1449 2639 ex
1486 2574 1710 2638 eodem
1745 2577 2055 2658 scriptore
2090 2576 2294 2659 (Eccl.

364 2665 471 2736 9,1
502 2662 604 2738 s.),
662 2681 788 2741 quo
878 2681 1064 2723 uram
1110 2662 1297 2724 istam
1346 2660 1663 2725 cervicem
1711 2661 1975 2743 paulum
2020 2662 2151 2726 illis
2195 2663 2298 2726 in-

359 2746 632 2810 flectam.
700 2746 850 2810 Non
892 2745 1199 2829 intelligit
1233 2745 1428 2810 hemo
1461 2745 1681 2810 odium
1722 2747 1821 2811 vcl
1860 2768 2148 2811 amorem
2170 2745 2333 2812 Dei·

360 2852 511 2914 erga
554 2830 868 2908 homines,
914 2830 1029 2895 sed
1069 2832 1295 2895 emnia
1330 2840 1677 2896 servantur
1711 2833 1979 2910 incerta,
2017 2855 2091 2897 eo
2129 2833 2299 2915 quod

358 2918 664 2981 universa
697 2939 899 2999 aeque
928 2916 1241 2982 eveniunt
1274 2918 1444 2981 iusto
1466 2928 1532 2981 et
1557 2918 1774 3002 impio,
1814 2920 1981 2983 beno
2019 2926 2087 2983 et
2104 2918 2297 3000 malo,

358 2999 722 3068 immolanti
766 3003 1066 3068 victimas
1094 3015 1162 3068 et
1192 3024 1327 3067 non
1362 3004 1744 3082 immolanti,
1783 3015 1902 3070 etc.
1969 3003 2045 3071 81
2080 3008 2301 3071 omnia

358 3099 707 3153 servantur
744 3089 994 3153 incerta
1040 3092 1109 3152 in
1153 3089 1480 3154 futurum:
1535 3111 1690 3174 ergo
1734 3089 1962 3169 fidelis,
2008 3091 2116 3156 cui
2161 3112 2298 3156 em·

358 3176 462 3240 nia
504 3175 577 3238 in
619 3175 863 3239 benum
897 3184 1345 3258 cooperantur,
1392 3176 1807 3241 afflictionem
1844 3176 2299 3259 interpretabi-

359 3271 465 3325 tur
507 3282 650 3325 esse
685 3261 811 3325 Dei
849 3258 1111 3324 odium?
1158 3260 1459 3324 minime:
1504 3259 1805 3327 fidelibus
1839 3262 2017 3325 enim
2053 3262 2299 3327 dietum

1587 3367 1917 3411 ressuram
1959 3346 2295 3426 habebitis,

1679 3431 1835 3496 dum
1890 3432 2294 3512 incumbunt,

358 3539 483 3582 non
527 3517 721 3582 medo
780 3518 1058 3582 infracta
1100 3518 1300 3580 animi
1347 3518 1672 3600 aequitate
1727 3518 2065 3602 perferunt
2151 3518 2297 3583 uid-

356 3602 506 3685 quid
551 3605 845 3668 evenerit
859 3656 873 3680 ,
931 3601 1045 3667 sed
1086 3605 1284 3666 etiam
1330 3602 1695 3688 gloriantur
1748 3605 1816 3667 in
1861 3602 2296 3668 tribulationi-

358 3687 478 3753 bus
494 3740 510 3767 ,
564 3690 950 3754 confitentes
1003 3681 1151 3753 c'um
1204 3689 1395 3752 beate
1453 3687 1599 3752 Iob:
1662 3690 1935 3753 Etiamsi
1992 3688 2299 3755 occiderit

356 3796 491 3850 nos,
534 3776 605 3840 10
640 3774 783 3857 ipso
819 3775 1221 3857 sperabimus
1259 3774 1424 3858 (Iob.
1470 3777 1566 3850 13,
1614 3777 1735 3855 15).
1796 3773 2139 3855 Quomodo
2175 3776 2296 3859 igi-

359 3869 469 3923 tur
505 3862 571 3924 in
616 3860 913 3924 futurum
959 3869 1315 3934 servantur,
1348 3860 1601 3925 incerta
1642 3860 1901 3925 emnia?
1974 3860 2160 3926 Haec
2195 3883 2296 3926 se-

358 3945 634 4010 cundum
670 3946 1021 4010 hominem.
1073 3946 1550 4010 Verumtamen
1574 3947 1833 4012 vanitas
1857 3948 2067 4011 omnis
2101 3946 2296 4011 homo

358 4032 602 4096 vivens.
693 4032 821 4096 His
866 4031 1126 4096 subiicit
1170 4030 1378 4112 (Eccl.
1432 4038 1489 4108 9,
1538 4034 1575 4095 3
1612 4032 1759 4113 ss.):
1815 4032 1962 4097 Hoc
2008 4040 2108 4098 est
2149 4053 2295 4116 pes-

356 4119 592 4182 simum
639 4115 811 4199 quod
854 4117 991 4182 vidi
1017 4115 1135 4182 sub
1180 4115 1334 4194 sole,
1381 4118 1548 4199 quia'
1575 4116 1801 4181 cadem
1847 4120 2100 4183 cunctis
2144 4139 2295 4183 eve-

355 4203 571 4267 niunt:
627 4200 807 4267 unde
862 4213 929 4267 et
984 4200 1177 4268 corda
1228 4202 1509 4266 filiorum
1558 4202 1897 4267 hominum
1940 4203 2297 4286 implentur

354 4289 603 4353 malitia
648 4299 715 4354 et
756 4301 1158 4372 contemptu,
1202 4290 1275 4353 in
1316 4289 1457 4352 vita
1499 4307 1643 4352 sua:
1690 4298 1757 4351 et
1797 4299 1949 4371 pest
1988 4289 2168 4366 haec,
2215 4289 2297 4354 ad

354 4375 594 4440 inferos
650 4373 1080 4439 deducuntur.
1150 4379 1265 4453 [fol.
1305 4380 1413 4453 31]
1468 4373 1677 4438 Nemo
1731 4385 1834 4438 est
1886 4374 2000 4456 qui
2042 4396 2300 4458 semper

354 4461 554 4539 vivat,
598 4467 669 4525 et
710 4461 823 4542 qui
866 4460 1059 4525 huius
1102 4461 1199 4525 rei
1243 4458 1483 4525 habeat
1520 4458 1844 4524 fiduciam.
1918 4460 2157 4525 Melior
2199 4468 2300 4527 est

350 4548 531 4611 canis
574 4547 768 4611 vivus
810 4545 997 4611 leone
1038 4554 1309 4611 mortuo.
1398 4544 1719 4610 Viventes
1762 4545 1939 4609 enim
1980 4546 2194 4611 sciunt
2228 4568 2297 4612 80

353 4654 495 4696 0880
538 4633 915 4697 merituros:
960 4633 1198 4700 mortui
1238 4651 1392 4697 vero
1427 4630 1597 4696 nihil
1630 4638 1959 4696 noverunt
1992 4631 2292 4716 amplius.

355 4717 495 4782 Nec
533 4716 782 4782 habent
832 4718 1009 4782 ultra
1062 4716 1454 4783 mercedem:
1512 4717 1665 4799 quia
1707 4715 2013 4782 oblivioni
2056 4717 2298 4784 tradita

354 4811 459 4866 est
493 4803 814 4868 memoria
850 4804 1165 4886 ipsorum,
1203 4810 1321 4869 etc.
1402 4802 1637 4869 Nonne
1680 4803 1841 4868 haec
1885 4802 2172 4884 loquitur
2215 4804 2294 4869 de

352 4909 578 4953 eorum
636 4888 961 4966 crassitia,
1037 4890 1143 4972 qui
1212 4898 1490 4953 cernunt
1546 4896 1803 4954 tantum
1870 4895 2022 4952 ante
2076 4887 2292 4970 pedes,

352 4995 477 5039 nee
548 4976 835 5040 futuram
904 4975 1107 5040 vitam
1121 5025 1135 5052 ,
1213 4996 1335 5040 nec
1412 4974 1959 5040 resurrectionem
2030 4994 2294 5057 speran-

350 5059 494 5125 tes?
550 5060 726 5125 Nam
759 5062 881 5124 etsi
916 5081 1145 5125 verum
1178 5067 1369 5138 esset,
1406 5059 1572 5124 nihil
1605 5080 1731 5125 nos
1764 5080 1906 5126 0880
1938 5068 2087 5144 post
2124 5081 2295 5126 mer-

350 5155 517 5212 tem:
574 5155 873 5229 superest
928 5155 1149 5210 tamen
1202 5146 1620 5224 resurrectiO,
1678 5147 1747 5210 in
1790 5147 1971 5212 cuius
2011 5166 2195 5229 spem
2238 5148 2294 5213 si

351 5231 778 5297 intuerentur
792 5282 807 5308 ,
864 5251 997 5297 non
1048 5230 1498 5296 imbuerentur
1542 5238 1917 5315 contemptu
1960 5230 2117 5308 Dei,
2172 5254 2293 5298 nec

563 5332 786 5388 calcem
810 5313 993 5401 ορᾶα.
1076 5333 1185 5387 Vol.
1239 5332 1294 5384 V.
1906 5335 1913 5344 '
2260 5341 2268 5346 ’

358 3357 455 3410 est
498 3346 757 3429 (Ieann.
804 3352 899 3424 16,
939 3350 1079 3424 33):
1123 3346 1206 3410 In
1252 3347 1497 3410 mundo

359 3431 425 3494 in
478 3453 582 3496 me
636 3431 1158 3497 consolationem.
1237 3430 1363 3497 Oui
1420 3454 1539 3497 ver

1881 332 2447 401 Ρ8ΥΟΙ-ΙΟΡΑΝ
2447 335 2584 400 ΝΥ
2585 335 2830 403 om

4235 350 4360 412 210

2409 525 2821 608 replerentur
2861 527 3137 593 malitia:
3184 540 3260 594 ut
3293 531 3512 596 emnia
3547 531 3675 597 alia
3711 535 4025 598 emittam.
4096 533 4359 601 Censti-

2411 620 2673 676 tuamus
2715 633 2871 697 ergo
2913 621 3061 696 pest
3105 612 3547 693 80101000010,
3598 616 3759 684 haec
3818 622 4035 684 omnia
4077 642 4210 685 nen
4252 644 4354 688 ea-

2412 694 2566 761 dere
2611 696 2732 762 sub
2767 719 3033 764 sensum
3072 702 3341 768 rationis
3377 703 3720 769 humanae.
3781 703 3973 785 Quod
4013 707 4068 770 si
4104 717 4355 771 certum

2410 781 2657 865 aliquid
2713 783 2954 849 habere
3006 785 3337 865 velumus,
3396 788 3478 852 ad
3521 788 3735 873 legem
3777 810 4120 855 curramus
4163 803 4230 856 et
4274 791 4358 857 ad

2409 868 2856 933 testimonium
2892 870 3048 951 (Ies.
3086 877 3143 950 8,
3183 874 3324 957 2Ο>;
3368 873 3479 961 ubi
3515 875 3758 940 veritas
3794 886 3861 940 et
3897 879 4041 941 viae
4062 877 4351 942 Domini.

2409 952 2597 1017 Haec
2651 955 2838 1020 nobis
2861 1022 2866 1039 ‚
2890 955 3276 1039 loquuntur:
3336 957 3566 1025 Donec
3610 970 3982 1027 revertatur
4024 963 4239 1044 pulvis
4283 964 4355 1029 in

2408 1045 2655 1103 terram
2707 1040 2883 1105 unde
2927 1052 3095 1120 erat,
3157 1052 3222 1108 et
3265 1045 3533 1126 spiritus
3585 1044 3808 1110 redeat
3852 1047 3935 1112 ad
3979 1049 4204 1113 Deum‘
4240 1049 4355 1131 001

2409 1122 2591 1188 dedit
2641 1125 2830 1193 illum
2886 1127 3218 1209 (Εο01.’12,
3261 1135 3348 1213 7).
3427 1131 3638 1196 Νο100
3693 1154 3848 1215 ergo
3903 1132 4182 1211 dubitet,
4240 1134 4353 1216 qui

2408 1208 2686 1274 verbum
2733 1212 2861 1276 Dei
2915 1212 3195 1279 audierit
3209 1266 3223 1293 ,
3278 1216 3434 1297 quin
3487 1217 3758 1299 spiritus
3811 1218 4092 1283 filiorum
4134 1219 4354 1285 Adam

2408 1297 2719 1360 ascendat
2761 1319 3036 1363 sursum.
3108 1300 3477 1366 Ascendere
3522 1311 3742 1367 autem
3779 1325 4057 1382 sursum,
4101 1305 4352 1389 simpli-

2407 1381 2572 1446 citer
2623 1381 2757 1447 illic
2803 1385 3049 1469 accipio
3093 1407 3210 1468 pro
3255 1387 3639 1465 consistere,
3686 1399 3751 1453 et
3793 1389 4352 1456 immortalitatem

2408 1468 2723 1533 retinere:
2750 1470 3294 1550 quemadmodum
3318 1494 3580 1538 sursum
3594 1474 3643 1557 ¹)
3669 1473 4078 1559 descendere,
4110 1475 4351 1541 dixisse

2407 1552 2572 1615 mihi
2621 1553 2895 1633 videtur,
2941 1577 3059 1638 pro
3103 1557 3354 1635 collabi,
3405 1558 3718 1637 decidere,
3766 1559 4069 1642 disperdi.

2578 1722 2903 1804 Quintum
2947 1738 3406 1809 argumentum
3451 1730 3646 1811 pleno
3692 1728 3852 1794 adeo
3888 1739 4082 1813 atque
4127 1740 4351 1813 aperto

2408 1818 2676 1891 gutture
2729 1812 3058 1887 intonant,
3105 1822 3181 1876 ut
3223 1814 3807 1896 profundissimum
3849 1837 4157 1881 somnum
4202 1816 4350 1881 der-

2352 1926 2358 1953 ,
2406 1893 2764 1960 mientibus
2819 1904 3124 1962 excutere
3181 1901 3447 1981 possint.
3537 1900 3618 1964 In
3675 1922 3750 1966 eo
3797 1903 3974 1966 enim
4012 1900 4352 1966 meliorem

2352 1968 2357 2045 !
2406 2001 2560 2044 suae
2606 1982 2914 2046 victoriae
2956 1990 3212 2065 partem
3257 1986 3678 2050 constituunt.
3746 1987 3839 2051 Et
3881 2008 4084 2070 quum
4126 1988 4351 2085 fiicnm

2405 2066 2542 2128 suis
2598 2066 2947 2149 neophytis
2999 2068 3210 2134 facere
3266 2069 3523 2149 volunt,
3597 2071 3664 2135 id
3719 2073 4129 2154 potissimum
4185 2094 4351 2139 arri-

2403 2150 2624 2232 piunt,
2680 2173 2804 2233 quo
2848 2152 3044 2217 fidem
3086 2176 3311 2219 eorum
3355 2163 3423 2220 et
3463 2177 3693 2221 sanam
3735 2166 4029 2223 mentem
4069 2158 4350 2224 labefac-

2404 2245 2562 2298 tent.
2639 2236 2879 2313 Unum,
2925 2240 3249 2320 inquiunt,
3293 2240 3621 2320 iudicium,
3668 2242 3840 2323 quod
3875 2242 4105 2308 reddet
4137 2244 4348 2308 emni-

2402 2321 2525 2384 bus
2561 2342 2744 2385 suam
2789 2322 3174 2401 mercedem,
3213 2326 3338 2407 piis
3371 2326 3672 2409 gloriam,
3701 2327 3921 2409 impiis
3956 2329 4345 2411 gehennam.

2402 2406 2586 2470 Nihil
2633 2416 2801 2471 ante·
2821 2408 3005 2472 illum
3044 2408 3215 2473 diem
3251 2411 3577 2490 statuitur,
3617 2420 3730 2477 aut
3763 2412 4200 2492 beatitudinis,
4235 2421 4349 2479 aut

2403 2492 2722 2557 miseriae.
2825 2492 2937 2559 Sic
3003 2495 3242 2577 ubique
3294 2497 3652 2580 scripturae
3710 2505 4062 2562 testantur:
4121 2499 4348 2563 Mittet

2403 2578 2672 2661 angelos
2716 2600 2868 2643 sues
2912 2598 3059 2645 cum
3096 2581 3254 2659 tuba
3297 2590 3364 2644 et
3397 2603 3551 2648 voce
3590 2603 3849 2665 magna,
3888 2592 3955 2648 et
3988 2604 4346 2668 congrega-

2405 2661 2568 2727 bunt
2610 2663 2846 2729 electos
2903 2667 3044 2730 eius
3087 2687 3128 2729 a
3170 2676 3448 2748 quatuor
3489 2669 3706 2732 ventis
3725 2719 3739 2745 ,
3803 2690 3842 2732 a
3884 2670 4174 2734 summis·
4200 2690 4345 2735 eoe-

2402 2748 2644 2828 lorum,
2703 2772 2909 2833 usque
2966 2750 3047 2816 ad
3106 2752 3421 2817 terminos
3466 2774 3693 2819 eorum
3758 2754 4026 2839 (Matth.
4068 2759 4168 2831 24,
4213 2756 4380 2835 31).·

2402 2834 2604 2899 Item:
2653 2836 2735 2899 In
2778 2839 3334 2902 consummatione
3378 2838 3620 2904 saeculi
3661 2840 3879 2903 mittet
3915 2840 4090 2904 filius
4134 2840 4346 2904 homi-

2403 2920 2509 2983 nis
2555 2921 2822 3005 angelos
2867 2940 3046 3000 suos,
3083 2932 3166 2989 ⁴et
3220 2923 3652 3008 colligent-de
3694 2946 3900 3010 regno
3943 2927 4083 2991 eius
4128 2927 4348 2992 emnia

2402 3006 2737 3088 scandala,
2782 3017 2850 3072 et
2892 3030 3002 3074 eos
3046 3010 3157 3091 qui
3199 3011 3448 3102 faciunt
3488 3010 3900 3094 iniquitatem
3916 3064 3932 3090 ,
3978 3021 4045 3080 et
4083 3013 4347 3078 mittent

2403 3112 2514 3156 eos
2555 3093 2627 3158 10
2678 3095 3005 3160 caminum
3048 3096 3238 3179 ignis.
3329 3097 3513 3162 Tunc
3556 3096 3714 3162 iusti
3756 3097 4131 3182 fulgebunt,
4178 3099 4347 3164 sicut

2403 3178 2531 3258 801,
2575 3179 2647 3243 10
2691 3200 2895 3264 reg-no
2951 3183 3157 3263 patris
3202 3182 3306 3246 sui
3361 3182 3630 3265 (Matth.
3678 3188 3698 3244 J
3715 3186 3773 3260 3,
3812 3189 3890 3246 41
3920 3185 4053 3263 ss.).
4142 3184 4343 3249 Item:

2403 3263 2590 3331 'I'unc
2630 3263 2799 3331 dicet
2833 3287 2952 3330 rex
2997 3266 3099 3330 his
3143 3268 3256 3349 qui
3297 3288 3339 3331 a
3381 3266 3631 3333 dextris
3675 3279 3899 3333 erunt:
3947 3269 4190 3334 Venite
4235 3270 4347 3335 be-

2400 3348 2644 3415 nedieti
2686 3352 2892 3433 patris
2935 3353 3081 3430 mei,
3125 3350 3451 3436 possidete
3495 3374 3774 3437 regnum
3812 3361 4112 3435 paratum
4157 3355 4346 3420 vobis
4441 3381 4446 3384 ·

2401 3455 2442 3498 a
2480 3436 2943 3502 constitutione
2985 3436 3243 3502 mundi:
3304 3437 3612 3504 discedite
3655 3459 3696 3502 0
3750 3460 3857 3502 1110
3901 3438 4232 3506 maledicti
4275 3441 4346 3504 in

2399 3520 2626 3602 ignem
2669 3532 3027 3586 aeternum.
3099 3523 3191 3588 Et
3231 3522 3438 3601 ibunt,
3487 3525 3557 3588 hi
3591 3525 3664 3587 in
3708 3523 4099 3607 supplicium
4136 3530 4343 3589 aeter-

2400 3626 2581 3683 num,
2605 3606 2761 3671 iusti
2783 3618 3004 3671 autem
3025 3607 3097 3672 in
3118 3610 3326 3687 vitam
3351 3617 3686 3673 aeternam
3706 3607 3977 3692 (Matth.
3995 3613 4095 3685 25,
4111 3612 4191 3671 34
4206 3611 4341 3692 88).

2401 3688 2635 3756 Simile
2677 3699 2781 3756 est
2823 3690 2999 3775 apud
3038 3693 3385 3759 Danielem
3422 3694 3621 3776 (Dan.
3668 3698 3762 3772 12,
3810 3697 3895 3775 1);
3942 3693 4034 3758 Ε1,
4065 3693 4138 3756 10
4179 3705 4342 3757 tem-

2398 3796 2555 3859 pere
2597 3776 2711 3840 ilio
2753 3776 3114 3843 salvabitur
3154 3779 3435 3863 populus
3479 3791 3661 3857 tuus,
3703 3778 3914 3843 omnis
3959 3778 4072 3859 qui
4114 3779 4342 3843 inven-

2402 3871 2506 3926 tus
2551 3861 2751 3927 fuerit
2805 3867 3088 3945 scriptus
3131 3865 3202 3928 in
3245 3863 3430 3929 libro.
3497 3864 3680 3929 Haec
3724 3862 3969 3937 omnia',
4015 3862 4341 3946 inquiunt,

2400 3948 2455 4012 si
2502 3946 2582 4011 de
2628 3947 2732 4013 die
2776 3948 2998 4015 iudicii
3042 3952 3285 4035 scripta
3328 3961 3514 4030 sunt,
3572 3947 3891 4031 quemodo
3938 3949 4346 4014 vocabuntur

2402 4040 2559 4098 tunc
2600 4032 2683 4098 ad
2725 4035 2934 4117 regni,
2959 4034 3254 4102 coelestis
3296 4036 3768 4118 possessionem
3809 4033 4015 4112 electi,
4067 4036 4123 4100 si
4166 4057 4344 4102 nune

2402 4117 2779 4202 possident?
2885 4118 3226 4200 Quomodo
3287 4121 3538 4186 dicetur
3600 4119 3734 4184 illis
3790 4126 3866 4184 ut
3931 4122 4227 4196 veniant,
4288 4123 4343 4186 si

2399 4205 2530 4269 iam
2601 4205 2801 4269 sunt?
2871 4204 3212 4286 Quomodo
3267 4205 3628 4272 salvabitur
3681 4204 3992 4289 populus,
4058 4205 4116 4271 si
4167 4228 4344 4274 nunc

2400 4291 2624 4356 salvus
2668 4291 2806 4355 est?
2878 4290 3322 4372 Quamobrem
3364 4290 3607 4369 fideles,
3654 4291 3766 4373 qui
3810 4312 3987 4356 nunc
4031 4291 4226 4356 etiam
4270 4292 4342 4356 in

2401 4374 2528 4441 fide
2585 4377 2948 4456 ambulant,
3006 4399 3140 4442 non
3199 4377 3400 4442 alium
3464 4384 3848 4458 exspectant
3901 4376 4129 4443 salutis
4186 4399 4341 4442 suae

2400 4461 2593 4539 diem,
2637 4470 2714 4526 ut
2755 4463 2848 4527 ait
2893 4471 3007 4540 [fol.
3046 4471 3150 4540 32}
3197 4461 3472 4528 Paulus:
3521 4460 3835 4540 Scientes,
3880 4463 4206 4552 quoniam!
4229 4464 4341 4546 qui

2400 4547 2739 4612 suscitavit
2780 4547 3004 4613 Iesum
3047 4568 3087 4611 0
3127 4547 3433 4625 mortuis,
3480 4556 3547 4612 et
3587 4568 3706 4611 nes
3748 4568 3898 4612 cum
3940 4547 4094 4613 Iesu
4137 4548 4340 4613 susci-

2401 4632 2566 4697 tabit
2608 4637 2672 4714 (2
2712 4631 2859 4698 Cor.
2898 4639 2959 4711 4,
3005 4637 3130 4715 14).
3197 4635 3290 4697 Ε1,
3332 4632 3518 4697 alibi:
3563 4633 4113 4715 Exspectantibus
4156 4656 4339 4698 reve·

2397 4718 2709 4782 lationem
2752 4719 3020 4784 Domini
3076 4718 3286 4784 nostri
3326 4717 3478 4783 Iesu
3522 4717 3799 4796 Christi,
3827 4719 3956 4800 equi
3997 4727 4065 4783 et
4106 4720 4339 4784 confir-

2397 4803 2606 4868 mabit
2658 4824 2775 4869 vos
2833 4825 3035 4887 usque
3088 4804 3162 4867 in
3214 4806 3443 4882 finem,
3499 4805 3571 4870 in
3616 4804 3788 4869 diem
3832 4803 4169 4881 advent-us,
4216 4812 4335 4874 etc.

2398 4888 2658 5039 glfflssor.
2687 4894 2740 4966 1,
2768 4894 2802 4950 7
2829 4889 2930 4973 8.).
3011 4890 3291 4967 Verum,
3348 4897 3425 4954 ut
3473 4889 3634 4953 haec
3677 4890 3893 4954 omnia
3933 4888 4065 4954 iuis
4107 4908 4336 4954 conce-

2552 4996 2648 5052 us,
2695 4996 2812 5040 cur
2855 4973 3107 5040 addunt
3148 4973 3228 5039 de
3281 4996 3508 5040 somno
3555 4975 3786 5040 suum?
3854 4975 4001 5039 Non
4046 4974 4223 5038 enim
4266 4975 4338 5038 in

2535 5178 2591 5240 1)
2631 5177 2726 5233 Sic
2758 5179 2889 5235 latri
2918 5180 3101 5232 nostri
3130 5194 3310 5232 omnes
3339 5187 3558 5246 praetor
3603 5179 3773 5233 Amat.
3817 5179 3916 5248 qm·
3947 5178 4132 5232 habet.-
4178 5176 4334 5232 deor·

2394 5265 2526 5303 sum.
2589 5247 2768 5344 111οὸ18
2799 5247 3115 5301 vocabulum
3147 5248 3369 5302 omnino
3403 5246 3686 5302 delendum
3723 5247 3952 5384 videtltz.
