4984 5975
582 310 709 373 227

578 498 769 575 dum,
826 496 883 562 si
934 493 1247 579 populum
1302 515 1495 560 suum
1549 493 1807 560 libidini
1861 515 1937 561 ac
1979 495 2259 561 ferociae
2300 495 2534 576 impio-

580 604 729 648 rum
773 579 1165 647 tradidisset.
1233 580 1430 646 Hanc
1486 581 1881 645 sententiam
1935 580 2130 664 plane
2187 582 2535 646 confirmat

580 669 805 747 oratio,
850 687 1017 749 quae
1061 675 1162 730 est
1202 667 1274 730 in
1320 665 1663 749 prophetia
1688 667 1737 750 ¹)
1780 666 2079 733 Baruch:
2127 667 2331 750 Aperi
2377 685 2533 732 ocu-

580 754 677 820 los
712 763 892 830 tuos,
949 759 1015 818 et
1057 751 1234 817 vide:
1292 751 1445 834 quia
1499 773 1632 816 non
1675 753 1917 817 mortui
1961 753 2074 835 qui
2118 758 2274 818 sunt
2314 752 2383 815 in
2427 751 2532 816 in-

578 840 789 916 ferne,
890 858 1126 903 uorum
1191 837 1464 921 spiritus
1542 845 1843 920 acceptus
1897 845 2000 904 est
2067 859 2108 903 a
2171 838 2532 903 visceribus

580 925 736 1002 suis,
784 923 865 988 da
910 932 1034 988 unt
1074 922 1350 1007 gloriam
1396 930 1462 987 et
1512 923 1830 989 iustitiam
1873 922 2050 989 Deo:
2118 923 2232 989 sed
2289 924 2527 1002 anima,

577 1030 744 1093 quae
787 1010 996 1075 tristis
1050 1030 1248 1093 super
1303 1009 1753 1092 magnitudine
1795 1008 1982 1088 mali,
2042 1008 2286 1076 incedit
2329 1030 2532 1074 curva

578 1104 646 1161 et
686 1097 978 1172 infirma,
1034 1104 1103 1158 et
1145 1094 1517 1161 deficientes
1571 1095 1770 1173 oculi,
1829 1102 1895 1160 et
1949 1096 2169 1160 anima
2211 1097 2527 1174 esuriens,

579 1186 697 1260 [fol.
724 1187 831 1261 47]
855 1181 1037 1247 dabit
1056 1180 1331 1264 gloriam
1358 1180 1650 1263 (Baruch
1675 1186 1734 1261 2,
1765 1186 1838 1244 17
1869 1182 2004 1264 88.).
2044 1180 2192 1256 Ubi,
2209 1182 2374 1247 citra
2407 1180 2529 1246 du-

577 1267 774 1345 bium,
822 1266 1047 1332 videre
1087 1274 1205 1344 est,
1248 1274 1658 1332 mortuorum
1703 1268 1970 1332 nomine
2013 1266 2336 1333 contineri
2355 1318 2370 1345 ,
2416 1268 2528 1351 qui

576 1354 799 1419 afflicti
854 1362 921 1416 et
964 1352 1226 1419 contriti
1282 1374 1321 1416 a
1365 1353 1505 1417 Deo
1556 1353 1632 1418 in
1677 1353 1954 1417 exitium
1998 1352 2330 1418 abierunt:
2386 1354 2528 1417 ani·-

576 1459 754 1503 mam
798 1440 1072 1516 tristem,
1118 1438 1455 1504 incurvam
1501 1446 1567 1503 et
1608 1439 1972 1517 infirmam,
2018 1459 2185 1520 quae
2230 1459 2350 1503 sua
2394 1440 2528 1504 vir-

576 1530 717 1588 tute
763 1524 1010 1590 defecta
1054 1533 1120 1588 et
1163 1524 1266 1588 sui
1309 1522 1548 1589 fiducia
1590 1546 1724 1588 non
1766 1525 1997 1589 innixa
2033 1525 2238 1589 currit
2270 1523 2352 1588 ad
2387 1523 2528 1588 Do-

576 1610 864 1688 minum,
933 1630 1084 1674 eum
1148 1610 1438 1688 invocat,
1511 1610 1592 1675 ab
1657 1631 1733 1674 eo
1784 1610 2104 1674 auxilium
2170 1616 2524 1692 exspectat.

574 1695 761 1761 Haec
803 1696 1022 1760 omnia
1065 1697 1119 1760 si
1165 1695 1312 1779 quis
1355 1695 1516 1760 velit
1552 1716 1670 1778 per
1702 1695 2323 1779 prosopographiam
2359 1697 2527 1763 acci-

575 1802 747 1864 pere,
792 1781 1049 1846 facilem
1094 1780 1361 1846 habebit
1402 1781 1804 1859 methodum,
1851 1781 1935 1846 ad
1971 1802 2197 1846 eorum
2242 1781 2526 1864 explica-

574 1867 849 1931 tionem:
896 1875 973 1932 ut
1015 1868 1083 1931 in
1129 1866 1442 1950 personis,
1488 1887 1626 1931 rem
1670 1867 1879 1950 ipsam
1914 1868 2218 1951 accipiat;
2265 1876 2333 1932 et
2368 1867 2526 1932 dum

573 1962 866 2019 mortuos
909 1952 1109 2031 audit,
1152 1960 1434 2017 mortem
1477 1952 1820 2036 intelligat,
1864 1953 1987 2019 hoc
2021 1971 2248 2019 sensu:
2296 1953 2529 2017 Domi-

572 2058 733 2103 num
778 2038 1259 2104 misericordiae
1313 2047 1380 2103 et
1434 2039 1744 2105 bonitatis
1798 2038 2061 2104 laudem
2105 2058 2240 2103 non
2296 2058 2524 2104 conse-

571 2126 716 2206 qui,
776 2123 933 2189 dum
987 2124 1251 2209 affligit,
1316 2123 1534 2207 perdit
1575 2146 1650 2190 ac
1703 2124 1918 2207 punit:
1977 2124 2269 2209 (tametsi
2310 2125 2524 2189 iustae

572 2217 731 2275 sunt
771 2209 1067 2293 poenae),
1116 2210 1232 2275 sed
1278 2218 1420 2274 tum
1465 2209 1728 2274 demum
1764 2231 1985 2275 creare
2024 2210 2148 2276 sibi
2189 2211 2523 2294 populum,

571 2296 684 2378 qui
727 2295 990 2360 laudem
1035 2317 1191 2360 suae
1238 2295 1543 2360 bonitatis
1586 2297 1889 2362 concinat
1924 2305 1990 2362 et
2023 2296 2327 2375 celebret,
2365 2296 2523 2362 dum

568 2381 860 2458 afflictos,
907 2383 1221 2447 contritos
1265 2393 1331 2446 et
1375 2380 1781 2464 desperatos,
1835 2382 2071 2447 liberat
2108 2402 2185 2446 ac
2228 2382 2298 2446 in
2339 2404 2525 2466 spem

567 2468 776 2550 erigit.
849 2465 985 2533 Sed
1046 2490 1128 2532 ne
1185 2467 1604 2547 cavillentur,
1662 2489 1781 2533 nos
1825 2467 1908 2532 ad
1963 2470 2208 2552 figuras
2252 2476 2319 2533 et
2360 2468 2523 2533 obli·

565 2571 695 2635 qua
729 2553 1065 2619 schemata
1099 2553 1468 2636 confugere,
1516 2554 1682 2619 citra
1714 2556 1998 2638 figuram
2018 2574 2273 2637 quoque
2316 2554 2524 2638 accipi

567 2651 854 2721 possunt.

742 2806 1047 2874 Secundo
1089 2809 1229 2873 loco
1275 2806 1429 2887 dixi,
1477 2830 1782 2891 perverse
1827 2830 1911 2873 ex
1956 2809 2060 2873 1118
2095 2809 2254 2875 10818
2300 2811 2521 2888 statui,

568 2902 825 2959 sanctos
871 2903 1017 2977 post
1060 2902 1339 2959 mortem
1381 2915 1633 2959 cessare
1669 2914 1745 2958 88
1789 2893 2088 2960 desinere
2134 2915 2174 2958 a
2217 2894 2521 2960 laudibus

569 2978 718 3057 Dei,
765 2979 880 3045 sed
924 2980 1194 3045 laudare
1238 2981 1452 3063 potius
1494 3003 1634 3045 csse
1680 3001 2187 3046 commemorare
2225 3000 2301 3046 ac
2335 3002 2523 3064 prae-

571 3064 789 3130 dicare
835 3065 1012 3148 apud
1056 3066 1219 3131 alios
1264 3067 1388 3130 Dei
1434 3065 1751 3131 beneficia
1794 3066 1862 3131 in
1906 3066 2140 3149 quibus
2184 3066 2518 3132 laudetur:

570 3172 764 3234 quem
805 3173 1072 3216 sensum
1117 3172 1251 3216 non
1294 3150 1487 3216 modo
1522 3152 1849 3235 recipiunt
1882 3152 2102 3230 verba,
2149 3154 2261 3217 sed
2298 3174 2521 3219 neces-

570 3236 742 3302 sario
787 3237 1080 3320 exigunt.
1149 3237 1321 3302 Nam
1367 3239 1789 3315 annunciare,
1837 3246 1905 3303 et
1949 3259 2250 3317 narrare,
2297 3249 2361 3304 et
2408 3260 2521 3322 pa-

570 3331 736 3387 trem
793 3331 1022 3387 notum
1078 3324 1289 3389 facere
1343 3324 1524 3401 filiis,
1586 3344 1718 3389 11011
1766 3333 1867 3390 888
1909 3325 2127 3389 81111110
2171 3334 2521 3408 menteque
2570 3321 2575 3380 ¹

568 3410 903 3491 concipere
950 3408 1079 3473 Dei
1122 3409 1413 3494 gloriam,
1461 3409 1576 3475 sed
1611 3431 1722 3475 ore
1758 3410 2104 3488 celebrare,
2149 3419 2227 3474 ut
2258 3411 2369 3475 alii
2404 3433 2520 3476 au-

568 3494 767 3560 diant.
836 3495 966 3560 Hic
1024 3496 1081 3559 si
1135 3515 1242 3559 me
1295 3495 1744 3577 interpellent,
1799 3495 1972 3580 quod
2016 3496 2148 3562 illis
2188 3496 2258 3561 id
2300 3497 2522 3580 ipsum

568 3601 765 3665 agere
808 3581 1018 3660 liceat,
1060 3580 1118 3646 si
1161 3581 1268 3664 (ut
1311 3581 1668 3664 credimus)
1712 3582 1782 3647 in
1826 3581 2130 3666 paradiso
2171 3591 2328 3648 sunt
2370 3604 2520 3649 cum

566 3665 739 3744 Deo,
787 3665 1175 3750 respondeo:
1232 3667 1305 3730 in
1349 3666 1650 3750 paradiso
1696 3689 1870 3746 esse,
1930 3674 1998 3733 88
2036 3689 2186 3734 811111
2229 3668 2374 3734 Deo
2420 3670 2519 3734 vi-

567 3774 749 3842 vere,
808 3774 941 3817 non
995 3761 1096 3817 est
1147 3752 1425 3817 alterum
1483 3752 1672 3817 alteri
1728 3754 1932 3836 loqui,
1981 3761 2047 3817 et
2098 3753 2381 3819 alterum
2433 3756 2515 3820 ab

570 3838 776 3902 altero
821 3838 1067 3903 audiri:
1125 3837 1241 3903 sed
1296 3845 1558 3902 tantum
1601 3840 1749 3905 Deo
1792 3839 1952 3917 frui,
1998 3839 2238 3905 sentire
2276 3840 2520 3909 bonam

568 3923 710 3987 81118
767 3923 1199 4002 voluntatem,
1267 3924 1339 3987 in
1403 3943 1479 3988 eo
1558 3925 1985 4008 acquiescere.
2079 3922 2155 3990 Si
2210 3925 2334 3992 hoc
2386 3925 2519 3991 illis

567 4007 931 4090 Morpheus
987 4008 1222 4092 aliquis
1278 4007 1404 4072 κατ’
1448 4006 1591 4096 ὄναρ
1651 4010 2002 4088 revelavit,
2069 4009 2354 4076 habeant
2393 4012 2519 4078 sibi

569 4099 835 4159 certum.
909 4094 1063 4178 Ipse
1131 4095 1296 4160 mihi
1356 4116 1491 4160 non
1563 4094 1916 4162 adsciscam
1981 4103 2308 4162 tortuosas
2371 4097 2520 4164 illas

568 4179 1007 4264 quaestiones,
1060 4201 1227 4263 quae
1271 4181 1354 4245 ad
1398 4182 1883 4248 contentionem
1925 4182 2178 4260 valent,
2223 4183 2391 4247 nihil
2436 4184 2522 4249 ad

567 4265 880 4348 pietatem
925 4267 1281 4331 conferunt.

738 4436 1239 4503 Ecclesiasticus
1291 4459 1427 4504 non
1486 4439 1610 4504 hoo
1654 4461 1692 4504 a
1743 4440 1818 4518 ·t,
1865 4447 1944 4503 ut
1997 4439 2301 4505 ostendat
2343 4462 2518 4507 mor-

569 4529 834 4587 tuorum
886 4524 1140 4589 animas
1192 4525 1439 4606 perire:
1491 4525 1609 4591 sed
1715 4546 1830 4589 um
1873 4524 2205 4604 hortatur,
2261 4535 2335 4591 ut
2374 4548 2517 4594 1118-

568 4614 716 4673 ture
759 4617 825 4673 et
866 4630 984 4691 per
1027 4611 1428 4676 occasionem
1470 4611 1616 4676 Deo
1659 4613 2117 4691 confiteamur,
2161 4612 2355 4703 simul
2400 4613 2516 4678 do-

567 4701 703 4771 cet,
757 4716 891 4760 uon
936 4717 1078 4761 esse
1122 4695 1474 4762 confitendi
1531 4707 1790 4780 tempus
1844 4706 1993 4782 post
2032 4707 2338 4764 mortem:
2394 4700 2517 4766 hoc

706 4952 763 5018 1)
819 4952 914 5007 Sic
957 4953 1153 5023 ἱερέων
1197 4954 1259 5007 in
1302 4954 1384 5008 ed.
1424 4952 1574 5008 1542.
1637 4954 1832 5010 Gallus
1915 4970 2089 5026 noque
2120 4956 2307 5011 habet.-
2353 4956 2515 5012 Ceste

568 5030 823 5076 sentence
872 5029 958 5077 est
1044 5021 1335 5077 leinemeut
1380 5023 1685 5078 confermee
1731 5041 1832 5093 par
1874 4972 2132 5080 floruisou
2177 5027 2268 5094 qui
2314 5033 2398 5080 est
2443 5042 2514 5081 au

566 5091 699 5145 livre
745 5091 816 5145 (111
861 5091 1008 5159 Prop
1049 5097 1137 5147 ete
1182 5090 1424 5145 Baruch:
1473 5090 1518 5145 Ο
1566 5091 1851 5162 Seigneur,
1914 5109 2080 5150 ouvre
2126 5099 2221 5147 etc.
2319 5093 2515 5149 Verum

564 5159 678 5213 iam
715 5158 852 5213 1545
887 5161 1153 5228 scriptum
1188 5166 1299 5213 est.-
1343 5160 1396 5212 in
1448 5160 1584 5214 libro
1624 5160 1837 5215 Baruch
1886 5163 2106 5226 (saltem
2143 5164 2233 5230 qui
2268 5164 2383 5218 eius
2417 5180 2514 5219 no·

562 5229 703 5284 mine
738 5229 1099 5295 inscribam:
1135 5230 1301 5297 Aperi
1337 5233 1431 5283 etc.

2104 303 3059 372 PSYOHOPANNYOHIA.

2705 44 2728 95 i

4463 310 4585 375 228

2636 500 2755 572 est,
2802 512 2937 557 uon
2961 500 3112 560 esse‘
3135 494 3351 559 locum
3379 493 3835 577 poenitentiae.
3904 491 4100 574 Quod
4142 495 4200 559 si
4233 496 4380 578 quis
4414 496 4584 580 ipso-

2637 600 2784 644 rum
2829 578 3045 647 adhuc
3080 581 3426 664 obstrepit:
3472 578 3629 662 quid
3675 578 4061 663 perditionis
4104 579 4258 646 filiis
4291 582 4588 647 futurum

2636 665 2739 740 sit,
2786 664 2951 729 nihil
2996 665 3080 731 ad
3121 687 3260 731 nos.
3325 666 3473 750 Ego
3513 686 3633 749 pro
3675 664 3977 731 fidelibus
4021 664 4413 750 respondeo:
4458 689 4585 733 non

2635 752 3031 829 morientur,
3079 750 3196 817 sed
3240 753 3496 830 vivent,
3553 771 3629 817 ac
3672 752 4037 816 narrabunt
4077 773 4275 834 opera
4316 752 4584 819 Domini

2636 837 2843 921 (Psal.
2890 841 3029 917 118,
3073 839 3201 921 17).
3270 837 3404 919 Qui
3457 836 3759 902 habitant
3799 837 3873 901 in
3918 836 4110 902 domo
4153 840 4312 915 eius,
4360 839 4584 904 lauda-

2632 923 2799 988 bunt
2839 944 2992 989 eum
3032 925 3101 988 in
3146 923 3406 990 saecula
3440 923 3849 988 saeculorum
3893 923 4098 1006 (Psal.
4138 929 4239 1001 84,
4280 927 4368 1009 5).

2805 1093 3114 1160 Sextum:
3161 1093 3475 1160 Laudabo
3521 1095 3877 1160 Dominum
3917 1095 3992 1159 in
4033 1095 4172 1160 vita
4202 1116 4367 1175 mea,
4414 1096 4582 1178 psal-

2631 1181 2764 1246 lam
2809 1180 2954 1246 Deo
3000 1203 3171 1259 meo,
3231 1179 3539 1263 quamdiu
3584 1202 3732 1245 sum
3775 1180 3980 1265 (Psal.
4028 1184 4166 1257 146,
4205 1180 4294 1263 2).
4384 1181 4477 1246 Ε8
4513 1182 4582 1246 111

2633 1267 2803 1332 118118
2845 1267 3123 1333 formam
3168 1274 3586 1350 argutantur:
3646 1264 3723 1332 Si
3775 1265 4067 1330 laudabit
4108 1265 4473 1331 Dominum
4512 1268 4582 1332 in

2632 1354 2798 1432 vita,
2856 1360 2924 1418 et
2967 1352 3281 1435 quamdiu
3325 1353 3479 1431 erit,
3527 1373 3663 1417 non
3705 1351 4001 1417 laudabit
4041 1362 4191 1434 post
4235 1352 4470 1432 vitam,
4517 1362 4581 1418 et

2631 1437 2889 1522 quando
2945 1460 3076 1503 non
3117 1439 3262 1503 erit.
3335 1437 3617 1520 Quando
3674 1438 3838 1503 haec
3891 1459 4008 1521 per
4063 1438 4282 1503 lusum
4337 1439 4581 1504 iocum-

2630 1545 2758 1607 que
2813 1525 2893 1590 ab
2948 1525 3077 1589 11118
3135 1525 3361 1590 iactari
3417 1524 3680 1606 opinor,
3739 1524 3880 1607 ipse
3932 1543 4188 1606 quoque
4242 1524 4311 1588 in
4355 1532 4582 1589 corum

2631 1612 2910 1695 gratiam
2951 1609 3190 1674 ludam.
3257 1611 3518 1676 Aeneas
3553 1610 3993 1693 Vergilianus,
4038 1630 4242 1692 quum
4287 1609 4581 1695 hospitae

2632 1718 2787 1761 suae
2839 1694 3261 1780 promittebat
3322 1696 3526 1760 animi
3571 1695 4066 1780 gratitudinem,
4127 1695 4283 1761 dum
4327 1716 4578 1761 memor

2631 1791 2804 1847 88888
2841 1783 2962 1861 8111,
3000 1802 3084 1845 811
3120 1781 3450 1859 innuebat,
3489 1780 3838 1864 aliquando
3873 1803 3943 1846 se
3983 1789 4337 1847 venturum
4373 1784 4443 1846 in
4478 1783 4577 1848 sui

2630 1869 2838 1950 ipsius
2895 1867 3327 1933 oblivionem?
3416 1865 3642 1948 Quum
3704 1867 3987 1932 dicebat:
4058 1872 4182 1945 [fok
4227 1874 4336 1947 48]
4399 1868 4575 1933 Dum

2630 1955 2902 2039 spiritus
2946 1954 3066 2019 1108
3109 1962 3295 2036 reget
3336 1961 3547 2018 artus:
3603 1974 3690 2017 an
3732 1973 3870 2017 non
3911 1951 4256 2036 cogitabat,
4301 1963 4368 2019 et
4407 1952 4574 2037 apud

2628 2060 2877 2119 manes,
2923 2041 2992 2104 in
3036 2039 3167 2103 illis
3205 2038 3515 2104 fabulosis
3561 2039 3833 2121 campis,
3881 2060 3952 2103 se
3993 2040 4276 2123 gratiam
4321 2039 4574 2104 habitu-

2628 2125 2825 2190 rum?
2892 2126 3113 2203 Absit,
3157 2125 3288 2190 illis
3332 2132 3408 2189 ut
3449 2124 3880 2191 concedamus
3924 2126 4016 2190 sic
4061 2134 4365 2207 torquere
4403 2125 4574 2191 hunc

2626 2211 2878 2289 locum,
2934 2232 3018 2275 118
3074 2211 3269 2276 81111111
3326 2218 3394 2275 88
3460 2211 3787 2276 haeretico
3842 2208 4151 2276 Helvidio
4199 2210 4575 2276 succumba-

2628 2318 2792 2363 mus.
2861 2297 3058 2363 Nunc
3101 2299 3271 2362 serio
3321 2297 3602 2380 loquar.·
3639 2298 3732 2362 Et
3780 2317 3865 2375 ne
3907 2296 4302 2375 obtendant,
4359 2317 4575 2363 secum

2628 2405 2757 2448 non
2804 2384 2987 2467 paria
3039 2383 3269 2448 fecisse
3313 2404 3436 2459 me,
3470 2383 3518 2466 ¹)
3575 2382 3997 2465 quintuplum
4038 2380 4337 2446 reddam:
4396 2383 4574 2448 Deus

2625 2490 2829 2547 meus,
2856 2470 3295 2552 inpacternum
3319 2468 3673 2532 confitebor
3698 2468 3814 2532 tibi
3845 2466 4045 2551 (Psal.
4074 2473 4174 2548 30,
4207 2467 4332 2549 13).
4375 2468 4573 2533 Item:

2625 2553 3023 2620 Benedicam
3039 2553 3404 2619 Dominum
3429 2554 3499 2618 in
3522 2554 3701 2617 omni
3723 2562 4033 2635 tempore,
4057 2573 4315 2636 semper
4335 2552 4506 2619 bona
4518 2553 4574 2636 2)

2626 2643 2765 2707 81118
2809 2642 2878 2707 111
2913 2661 3025 2705 ore
3068 2660 3214 2704 meo
3255 2639 3461 2723 (Psal.
3502 2644 3601 2717 34,
3632 2637 3730 2721 2).
3800 2639 3999 2703 Item:
4047 2638 4423 2704 Confitebor
4457 2640 4572 2705 tibi

2623 2727 2694 2790 in
2730 2734 3091 2803 aeternum,
3138 2726 3293 2808 quia
3329 2725 3535 2790 fecisti
3573 2723 3777 2809 (Psal.
3819 2728 3917 2805 52,
3961 2724 4089 2808 11).
4156 2725 4357 2790 Item:
4397 2726 4575 2790 Lau-

2627 2812 2791 2877 dabo
2838 2832 3076 2876 nomcn
3120 2820 3307 2874 tuum
3351 2812 3420 2875 in
3457 2810 3809 2888 saeculum,
3855 2820 3921 2874 et
3963 2811 4034 2874 in
4069 2811 4404 2876 saeculum
4441 2832 4576 2875 sae-

2625 2898 2755 2964 culi
2801 2897 3016 2982 (Psals
3051 2901 3189 2974 145,
3235 2898 3318 2981 1).
3396 2896 3595 2962 Item:
3662 2894 3775 2962 Sic
3826 2896 4152 2979 psalmum
4208 2896 4421 2962 dicam
4464 2918 4577 2961 no-

2625 2984 2792 3048 mini
2834 2993 2945 3049 tuo
2988 2985 3057 3048 in
3103 2984 3454 3060 saeculum,
3500 2992 3567 3048 et
3608 2983 3678 3048 in
3718 2982 4049 3048 saeculum
4094 2982 4336 3049 saeculi
4372 2982 4573 3066 (Psal.

2630 3077 2729 3148 61,
2770 3071 2858 3154 9).
2940 3071 3330 3154 Agnoscunt
3382 3069 3571 3133 illum
3614 3069 3942 3133 Davidem
3989 3091 4205 3153 nuper
4247 3070 4370 3135 sibi
4415 3069 4577 3134 ami-

2626 3177 2806 3234 cum,
2856 3176 2999 3222 8888
3045 3164 3179 3220 tam
3227 3156 3465 3220 acriter
3507 3155 3977 3239 impetentem?
4050 3157 4371 3238 Apagesis
4415 3156 4576 3221 haec

2625 3251 3046 3327 argumenta,
3105 3262 3271 3324 quae
3325 3262 3408 3304 ex
3453 3242 3686 3306 atomis
3738 3240 4080 3305 literarum
4125 3242 4574 3306 conficiuntur.

2798 3412 3198 3497 Septimum:
3255 3414 3501 3478 Desine
3556 3434 3596 3477 a
3649 3433 3786 3489 me,
3839 3423 3906 3475 et
3949 3412 4324 3490 roborabor,
4372 3410 4575 3477 donec

2625 3499 2892 3578 vadam,
2938 3509 3004 3563 et
3045 3518 3181 3563 non
3224 3499 3350 3564 sim
3395 3498 3601 3584 (Psal.
3645 3503 3745 3577 39,
3790 3497 3914 3581 14).
3994 3497 4122 3562 0111
4167 3498 4403 3563 coniun
4549 3507 4578 3560 8

2623 3584 2787 3651 illud
2829 3584 3002 3650 Iobi:
3049 3584 3330 3650 Dimitte
3374 3605 3497 3662 me,
3549 3591 3624 3649 ut
3664 3584 3976 3667 plangam
4020 3582 4360 3665 paululum
4443 3582 4578 3646 olo-

2624 3692 2767 3736 rem
2810 3691 3057 3748 meum,
3116 3679 3472 3753 antequam
3518 3669 3782 3746 vadam,
3841 3675 3910 3733 88
3962 3688 4090 3733 11011
4135 3677 4448 3747 revertar,
4492 3667 4580 3732 ad

2625 3765 2871 3821 terram
2927 3756 3337 3821 tenebrosam
3381 3767 3449 3820 et
3490 3764 3783 3839 opertam
3829 3756 4060 3818 mortis
4099 3755 4398 3839 caligine,
4445 3765 4578 3819 ter-

2624 3863 2768 3906 ram
2810 3842 3114 3906 miseriae
3157 3849 3228 3906 et
3269 3840 3721 3920 tenebrarum,
3769 3839 3881 3904 ubi
3926 3840 4159 3906 umbra
4203 3841 4461 3919 mortis,
4507 3847 4580 3904 et

2624 3927 2848 3993 nullus
2890 3925 3066 4007 ordo,
3117 3925 3233 3992 sed
3276 3927 3712 4009 sempiternus
3759 3925 3992 3991 horror
4034 3924 4363 3991 inhabitat
4405 3924 4575 4009 (Iob.

2632 4019 2725 4091 10,
2766 4016 2848 4077 20
2885 4013 3018 4095 88.).
3113 4013 3299 4078 Haec
3361 4012 3532 4076 nihil
3585 4011 3669 4077 ad
3729 4031 4009 4077 causam.
4109 4011 4336 4076 Verba
4397 4011 4578 4076 enim

2624 4106 2783 4166 sunt
2824 4105 3009 4165 aestu
3053 4108 3120 4164 et
3151 4099 3482 4163 anxietate
3525 4097 3959 4164 eonscientiae
4001 4096 4212 4179 plena,
4260 4118 4416 4162 vere
4456 4118 4579 4163 ex-

2623 4186 2993 4269 primentia,
3039 4194 3106 4250 et
3141 4185 3324 4267 quasi
3367 4185 3435 4249 iu
3471 4184 3694 4250 tabula
3727 4182 4080 4249 referentia
4123 4183 4431 4248 affectum
4465 4203 4578 4248 eo·

2622 4293 2803 4350 rum,
2860 4272 2973 4354 qui
3029 4279 3279 4336 terrore
3334 4270 3560 4336 iudicii
3603 4268 3733 4334 Dei
3775 4269 4085 4352 perculsi,
4131 4289 4404 4334 menum
4445 4266 4578 4334 Dei

2620 4359 2756 4422 iam
2801 4358 2970 4423 ferre
3013 4378 3149 4423 non
3189 4364 3480 4440 possunt.
3549 4354 3766 4421 Orant
3808 4363 4056 4432 autem,
4103 4363 4179 4420 ut
4215 4355 4273 4419 si
4314 4375 4577 4420 meren-

2622 4451 2733 4508 tur
2777 4464 2818 4508 a
2858 4444 3003 4508 Deo
3048 4442 3267 4522 abiici,
3324 4442 3554 4507 saltem
3599 4441 3704 4507 vel
3747 4440 4081 4505 tantillum
4125 4440 4452 4523 respirare
4493 4439 4576 4504 li-

2621 4537 2767 4596 ceat
2811 4527 2891 4594 ab
2933 4530 3035 4593 ira
3077 4530 3233 4607 Dei,
3287 4549 3418 4612 qua
3461 4529 3954 4602 concutiuntur,
3995 4525 4191 4610 idque
4226 4529 4298 4590 in
4341 4525 4578 4590 ultima

2621 4615 3090 4698 desperatione.
3168 4614 3308 4680 Nec
3360 4614 3602 4678 mirum
3660 4620 3791 4692 est,
3847 4620 4107 4677 sanctos
4158 4611 4286 4676 Dei
4351 4632 4576 4677 servos

2617 4700 2775 4767 illuc
2828 4700 3020 4785 adigi.
3097 4701 3424 4766 Dominus
3466 4699 3642 4764 enim
3696 4698 4072 4774 mortificat,
4139 4703 4207 4762 et
4249 4697 4573 4763 vivificat:

2621 4786 2884 4852 deducit
2935 4786 3017 4851 ad
3070 4787 3344 4864 inferos,
3402 4792 3469 4849 et
3523 4783 3774 4849 reducit
3815 4782 3879 4863 (1
3929 4780 4109 4847 Sam.
4150 4787 4207 4863 2,
4247 4783 4334 4866 6).
4421 4783 4578 4849 Non

2619 4893 2760 4938 esse
2805 4879 3042 4950 autem,
3086 4893 3204 4956 pro
3246 4892 3321 4935 80
3366 4870 3620 4950 dicitur,
3665 4869 3836 4953 quod
3877 4877 3979 4933 est
4011 4889 4053 4932 a
4094 4869 4235 4935 Deo
4279 4868 4575 4934 alienum

2759 5164 2816 5226 1)
2853 5178 2937 5216 me
2973 5160 3118 5216 deest
3155 5143 3306 5217 1542.
3501 5160 3563 5227 2)
3604 5160 3698 5218 Sic
3733 5161 3870 5217 1542
3902 5167 3956 5216 et
3991 5159 4187 5216 Gallus
4222 5160 4576 5230 (benefices).

2622 5231 2879 5289 Oaaerae
2911 5230 3043 5285 inde
3075 5248 3112 5285 a
3148 5229 3286 5285 1545
3319 5232 3397 5287 ad
3430 5232 3574 5287 hebr.
3608 5232 3768 5298 fidem
3802 5231 4074 5286 soribwnee
4109 5229 4245 5284 laus.
