4984 5975
1533 1627 2187 1727 IACOBUS
2257 1609 3138 1726 SADOL‘ETUS

701 1795 1100 1870 EPISOQPUS
1138 1795 1771 1858 OARPENTORAOTI,
1810 1796 1862 1850 S.
1899 1797 1964 1849 R.
2001 1798 2065 1850 E.
2104 1797 2357 1851 TITULI
2391 1795 2661 1850 SANOTI
2697 1795 3004 1866 OALLXTI
3041 1797 3480 1853 PRESBYTER
3514 1798 3986 1866 CARDINALIS,

1608 1964 1815 2033 SUIS
1862 1962 2494 2033 DESIDERATIS
2538 1966 3071 2034 FRATRIBUS

816 2122 1169 2205 MAGIS
1172 2122 1613 2210 T,RATU1
1660 2121 2060 2204 CONCIL
2061 2120 2197 2215 10,
2246 2122 2383 2204 ET
2428 2122 2616 2204 CIV
2617 2121 2867 2203 IBUS
2913 2123 3849 2207 GEBENNENSIBUS.

507 2308 855 2375 Carissimi
910 2311 978 2372 in
1033 2306 1278 2373 Christo
1342 2310 1600 2389 fratres,
1660 2329 1793 2389 pao:
1846 2308 2016 2373 vobis
2069 2313 2125 2373 et
2180 2330 2286 2374 no-
2334 2315 2340 2392 Ι
2387 2309 2701 2373 voluntate
2764 2311 3091 2391 episcopus
3160 2310 3845 2393 Carpentoractensium
3908 2245 4119 2395 factus
4184 2335 4348 2396 sum,

346 2394 596 2474 hiscum,
640 2395 749 2460 hoc
792 2400 897 2472 est,
940 2414 1081 2459 cum
1122 2393 1421 2458 catholica
1463 2395 1732 2472 ecclesia,
1775 2399 1975 2458 matre
2009 2397 2287 2459 omnium
2334 2399 2339 2456 Ι
2388 2394 2588 2457 annis·
2637 2393 2862 2460 abhinc
2913 2396 3116 2461 tribus
3163 2398 3297 2478 fere
3341 2402 3398 2461 et
3441 2399 3691 2480 viyinti,
3739 2404 4009 2479 propter
4052 2419 4346 2465 commer-

342 2486 619 2545 nostrum
659 2486 843 2562 atque
884 2485 1181 2558 vestrum,
1226 2500 1403 2545 amor
1447 2471 1648 2560 019333
1669 2444 2023 2558 333330νά333,
2068 2503 2110 2544 a
2150 2479 2286 2546 Deo

337 2571 512 2648 patre
576 2567 1005 2647 omnipotente,
1062 2570 1120 2629 et
1161 2565 1340 2630 unico
1385 2566 1521 2629 eius
1574 2565 1709 2646 filio
1760 2564 2024 2630 Domino
2077 2570 2286 2651 nostro

346 2667 536 2723 IESU
583 2666 956 2735 GHRISTO,
990 2656 1315 2732 sanctoque
1347 2651 1541 2715 simul
1566 2651 1820 2733 spiritu,
1856 2671 2013 2732 quae
2033 2656 2123 2716 est
2141 2652 2283 2716 uni-

343 2741 435 2803 tas
487 2740 566 2802 in
620 2738 821 2803 tribus
862 2737 1174 2818 perfecta:
1227 2738 1329 2801 cui
1383 2737 1527 2801 laus
1580 2742 1668 2801 est
1722 2742 1778 2800 et
1832 2737 2168 2818 imperium
2213 2738 2286 2801 in

344 2842 508 2890 mnne
550 2823 949 2888 saeculorum
991 2842 1230 2901 aevum,
1276 2822 1501 2886 Amen.

506 2908 828 2989 Arbitror,
859 2912 1096 2991 fratres
1129 2909 1466 2987 carissimi,
1502 2908 1823 2990 aliquibus
1850 2912 2124 2973 vestrum
2156 2927 2287 2974 esse

344 3000 547 3061 notum
569 3047 586 3075 ,
640 3016 738 3061 me
790 3016 955 3061 nunc
1009 2995 1222 3078 (139333
1280 2993 1776 3077 Carpentoracti:
1840 3015 1959 3076 quo
2012 2996 2157 3060 veni
2206 2994 2286 3060 ab

346 3080 541 3147 Nicea
555 3132 576 3162 ,
631 3101 951 3147 summum
990 3081 1145 3146 illuc
1180 3081 1525 3163 pontisioem
1539 3132 1553 3160 ,
1610 3080 1695 3145 ad
1723 3080 2154 3161 pacificandos
2194 3102 2288 3147 re-

339 3187 442 3250 933
481 3190 561 3233 esc
596 3167 751 3232 urbe
788 3167 994 3232 Roma
1017 3168 1517 3250 proficiscentem,
1542 3167 1737 3248 prius
1782 3171 1929 3245 [pag.
1970 3170 2035 3244 4]
2067 3183 2303 3247 prose-'

341 3261 592 3333 qmctus.
680 3252 847 3318 Amo
891 3253 1057 3317 enim
1098 3252 1415 3318 ecclesiam
1455 3258 1512 3317 et
1552 3253 1861 3318 civitatem
1901 3253 2061 3317 133333
2099 3272 2289 3333 quam

341 3339 495 3404 mihi
536 3339 947 3423 spiritualem
988 3343 1045 3403 et
1083 3358 1378 3420 sponsam
1412 3344 1469 3403 et
1488 3339 1775 3420 patriam
1808 3337 1991 3403 Deus
2023 3358 2154 3402 esse
2186 3357 2288 3403 vo-

339 3422 490 3490 luit.-
522 3425 922 3522 populosque
954 3424 1133 3490 hosce
1163 3443 1335 3487 meos
1368 3444 1506 3488 vere
1527 3429 1803 3503 paterna
1834 3425 2094 3489 caritate
2127 3442 2289 3488 com-

332 3510 593 3590 plector,
628 3509 1026 3592 disiunyique
1058 3530 1154 3573 me
1187 3508 1265 3574 ab
1300 3510 1433 3573 illis
1466 3509 1647 3575 valde
1680 3529 1860 3607 aeyre
1888 3509 2046 3591 fero.
2111 3508 2291 3590 Quod

339 3595 398 3659 si
436 3595 643 3661 1303303
684 3598 801 3660 iste
840 3595 1299 3673 cardinalatus,
1344 3596 1456 3676 qui
1496 3594 1655 3659 mihi
1694 3595 2054 3676 inopinanti
2093 3600 2152 3659 et
2190 3595 2289 3658 in-

338 3682 464 3746 scio
509 3682 761 3748 delatus
804 3686 920 3759 est,
976 3681 1247 3753 Romam
1284 3701 1380 3744 me
1421 3682 1685 3763 coegerit
1726 3681 1937 3745 redire
1991 3681 2090 3763 (ut
2131 3684 2288 3745 certe

339 3770 553 3852 30931),
600 3788 724 3865 quo
768 3768 840 3831 in
870 3787 946 3831 ea
978 3768 1295 3832 vocatione
1336 3767 1407 3829 in
1439 3787 1567 3847 qua
1599 3787 1743 3831 sum
1770 3770 2027 3831 vocatus
2058 3766 2290 3830 ibidem

338 3850 478 3917 Deo
518 3854 815 3932 serviam,
855 3871 979 3916 non
1011 3853 1074 3916 is
1106 3856 1310 3916 tamen
1341 3871 1547 3916 meum
1581 3853 1868 3916 animum
1902 3857 2086 3933 atque
2120 3871 2294 3916 amo-

334 3956 469 4001 rem
510 3938 594 4003 ab
636 3938 738 4003 1333
768 3937 1034 4019 populis
1087 3936 1396 4015 avocabit,
1451 3957 1613 4018 quos
1659 3937 1990 4002 habiturus
2032 3957 2173 4001 sum
2217 3938 2288 4001 in

335 4024 572 4089 ”tediis
625 4025 837 4089 cordis
888 4024 1015 4087 mei
1056 4022 1487 4102 penetralibus
1538 4043 1778 4103 semper
1826 4023 1854 4086 i
1991 4043 2077 4086 os.
2156 4021 2289 4105 Ι93-

336 4112 441 4172 tur
478 4108 953 4190 Carpentoracti
983 4128 1175 4189 quum
1205 4128 1417 4186 essem,
1459 4109 1862 4190 audiremque
1907 4108 2109 4173 multa
2139 4128 2290 4189 quo-

335 4194 494 4260 tidie
527 4196 609 4260 de
642 4195 832 4273 vobis,
868 4213 1027 4275 quae
1055 4194 1304 4274 partim
1337 4194 1585 4275 quidem
1618 4194 1779 4257 mihi
1811 4193 2103 4272 dolorem,
2128 4210 2289 4274 par-

334 4281 450 4343 tim
493 4282 693 4346 etiam
733 4300 907 4359 spem
949 4279 1315 4344 nonnullam
1356 4280 1723 4358 excitarent,
1765 4284 1837 4343 ut
1875 4299 2002 4343 non
2041 4280 2288 4360 diffide-

336 4385 499 4445 rem,
560 4385 680 4431 nos
730 4371 787 4430 et
826 4385 967 4445 vos,
1023 4366 1134 4447 qui
1172 4365 1419 4448 fuimus
1458 4366 1776 4446 quondam
1812 4364 1884 4427 in
1933 4369 2098 4429 recta
2142 4385 2288 4446 erya

336 4449 562 4516 Deum
602 4452 905 4534 3313930333
946 4452 1308 4530 unanimes,
1363 4451 1570 4515 eodem
1614 4450 1752 4515 Deo
1807 4449 2135 4533 beniynius
2172 4469 2289 4514 nos

334 4539 739 4618 respiciente,
794 4537 879 4601 ad
921 4537 1179 4601 eundem
1221 4555 1580 4602 consensum
1621 4536 1907 4601 cordium
1950 4556 2082 4600 esse
2123 4535 2290 4600 redi-

332 4628 542 4702 turos,
583 4623 793 4687 visum
821 4628 914 4687 est
941 4623 1204 4702 spiritui
1237 4627 1449 4688 sancto
1483 4626 1541 4686 et
1567 4621 1727 4685 mihi
1759 4622 1878 4704 (sic
1900 4622 2067 4685 enim
2086 4622 2286 4701 scrip-

332 4711 489 4773 tura
536 4708 832 4791 loquitur,
885 4713 942 4770 et
979 4713 1138 4772 certe
1180 4728 1574 4790 quaecunque
1613 4708 1848 4789 inteqro
1894 4712 1953 4769 et
1978 4706 2098 4785 pio
2140 4726 2288 4789 crya

328 4791 562 4859 Detcm
594 4799 899 4876 yeruntur
940 4794 1150 4858 animo
1193 4814 1271 4858 ex
1312 4794 1550 4874 spiritu
1598 4797 1809 4858 sancto
1853 4792 2068 4856 omnia
2107 4792 2286 4875 sunt)

326 4879 559 4943 visum
600 4883 691 4944 est
729 4878 914 4958 milii,
970 4880 1253 4959 inquam,
1310 4880 1575 4945 scribere
1622 4879 1874 4961 aliquid
1915 4879 2002 4942 ad
2042 4897 2176 4957 vos,
2231 4882 2289 4941 et

323 4984 476 5028 eam
524 4966 733 5030 animi
774 4985 991 5030 cwram
1033 4985 1107 5030 ac
1148 4964 1659 5045 sollicitudinem,
1715 4984 1905 5046 quam
1946 4983 2074 5042 pro
2111 4961 2286 5027 vobis

321 5050 558 5130 capia,
608 5050 810 5114 literis
862 5050 1035 5114 vobis
1084 5050 1421 5115 declarare.
1511 5050 1661 5115 Non
1700 5050 1892 5129 enim,
1949 5049 2285 5126 carissimi,

320 5155 503 5201 nova
554 5141 642 5200 est
683 5135 831 5201 haec
870 5156 1007 5201 mea
1060 5155 1212 5217 crya
1260 5155 1370 5199 vos
1426 5143 1715 5216 suscepta
1768 5142 1826 5200 et
1872 5134 2287 5201 benevolentia

319 5226 383 5285 et
439 5220 773 5286 voluntas.-
826 5221 937 5287 sed
989 5240 1184 5301 quum
1237 5221 1316 5284 ab
1370 5240 1438 5284 30
1494 5226 1766 5302 tempore
1817 5242 1939 5304 quo
1993 5240 2098 5304 390
2154 5219 2286 5286 Dei

557 5321 779 5378 calvini
801 5338 984 5392 opera.
1068 5322 1179 5378 Vol.
1228 5322 1287 5378 V.

2386 2479 2554 2544 cium
2609 2481 2777 2560 quod
2826 2481 3003 2545 vobis
3047 2501 3191 2546 cum
3243 2483 3397 2547 meis
3450 2483 3552 2548 1333
3585 2483 3850 2564 populis
3891 2484 4191 2565 frequens
4235 2489 4345 2566 est,

2387 2564 2587 2628 multa
2640 2565 2715 2629 de
2769 2566 2940 2630 vobis
2985 2566 3209 2634 absens
3263 2574 3321 2633 et
3370 2569 3447 2634 de
3503 2569 3784 2633 moribus
3829 2572 3977 2647 [pag
4017 2574 4081 2648 5]
4122 2536 4347 2635 vestri}

2388 2651 3476 2838 zfflffimmwzzmmt?
3498 2654 4347 2820 rffiffizffl'tffmiffi

2388 2822 2648 2901 civium,
2704 2828 2763 2887 et
2814 2822 2994 2888 illam
3046 2825 3349 2905 inprimis
3391 2830 3660 2890 vestram
3702 2762 4150 2891 huddtamssgc
4183 2846 4344 2906 pro-

2388 2906 2599 2971 batam
2640 2908 2816 2989 apud
2860 2929 3087 2991 omnes,
3134 2931 3282 3009 erya
3324 2916 3608 2975 externos
3642 2910 3922 2976 homines
3968 2916 4027 2975 et
4065 2912 4344 2977 advenas

2389 2992 2870 3060 humanitatem.-
2904 3001 2961 3060 et
2978 2996 3281 3078 quoniam
3297 2997 3590 3062 vicinitas
3612 3017 3854 3079 quoque
3888 3017 4013 3062 non
4046 2999 4343 3080 exiquam

2389 3099 2574 3176 saepe
2605 3086 2859 3159 partem
2899 3082 2985 3146 ad
3024 3082 3412 3181 diliyendum
3455 3084 3651 3163 affert,
3695 3084 3860 3147 sicut
3899 3084 3969 3146 in
4012 3083 4162 3148 urbe
4183 3104 4341 3165 pro-

2377 3165 2664 3263 pinquae
2706 3166 2948 3246 domus,
2992 3168 3084 3233 sic
3127 3169 3198 3231 in
3238 3167 3380 3231 orbe
3418 3167 3728 3248 finitimae
3850 3169 4130 3235 ovinciae
4171 3189 4344 3233 amo-

2388 3250 2488 3314 ris
2529 3246 2694 3315 inter
2735 3252 2975 3318 vicinos
3012 3254 3462 3319 conciliatrices
3501 3260 3663 3317 sunt.
3800 3274 3880 3317 on
3912 3255 4166 3338 contigit
4199 3260 4343 3320 ante

2391 3334 2504 3400 hoc
2543 3341 2809 3416 tempus,
2850 3338 3105 3416 scilicet,
3148 3344 3221 3402 ut
3251 3359 3362 3403 vos
3402 3339 3599 3403 huius
3639 3340 3761 3403 mei
3799 3360 3947 3422 crya
3988 3360 4101 3404 vos
4138 3341 4343 3404 animi

2390 3426 2506 3484 aut
2529 3421 2808 3501 fructum
2824 3424 3252 3502 perciperetis,
3288 3429 3401 3490 aut
3431 3424 3693 3506 aliquod
3724 3424 3975 3506 siqnum
4003 3425 4342 3490 indicium-

2391 3526 2511 3586 que
2553 3506 2875 3571 haberetis.
2947 3509 3097 3573 Non
3139 3511 3304 3574 enim
3345 3530 3538 3590 opera
3581 3510 3839 3589 uspiam
3883 3510 4143 3592 equistis
4183 3529 4340 3589 mea,

2390 3611 2553 3671 quae
2593 3592 2771 3656 vobis
2796 3594 3081 3675 profecto
3112 3596 3542 3675 paratissima
3580 3595 3838 3677 fuisset:
3889 3614 4106 3658 verum
4160 3594 4341 3658 nulla

2390 3695 2523 3742 sese
2556 3676 2761 3742 adhuc
2791 3678 2969 3744 nobis
3005 3679 3223 3745 obtulit
3257 3682 3513 3746 occasio.
3571 3680 3665 3744 At
3694 3699 3861 3745 nunc
3893 3680 4143 3761 quidem
4176 3684 4336 3743 certe

2390 3781 2519 3825 non
2560 3764 2857 3847 continyit
2879 3766 2928 3848 ¹)
2972 3766 3179 3830 solum
3217 3766 3403 3845 milii,
3453 3787 3670 3830 verum
3720 3766 3908 3830 etiam
3949 3784 4188 3830 necesse
4229 3770 4338 3845 est,

2390 3851 2462 3911 ut
2503 3867 2625 3928 quo
2683 3848 2755 3913 in
2799 3870 2910 3913 vos
2965 3853 3179 3917 animo
3230 3852 3355 3917 sim
3412 3852 3668 3933 affectus
3706 3851 3878 3915 vobis
3915 3850 4342 3916 demonstrare

2392 3934 2669 4012 adnitar,
2711 3935 2771 3999 si
2807 3935 2997 4034 fidem
3036 3957 3237 4002 meam
3278 3958 3428 4020 crya
3470 3956 3783 4002 summum
3815 3936 4041 4015 Deum,
4084 3941 4140 4000 et
4177 3935 4340 4001 chri-

2391 4020 2669 4084 stianam
2716 4020 2898 4085 illam
2948 4023 3018 4085 in
3062 4023 3438 4102 proximum
3496 4023 3814 4087 caritatem
3862 3987 4125 4087 relinere
4177 4021 4340 4085 3333133

2390 4106 2595 4185 cupio,
2695 4105 2947 4170 Etenim
2998 4113 3345 4190 postquam
3405 4108 3535 4191 fuit
3586 4107 3672 4171 ad
3712 4118 3903 4172 aures
3952 4127 4124 4171 meas
4165 4106 4356 4172 dela-

2392 4196 2555 4271 tum,
2608 4190 2886 4257 homines
2913 4195 3245 4290 quosdam
3286 4199 3554 4271 astutos,
3609 4194 3900 4257 inimicos
3953 4192 4338 4258 christianae

2390 4277 2659 4341 unitatis
2702 4282 2759 4341 et
2780 4274 2985 4359 pacis,
3027 4280 3100 4345 id
3141 4281 3310 4361 quod
3344 4281 3414 4343 in
3447 4279 3599 4344 aliis
3631 4283 3815 4344 antea
3846 4278 4172 4343 nonnullis
4202 4278 4339 4359 for-
4387 4336 4392 4341 .

2390 4363 2676 4428 tissimae
2709 4365 2911 4445 yentis
2953 4363 3377 4430 Helvetiorum
3437 4364 3692 4445 oppidis
3743 4370 3798 4428 et
3841 4365 4031 4447 payis
4072 4364 4207 4427 iam
4245 4364 4338 4445 fe-

2390 4450 2642 4526 cissent,
2699 4449 2847 4512 item
2887 4450 2960 4514 in
3001 4451 3178 4514 vobis
3223 4456 3282 4514 et
3321 4449 3565 4516 civitate
3606 4455 3811 4514 vestra
3852 4449 4056 4513 malae
4093 4448 4335 4514 discor-

2391 4533 2537 4598 diae
2578 4535 2821 4598 semina
2860 4535 3094 4615 iecisse,
3142 4535 3500 4616 Christique
3531 4535 3779 4616 fidelem
3801 4535 4114 4617 populum
4149 4555 4191 4599 a
4223 4534 4334 4599 via

2378 4623 2645 4699 patrum
2684 4621 3123 4701 maiorumque
3154 4640 3435 4698 suorum,
3480 4625 3536 4684 et
3577 4641 3619 4684 a
3649 4626 3956 4703 perpetua
3997 4619 4336 4686 catholicae

2387 4705 2676 4771 ecclesiae
2719 4709 3016 4772 avertisse
3053 4708 3354 4772 sententia
3368 4755 3382 4783 ,
3437 4707 3768 4787 omniaque
3806 4706 4101 4771 dissidiis
4142 4711 4200 4770 et
4240 4724 4337 4769 se-

2389 4790 2732 4855 ditionibus
2775 4792 3064 4872 implesse
3121 4792 3262 4873 (qui
3315 4796 3516 4855 tamen
3564 4811 3701 4855 mos
3745 4792 4064 4872 proprius
4117 4811 4336 4855 eorum

2386 4892 2631 4956 semper
2673 4882 2778 4955 est,
2813 4880 2926 4959 qui
2967 4878 3304 4941 autoritate
3345 4877 3631 4943 ecclesiae
3665 4876 4092 4960 oppuynanda
4134 4895 4334 4941 novas

2527 5167 2585 5231 1)
2626 5164 2720 5221 Sic
2743 5165 2927 5291 de.
2957 5172 3007 5220 et
3041 5166 3204 5235 Ar9.,·
3246 5173 3487 5222 caeterae
3520 5182 3704 5221 omnes
3735 5165 3979 5233 contigit,
4014 5163 4336 5233 quibuscum

2382 5235 2524 5343 facit
2557 5236 2733 5291 versio
2762 5253 2799 5304 9
2877 5237 2982 5290 ica.
3857 5315 3928 5369 24
