<?xml version="1.0" encoding="UTF-8"?>
<!DOCTYPE html PUBLIC "-//W3C//DTD XHTML 1.0 Transitional//EN"
    "http://www.w3.org/TR/xhtml1/DTD/xhtml1-transitional.dtd">
<html xmlns="http://www.w3.org/1999/xhtml" xml:lang="en" lang="en">
 <head>
  <title>
</title>
<meta http-equiv="Content-Type" content="text/html;charset=utf-8" />
  <meta name='ocr-system' content='tesseract 3.04.00' />
  <meta name='ocr-capabilities' content='ocr_page ocr_carea ocr_par ocr_line ocrx_word'/>
</head>
<body>
  <div class='ocr_page' id='page_1' title='image "./ioanniscalvinio14unkngoog_0211.png"; bbox 0 0 4984 5975; ppageno 0'>
   <div class='ocr_carea' id='block_1_1' title="bbox 78 418 80 1171">
    <p class='ocr_par' dir='ltr' id='par_1_1' title="bbox 78 418 80 1171">
     <span class='ocr_line' id='line_1_1' title="bbox 78 418 80 1171; baseline 0 0"><span class='ocrx_word' id='word_1_1' title='bbox 78 418 80 1171; x_wconf 95' lang='lat' dir='ltr'><strong> </strong></span> 
     </span>
    </p>
   </div>
   <div class='ocr_carea' id='block_1_2' title="bbox 80 2997 83 4362">
    <p class='ocr_par' dir='ltr' id='par_1_2' title="bbox 80 2997 83 4362">
     <span class='ocr_line' id='line_1_2' title="bbox 80 2997 83 4362; baseline 0 0"><span class='ocrx_word' id='word_1_2' title='bbox 80 2997 83 4362; x_wconf 95' lang='lat' dir='ltr'><strong> </strong></span> 
     </span>
    </p>
   </div>
   <div class='ocr_carea' id='block_1_3' title="bbox 78 2997 115 5857">
    <p class='ocr_par' dir='ltr' id='par_1_3' title="bbox 78 2997 115 5857">
     <span class='ocr_line' id='line_1_3' title="bbox 78 2997 115 5857; baseline 0 0"><span class='ocrx_word' id='word_1_3' title='bbox 78 2997 115 5857; x_wconf 95' lang='lat' dir='ltr'><strong> </strong></span> 
     </span>
    </p>
   </div>
   <div class='ocr_carea' id='block_1_4' title="bbox 417 294 540 356">
    <p class='ocr_par' dir='ltr' id='par_1_4' title="bbox 417 294 540 356">
     <span class='ocr_line' id='line_1_4' title="bbox 417 294 540 356; baseline -0.024 0"><span class='ocrx_word' id='word_1_4' title='bbox 417 294 540 356; x_wconf 81' lang='lat'><strong>297</strong></span> 
     </span>
    </p>
   </div>
   <div class='ocr_carea' id='block_1_5' title="bbox 356 476 2376 3217">
    <p class='ocr_par' dir='ltr' id='par_1_5' title="bbox 356 476 2376 3217">
     <span class='ocr_line' id='line_1_5' title="bbox 415 476 2369 563; baseline -0.001 -19"><span class='ocrx_word' id='word_1_5' title='bbox 415 480 575 563; x_wconf 91' lang='lat' dir='ltr'><strong>quin</strong></span> <span class='ocrx_word' id='word_1_6' title='bbox 620 479 768 544; x_wconf 91' lang='lat' dir='ltr'><strong>dira</strong></span> <span class='ocrx_word' id='word_1_7' title='bbox 809 478 927 543; x_wconf 91' lang='lat' dir='ltr'><strong>illa</strong></span> <span class='ocrx_word' id='word_1_8' title='bbox 970 476 1442 543; x_wconf 80' lang='lat' dir='ltr'><strong>auricularium</strong></span> <span class='ocrx_word' id='word_1_9' title='bbox 1479 477 1954 543; x_wconf 82' lang='lat' dir='ltr'><strong>confessionum</strong></span> <span class='ocrx_word' id='word_1_10' title='bbox 1991 477 2369 543; x_wconf 89' lang='lat' dir='ltr'><strong>carnificina</strong></span> 
     </span>
     <span class='ocr_line' id='line_1_6' title="bbox 411 562 2367 647; baseline -0.002 -16"><span class='ocrx_word' id='word_1_11' title='bbox 411 565 708 631; x_wconf 90' lang='lat' dir='ltr'><strong>misellos</strong></span> <span class='ocrx_word' id='word_1_12' title='bbox 774 564 1054 647; x_wconf 90' lang='lat' dir='ltr'><strong>ipsemet</strong></span> <span class='ocrx_word' id='word_1_13' title='bbox 1118 562 1490 629; x_wconf 80' lang='lat' dir='ltr'><strong>excruciet?</strong></span> <span class='ocrx_word' id='word_1_14' title='bbox 1546 563 1733 628; x_wconf 82' lang='lat' dir='ltr'><strong>vanis</strong></span> <span class='ocrx_word' id='word_1_15' title='bbox 1799 562 2367 643; x_wconf 84' lang='lat' dir='ltr'><strong>satisfactionibus,</strong></span> 
     </span>
     <span class='ocr_line' id='line_1_7' title="bbox 416 647 2369 733; baseline -0.002 -16"><span class='ocrx_word' id='word_1_16' title='bbox 416 649 1012 733; x_wconf 86' lang='lat' dir='ltr'><strong>commentitiisque</strong></span> <span class='ocrx_word' id='word_1_17' title='bbox 1057 649 1575 714; x_wconf 77' lang='lat' dir='ltr'><strong>absolutionibus</strong></span> <span class='ocrx_word' id='word_1_18' title='bbox 1619 647 1927 713; x_wconf 77' lang='lat' dir='ltr'><strong>deludat?</strong></span> <span class='ocrx_word' id='word_1_19' title='bbox 1985 649 2141 731; x_wconf 89' lang='lat' dir='ltr'><strong>quin</strong></span> <span class='ocrx_word' id='word_1_20' title='bbox 2184 649 2369 713; x_wconf 88' lang='lat' dir='ltr'><strong>fabu-</strong></span> 
     </span>
     <span class='ocr_line' id='line_1_8' title="bbox 418 734 2371 820; baseline -0.002 -18"><span class='ocrx_word' id='word_1_21' title='bbox 418 737 593 802; x_wconf 88' lang='lat' dir='ltr'><strong>losas</strong></span> <span class='ocrx_word' id='word_1_22' title='bbox 633 735 1001 820; x_wconf 88' lang='lat' dir='ltr'><strong>purgatorii</strong></span> <span class='ocrx_word' id='word_1_23' title='bbox 1039 735 1329 811; x_wconf 88' lang='lat' dir='ltr'><strong>naenias,</strong></span> <span class='ocrx_word' id='word_1_24' title='bbox 1376 755 1542 817; x_wconf 90' lang='lat' dir='ltr'><strong>quae</strong></span> <span class='ocrx_word' id='word_1_25' title='bbox 1575 741 1837 799; x_wconf 83' lang='lat' dir='ltr'><strong>tantum</strong></span> <span class='ocrx_word' id='word_1_26' title='bbox 1870 755 2093 800; x_wconf 90' lang='lat' dir='ltr'><strong>secum</strong></span> <span class='ocrx_word' id='word_1_27' title='bbox 2116 734 2371 799; x_wconf 87' lang='lat' dir='ltr'><strong>vehunt</strong></span> 
     </span>
     <span class='ocr_line' id='line_1_9' title="bbox 421 816 2369 905; baseline -0.002 -18"><span class='ocrx_word' id='word_1_28' title='bbox 421 823 824 905; x_wconf 79' lang='lat' dir='ltr'>perniciosae</span> <span class='ocrx_word' id='word_1_29' title='bbox 866 821 1239 904; x_wconf 89' lang='lat' dir='ltr'><strong>impietatis,</strong></span> <span class='ocrx_word' id='word_1_30' title='bbox 1286 820 1541 885; x_wconf 82' lang='lat' dir='ltr'>solenni</span> <span class='ocrx_word' id='word_1_31' title='bbox 1583 816 1779 903; x_wconf 74' lang='lat' dir='ltr'><strong>prece&#39;</strong></span> <span class='ocrx_word' id='word_1_32' title='bbox 1817 819 2146 885; x_wconf 79' lang='lat' dir='ltr'><strong>stabiliat?</strong></span> <span class='ocrx_word' id='word_1_33' title='bbox 2235 820 2369 884; x_wconf 90' lang='lat' dir='ltr'><strong>Ne-</strong></span> 
     </span>
     <span class='ocr_line' id='line_1_10' title="bbox 424 903 2370 991; baseline -0.002 -18"><span class='ocrx_word' id='word_1_34' title='bbox 424 930 550 991; x_wconf 91' lang='lat' dir='ltr'><strong>que</strong></span> <span class='ocrx_word' id='word_1_35' title='bbox 594 928 748 973; x_wconf 91' lang='lat' dir='ltr'><strong>vero</strong></span> <span class='ocrx_word' id='word_1_36' title='bbox 791 906 993 989; x_wconf 90' lang='lat' dir='ltr'><strong>recipi</strong></span> <span class='ocrx_word' id='word_1_37' title='bbox 1055 905 1249 971; x_wconf 90' lang='lat' dir='ltr'><strong>debet</strong></span> <span class='ocrx_word' id='word_1_38' title='bbox 1262 958 1277 984; x_wconf 95' lang='lat'><strong>,</strong></span> <span class='ocrx_word' id='word_1_39' title='bbox 1335 905 1506 989; x_wconf 93' lang='lat' dir='ltr'><strong>quod</strong></span> <span class='ocrx_word' id='word_1_40' title='bbox 1561 906 1882 971; x_wconf 79' lang='lat' dir='ltr'><strong>obiectare</strong></span> <span class='ocrx_word' id='word_1_41' title='bbox 1938 903 2214 970; x_wconf 80' lang='lat' dir='ltr'><strong>subinde</strong></span> <span class='ocrx_word' id='word_1_42' title='bbox 2269 927 2370 970; x_wconf 91' lang='lat' dir='ltr'><strong>so-</strong></span> 
     </span>
     <span class='ocr_line' id='line_1_11' title="bbox 424 990 2371 1074; baseline -0.001 -17"><span class='ocrx_word' id='word_1_43' title='bbox 424 993 589 1058; x_wconf 82' lang='lat' dir='ltr'>lent:</span> <span class='ocrx_word' id='word_1_44' title='bbox 634 993 762 1058; x_wconf 85' lang='lat' dir='ltr'><strong>His</strong></span> <span class='ocrx_word' id='word_1_45' title='bbox 809 992 1346 1074; x_wconf 77' lang='lat' dir='ltr'><strong>superstitionum</strong></span> <span class='ocrx_word' id='word_1_46' title='bbox 1379 990 1629 1056; x_wconf 88' lang='lat' dir='ltr'><strong>morbis</strong></span> <span class='ocrx_word' id='word_1_47' title='bbox 1666 1012 1796 1055; x_wconf 91' lang='lat' dir='ltr'><strong>non</strong></span> <span class='ocrx_word' id='word_1_48' title='bbox 1834 991 1963 1056; x_wconf 89' lang='lat' dir='ltr'><strong>alia</strong></span> <span class='ocrx_word' id='word_1_49' title='bbox 1996 991 2231 1055; x_wconf 90' lang='lat' dir='ltr'><strong>melius</strong></span> <span class='ocrx_word' id='word_1_50' title='bbox 2265 1012 2371 1055; x_wconf 90' lang='lat' dir='ltr'><strong>ra-</strong></span> 
     </span>
     <span class='ocr_line' id='line_1_12' title="bbox 423 1077 2371 1163; baseline -0.002 -20"><span class='ocrx_word' id='word_1_51' title='bbox 423 1080 597 1144; x_wconf 88' lang='lat' dir='ltr'><strong>tione</strong></span> <span class='ocrx_word' id='word_1_52' title='bbox 640 1078 907 1163; x_wconf 87' lang='lat' dir='ltr'><strong>purgari</strong></span> <span class='ocrx_word' id='word_1_53' title='bbox 951 1077 1289 1142; x_wconf 91' lang='lat' dir='ltr'><strong>hominum</strong></span> <span class='ocrx_word' id='word_1_54' title='bbox 1334 1077 1587 1142; x_wconf 90' lang='lat' dir='ltr'><strong>animos</strong></span> <span class='ocrx_word' id='word_1_55' title='bbox 1621 1097 1826 1159; x_wconf 86' lang='lat' dir='ltr'><strong>posse,</strong></span> <span class='ocrx_word' id='word_1_56' title='bbox 1873 1097 2068 1159; x_wconf 91' lang='lat' dir='ltr'><strong>quam</strong></span> <span class='ocrx_word' id='word_1_57' title='bbox 2109 1077 2163 1140; x_wconf 89' lang='lat' dir='ltr'><strong>si</strong></span> <span class='ocrx_word' id='word_1_58' title='bbox 2207 1077 2371 1141; x_wconf 94' lang='lat' dir='ltr'><strong>mol-</strong></span> 
     </span>
     <span class='ocr_line' id='line_1_13' title="bbox 421 1160 2370 1247; baseline -0.002 -18"><span class='ocrx_word' id='word_1_59' title='bbox 421 1165 573 1229; x_wconf 90' lang='lat' dir='ltr'><strong>liter</strong></span> <span class='ocrx_word' id='word_1_60' title='bbox 615 1160 805 1229; x_wconf 88' lang='lat' dir='ltr'><strong>initio</strong></span> <span class='ocrx_word' id='word_1_61' title='bbox 850 1170 918 1229; x_wconf 91' lang='lat' dir='ltr'><strong>et</strong></span> <span class='ocrx_word' id='word_1_62' title='bbox 959 1163 1156 1246; x_wconf 86' lang='lat' dir='ltr'><strong>paulo</strong></span> <span class='ocrx_word' id='word_1_63' title='bbox 1186 1163 1236 1245; x_wconf 88' lang='lat'><strong>¹)</strong></span> <span class='ocrx_word' id='word_1_64' title='bbox 1269 1162 1726 1247; x_wconf 89' lang='lat' dir='ltr'><strong>indulgentius</strong></span> <span class='ocrx_word' id='word_1_65' title='bbox 1760 1169 2211 1240; x_wconf 90' lang='lat' dir='ltr'><strong>attrectentur,</strong></span> <span class='ocrx_word' id='word_1_66' title='bbox 2257 1162 2370 1226; x_wconf 91' lang='lat' dir='ltr'><strong>do-</strong></span> 
     </span>
     <span class='ocr_line' id='line_1_14' title="bbox 421 1246 2371 1331; baseline -0.001 -17"><span class='ocrx_word' id='word_1_67' title='bbox 421 1271 541 1315; x_wconf 87' lang='lat' dir='ltr'><strong>nec</strong></span> <span class='ocrx_word' id='word_1_68' title='bbox 581 1248 870 1314; x_wconf 88' lang='lat' dir='ltr'><strong>ferendis</strong></span> <span class='ocrx_word' id='word_1_69' title='bbox 914 1249 1071 1313; x_wconf 90' lang='lat' dir='ltr'><strong>mali</strong></span> <span class='ocrx_word' id='word_1_70' title='bbox 1115 1247 1427 1313; x_wconf 79' lang='lat' dir='ltr'><strong>remediis</strong></span> <span class='ocrx_word' id='word_1_71' title='bbox 1471 1250 1905 1326; x_wconf 83' lang='lat' dir='ltr'><strong>assueverint,</strong></span> <span class='ocrx_word' id='word_1_72' title='bbox 1952 1256 2019 1313; x_wconf 91' lang='lat' dir='ltr'><strong>et</strong></span> <span class='ocrx_word' id='word_1_73' title='bbox 2058 1246 2371 1331; x_wconf 88' lang='lat' dir='ltr'><strong>quodam-</strong></span> 
     </span>
     <span class='ocr_line' id='line_1_15' title="bbox 421 1332 2372 1416; baseline -0.002 -16"><span class='ocrx_word' id='word_1_74' title='bbox 421 1335 614 1401; x_wconf 92' lang='lat' dir='ltr'><strong>modo</strong></span> <span class='ocrx_word' id='word_1_75' title='bbox 668 1336 800 1401; x_wconf 87' lang='lat' dir='ltr'><strong>sint</strong></span> <span class='ocrx_word' id='word_1_76' title='bbox 841 1335 1226 1399; x_wconf 89' lang='lat' dir='ltr'><strong>confirmati.</strong></span> <span class='ocrx_word' id='word_1_77' title='bbox 1315 1333 1578 1416; x_wconf 81' lang='lat' dir='ltr'><strong>Itaque,</strong></span> <span class='ocrx_word' id='word_1_78' title='bbox 1624 1334 1753 1398; x_wconf 90' lang='lat' dir='ltr'><strong>nisi</strong></span> <span class='ocrx_word' id='word_1_79' title='bbox 1792 1334 1938 1416; x_wconf 88' lang='lat' dir='ltr'><strong>quis</strong></span> <span class='ocrx_word' id='word_1_80' title='bbox 1980 1332 2372 1398; x_wconf 90' lang='lat' dir='ltr'><strong>moderatio-</strong></span> 
     </span>
     <span class='ocr_line' id='line_1_16' title="bbox 422 1419 2373 1502; baseline -0.001 -17"><span class='ocrx_word' id='word_1_81' title='bbox 422 1442 577 1486; x_wconf 87' lang='lat' dir='ltr'><strong>nem</strong></span> <span class='ocrx_word' id='word_1_82' title='bbox 600 1421 929 1499; x_wconf 86' lang='lat' dir='ltr'><strong>adhibeat,</strong></span> <span class='ocrx_word' id='word_1_83' title='bbox 968 1424 1117 1501; x_wconf 75' lang='lat' dir='ltr'><strong>[pag.</strong></span> <span class='ocrx_word' id='word_1_84' title='bbox 1144 1425 1252 1499; x_wconf 82' lang='lat'><strong>64]</strong></span> <span class='ocrx_word' id='word_1_85' title='bbox 1290 1441 1456 1502; x_wconf 89' lang='lat' dir='ltr'><strong>quae</strong></span> <span class='ocrx_word' id='word_1_86' title='bbox 1491 1441 1715 1485; x_wconf 90' lang='lat' dir='ltr'><strong>eorum</strong></span> <span class='ocrx_word' id='word_1_87' title='bbox 1749 1419 2174 1484; x_wconf 80' lang='lat' dir='ltr'><strong>teneritudini</strong></span> <span class='ocrx_word' id='word_1_88' title='bbox 2209 1440 2373 1484; x_wconf 91' lang='lat' dir='ltr'><strong>non-</strong></span> 
     </span>
     <span class='ocr_line' id='line_1_17' title="bbox 427 1504 2375 1589; baseline -0.001 -18"><span class='ocrx_word' id='word_1_89' title='bbox 427 1507 597 1571; x_wconf 86' lang='lat' dir='ltr'><strong>nihil</strong></span> <span class='ocrx_word' id='word_1_90' title='bbox 641 1504 978 1584; x_wconf 90' lang='lat' dir='ltr'><strong>concedat,</strong></span> <span class='ocrx_word' id='word_1_91' title='bbox 1026 1506 1395 1570; x_wconf 80' lang='lat' dir='ltr'><strong>exoriturae</strong></span> <span class='ocrx_word' id='word_1_92' title='bbox 1438 1507 1579 1570; x_wconf 89' lang='lat' dir='ltr'><strong>sine</strong></span> <span class='ocrx_word' id='word_1_93' title='bbox 1622 1504 1757 1570; x_wconf 92' lang='lat' dir='ltr'><strong>ullo</strong></span> <span class='ocrx_word' id='word_1_94' title='bbox 1802 1505 2097 1588; x_wconf 87' lang='lat' dir='ltr'><strong>profectu</strong></span> <span class='ocrx_word' id='word_1_95' title='bbox 2140 1524 2375 1589; x_wconf 87' lang='lat' dir='ltr'><strong>graves</strong></span> 
     </span>
     <span class='ocr_line' id='line_1_18' title="bbox 356 1590 2375 1673; baseline -0.001 -17"><span class='ocrx_word' id='word_1_96' title='bbox 356 1606 365 1615; x_wconf 82' lang='lat'><em>·</em></span> <span class='ocrx_word' id='word_1_97' title='bbox 427 1594 836 1671; x_wconf 81' lang='lat' dir='ltr'><strong>offensiones,</strong></span> <span class='ocrx_word' id='word_1_98' title='bbox 881 1591 1233 1673; x_wconf 89' lang='lat' dir='ltr'><strong>odiumque</strong></span> <span class='ocrx_word' id='word_1_99' title='bbox 1276 1590 1590 1656; x_wconf 85' lang='lat' dir='ltr'><strong>adversus</strong></span> <span class='ocrx_word' id='word_1_100' title='bbox 1634 1590 1766 1656; x_wconf 89' lang='lat' dir='ltr'><strong>Dei</strong></span> <span class='ocrx_word' id='word_1_101' title='bbox 1804 1591 2153 1656; x_wconf 77' lang='lat' dir='ltr'><strong>veritatem</strong></span> <span class='ocrx_word' id='word_1_102' title='bbox 2196 1611 2375 1656; x_wconf 87' lang='lat' dir='ltr'><strong>acor-</strong></span> 
     </span>
     <span class='ocr_line' id='line_1_19' title="bbox 428 1676 2375 1759; baseline -0.001 -17"><span class='ocrx_word' id='word_1_103' title='bbox 428 1677 571 1744; x_wconf 90' lang='lat' dir='ltr'><strong>bius</strong></span> <span class='ocrx_word' id='word_1_104' title='bbox 615 1698 1024 1743; x_wconf 78' lang='lat' dir='ltr'><strong>exarsurum.</strong></span> <span class='ocrx_word' id='word_1_105' title='bbox 1114 1676 1193 1741; x_wconf 92' lang='lat' dir='ltr'><strong>Id</strong></span> <span class='ocrx_word' id='word_1_106' title='bbox 1248 1698 1405 1742; x_wconf 90' lang='lat' dir='ltr'><strong>sane</strong></span> <span class='ocrx_word' id='word_1_107' title='bbox 1448 1698 1640 1742; x_wconf 91' lang='lat' dir='ltr'><strong>nemo</strong></span> <span class='ocrx_word' id='word_1_108' title='bbox 1686 1684 1787 1742; x_wconf 90' lang='lat' dir='ltr'><strong>est</strong></span> <span class='ocrx_word' id='word_1_109' title='bbox 1830 1678 1940 1759; x_wconf 93' lang='lat' dir='ltr'><strong>qui</strong></span> <span class='ocrx_word' id='word_1_110' title='bbox 1984 1697 2115 1740; x_wconf 92' lang='lat' dir='ltr'><strong>non</strong></span> <span class='ocrx_word' id='word_1_111' title='bbox 2166 1677 2375 1741; x_wconf 90' lang='lat' dir='ltr'><strong>liben-</strong></span> 
     </span>
     <span class='ocr_line' id='line_1_20' title="bbox 429 1761 2376 1845; baseline -0.002 -17"><span class='ocrx_word' id='word_1_112' title='bbox 429 1772 530 1828; x_wconf 86' lang='lat' dir='ltr'><strong>ter</strong></span> <span class='ocrx_word' id='word_1_113' title='bbox 570 1764 703 1829; x_wconf 90' lang='lat' dir='ltr'><strong>illis</strong></span> <span class='ocrx_word' id='word_1_114' title='bbox 747 1763 1066 1845; x_wconf 88' lang='lat' dir='ltr'><strong>consulat,</strong></span> <span class='ocrx_word' id='word_1_115' title='bbox 1111 1762 1353 1827; x_wconf 91' lang='lat' dir='ltr'><strong>nedum</strong></span> <span class='ocrx_word' id='word_1_116' title='bbox 1399 1765 1768 1845; x_wconf 84' lang='lat' dir='ltr'><strong>permittat:</strong></span> <span class='ocrx_word' id='word_1_117' title='bbox 1815 1763 1975 1845; x_wconf 90' lang='lat' dir='ltr'><strong>quin</strong></span> <span class='ocrx_word' id='word_1_118' title='bbox 2012 1761 2376 1827; x_wconf 86' lang='lat' dir='ltr'><strong>doctrinam</strong></span> 
     </span>
     <span class='ocr_line' id='line_1_21' title="bbox 428 1847 2375 1932; baseline -0.002 -17"><span class='ocrx_word' id='word_1_119' title='bbox 428 1871 690 1915; x_wconf 91' lang='lat' dir='ltr'><strong>omnem</strong></span> <span class='ocrx_word' id='word_1_120' title='bbox 724 1870 913 1915; x_wconf 86' lang='lat' dir='ltr'><strong>suam</strong></span> <span class='ocrx_word' id='word_1_121' title='bbox 951 1848 1043 1914; x_wconf 90' lang='lat' dir='ltr'><strong>sic</strong></span> <span class='ocrx_word' id='word_1_122' title='bbox 1076 1855 1460 1932; x_wconf 88' lang='lat' dir='ltr'><strong>temperent,</strong></span> <span class='ocrx_word' id='word_1_123' title='bbox 1497 1856 1574 1912; x_wconf 90' lang='lat' dir='ltr'><strong>ut</strong></span> <span class='ocrx_word' id='word_1_124' title='bbox 1608 1847 1928 1913; x_wconf 86' lang='lat' dir='ltr'><strong>rationem</strong></span> <span class='ocrx_word' id='word_1_125' title='bbox 1964 1868 2223 1931; x_wconf 80' lang='lat' dir='ltr'><strong>semper</strong></span> <span class='ocrx_word' id='word_1_126' title='bbox 2257 1848 2375 1912; x_wconf 86' lang='lat' dir='ltr'><strong>ha·</strong></span> 
     </span>
     <span class='ocr_line' id='line_1_22' title="bbox 426 1933 2376 2017; baseline -0.003 -16"><span class='ocrx_word' id='word_1_127' title='bbox 426 1936 625 2001; x_wconf 90' lang='lat' dir='ltr'><strong>beant</strong></span> <span class='ocrx_word' id='word_1_128' title='bbox 677 1943 904 2000; x_wconf 85' lang='lat' dir='ltr'><strong>tantae</strong></span> <span class='ocrx_word' id='word_1_129' title='bbox 957 1933 1452 2011; x_wconf 79' lang='lat' dir='ltr'><strong>imbecillitatis,</strong></span> <span class='ocrx_word' id='word_1_130' title='bbox 1519 1942 1763 2017; x_wconf 86' lang='lat' dir='ltr'><strong>quanta</strong></span> <span class='ocrx_word' id='word_1_131' title='bbox 1827 1955 2007 1998; x_wconf 91' lang='lat' dir='ltr'><strong>nunc</strong></span> <span class='ocrx_word' id='word_1_132' title='bbox 2059 1933 2376 2016; x_wconf 85' lang='lat' dir='ltr'><strong>populum</strong></span> 
     </span>
     <span class='ocr_line' id='line_1_23' title="bbox 424 2017 2375 2103; baseline -0.001 -18"><span class='ocrx_word' id='word_1_133' title='bbox 424 2023 559 2086; x_wconf 86' lang='lat' dir='ltr'><strong>fere</strong></span> <span class='ocrx_word' id='word_1_134' title='bbox 601 2021 901 2086; x_wconf 88' lang='lat' dir='ltr'><strong>laborare</strong></span> <span class='ocrx_word' id='word_1_135' title='bbox 945 2025 1226 2086; x_wconf 88' lang='lat' dir='ltr'><strong>constat:</strong></span> <span class='ocrx_word' id='word_1_136' title='bbox 1272 2019 1431 2102; x_wconf 89' lang='lat' dir='ltr'><strong>quin</strong></span> <span class='ocrx_word' id='word_1_137' title='bbox 1473 2019 1842 2103; x_wconf 89' lang='lat' dir='ltr'><strong>praeteritis</strong></span> <span class='ocrx_word' id='word_1_138' title='bbox 1883 2017 2216 2083; x_wconf 89' lang='lat' dir='ltr'><strong>interdum</strong></span> <span class='ocrx_word' id='word_1_139' title='bbox 2251 2019 2375 2083; x_wconf 91' lang='lat' dir='ltr'><strong>mi-</strong></span> 
     </span>
     <span class='ocr_line' id='line_1_24' title="bbox 422 2105 2376 2188; baseline -0.002 -17"><span class='ocrx_word' id='word_1_140' title='bbox 422 2108 604 2171; x_wconf 88' lang='lat' dir='ltr'><strong>nutis</strong></span> <span class='ocrx_word' id='word_1_141' title='bbox 638 2105 854 2185; x_wconf 89' lang='lat' dir='ltr'><strong>rebus,</strong></span> <span class='ocrx_word' id='word_1_142' title='bbox 893 2107 1187 2188; x_wconf 89' lang='lat' dir='ltr'><strong>apprime</strong></span> <span class='ocrx_word' id='word_1_143' title='bbox 1215 2107 1583 2171; x_wconf 86' lang='lat' dir='ltr'><strong>necessaria</strong></span> <span class='ocrx_word' id='word_1_144' title='bbox 1617 2112 1927 2188; x_wconf 86' lang='lat' dir='ltr'><strong>urgeant:</strong></span> <span class='ocrx_word' id='word_1_145' title='bbox 1962 2105 2123 2187; x_wconf 90' lang='lat' dir='ltr'><strong>quin</strong></span> <span class='ocrx_word' id='word_1_146' title='bbox 2155 2125 2376 2168; x_wconf 91' lang='lat' dir='ltr'><strong>emen-</strong></span> 
     </span>
     <span class='ocr_line' id='line_1_25' title="bbox 429 2187 2375 2274; baseline 0 -19"><span class='ocrx_word' id='word_1_147' title='bbox 429 2191 661 2258; x_wconf 86' lang='lat' dir='ltr'><strong>dandis</strong></span> <span class='ocrx_word' id='word_1_148' title='bbox 683 2192 1044 2257; x_wconf 88' lang='lat' dir='ltr'><strong>maioribus</strong></span> <span class='ocrx_word' id='word_1_149' title='bbox 1066 2190 1323 2257; x_wconf 89' lang='lat' dir='ltr'><strong>delictis</strong></span> <span class='ocrx_word' id='word_1_150' title='bbox 1345 2190 1742 2267; x_wconf 87' lang='lat' dir='ltr'><strong>insistentes,</strong></span> <span class='ocrx_word' id='word_1_151' title='bbox 1780 2187 1865 2253; x_wconf 87' lang='lat' dir='ltr'><strong>ad</strong></span> <span class='ocrx_word' id='word_1_152' title='bbox 1885 2191 2159 2274; x_wconf 87' lang='lat' dir='ltr'><strong>exiguos</strong></span> <span class='ocrx_word' id='word_1_153' title='bbox 2224 2210 2375 2255; x_wconf 90' lang='lat' dir='ltr'><strong>uos-</strong></span> 
     </span>
     <span class='ocr_line' id='line_1_26' title="bbox 424 2273 2374 2361; baseline -0.002 -18"><span class='ocrx_word' id='word_1_154' title='bbox 424 2278 579 2343; x_wconf 87' lang='lat' dir='ltr'><strong>dam</strong></span> <span class='ocrx_word' id='word_1_155' title='bbox 621 2297 866 2343; x_wconf 86' lang='lat' dir='ltr'><strong>naevos</strong></span> <span class='ocrx_word' id='word_1_156' title='bbox 911 2297 1030 2361; x_wconf 92' lang='lat' dir='ltr'><strong>pro</strong></span> <span class='ocrx_word' id='word_1_157' title='bbox 1075 2284 1367 2359; x_wconf 89' lang='lat' dir='ltr'><strong>tempore</strong></span> <span class='ocrx_word' id='word_1_158' title='bbox 1410 2276 1834 2341; x_wconf 76' lang='lat' dir='ltr'><strong>conniveant:</strong></span> <span class='ocrx_word' id='word_1_159' title='bbox 1883 2273 2164 2358; x_wconf 90' lang='lat' dir='ltr'><strong>denique</strong></span> <span class='ocrx_word' id='word_1_160' title='bbox 2233 2283 2374 2340; x_wconf 84' lang='lat' dir='ltr'><strong>acte</strong></span> 
     </span>
     <span class='ocr_line' id='line_1_27' title="bbox 424 2360 2374 2446; baseline -0.002 -17"><span class='ocrx_word' id='word_1_161' title='bbox 424 2385 497 2429; x_wconf 88' lang='lat' dir='ltr'><strong>ac</strong></span> <span class='ocrx_word' id='word_1_162' title='bbox 540 2362 741 2429; x_wconf 92' lang='lat' dir='ltr'><strong>melle</strong></span> <span class='ocrx_word' id='word_1_163' title='bbox 781 2370 1071 2446; x_wconf 89' lang='lat' dir='ltr'><strong>pascant,</strong></span> <span class='ocrx_word' id='word_1_164' title='bbox 1113 2363 1223 2445; x_wconf 90' lang='lat' dir='ltr'><strong>qui</strong></span> <span class='ocrx_word' id='word_1_165' title='bbox 1259 2360 1553 2426; x_wconf 91' lang='lat' dir='ltr'><strong>nondum</strong></span> <span class='ocrx_word' id='word_1_166' title='bbox 1598 2360 1805 2426; x_wconf 90' lang='lat' dir='ltr'><strong>solido</strong></span> <span class='ocrx_word' id='word_1_167' title='bbox 1850 2361 1992 2426; x_wconf 89' lang='lat' dir='ltr'><strong>cibo</strong></span> <span class='ocrx_word' id='word_1_168' title='bbox 2037 2368 2196 2425; x_wconf 89' lang='lat' dir='ltr'><strong>sunt</strong></span> <span class='ocrx_word' id='word_1_169' title='bbox 2235 2361 2374 2426; x_wconf 86' lang='lat' dir='ltr'><strong>ido-</strong></span> 
     </span>
     <span class='ocr_line' id='line_1_28' title="bbox 424 2444 2375 2529; baseline -0.002 -14"><span class='ocrx_word' id='word_1_170' title='bbox 424 2449 549 2514; x_wconf 87' lang='lat' dir='ltr'><strong>nei.</strong></span> <span class='ocrx_word' id='word_1_171' title='bbox 574 2514 589 2521; x_wconf 69' lang='grc'>,</span> <span class='ocrx_word' id='word_1_172' title='bbox 620 2447 756 2514; x_wconf 83' lang='lat' dir='ltr'><strong>Sed</strong></span> <span class='ocrx_word' id='word_1_173' title='bbox 795 2449 974 2513; x_wconf 90' lang='lat' dir='ltr'><strong>enim</strong></span> <span class='ocrx_word' id='word_1_174' title='bbox 1005 2446 1272 2512; x_wconf 88' lang='lat' dir='ltr'><strong>illorum</strong></span> <span class='ocrx_word' id='word_1_175' title='bbox 1307 2447 1594 2512; x_wconf 88' lang='lat' dir='ltr'><strong>vicissim</strong></span> <span class='ocrx_word' id='word_1_176' title='bbox 1628 2446 1843 2523; x_wconf 84' lang='lat' dir='ltr'><strong>fuerit,</strong></span> <span class='ocrx_word' id='word_1_177' title='bbox 1890 2447 2182 2529; x_wconf 85' lang='lat' dir='ltr'><strong>primum</strong></span> <span class='ocrx_word' id='word_1_178' title='bbox 2218 2444 2375 2511; x_wconf 85' lang='lat' dir='ltr'><strong>dare</strong></span> 
     </span>
     <span class='ocr_line' id='line_1_29' title="bbox 424 2532 2373 2619; baseline -0.002 -19"><span class='ocrx_word' id='word_1_179' title='bbox 424 2555 695 2619; x_wconf 82' lang='lat' dir='ltr'><strong>operam</strong></span> <span class='ocrx_word' id='word_1_180' title='bbox 709 2586 727 2613; x_wconf 95' lang='lat'><strong>,</strong></span> <span class='ocrx_word' id='word_1_181' title='bbox 781 2554 868 2598; x_wconf 91' lang='lat' dir='ltr'><strong>ne</strong></span> <span class='ocrx_word' id='word_1_182' title='bbox 924 2554 1081 2599; x_wconf 85' lang='lat' dir='ltr'><strong>suae</strong></span> <span class='ocrx_word' id='word_1_183' title='bbox 1134 2534 1430 2617; x_wconf 90' lang='lat' dir='ltr'><strong>ipsorum</strong></span> <span class='ocrx_word' id='word_1_184' title='bbox 1472 2532 1907 2598; x_wconf 79' lang='lat' dir='ltr'><strong>imbecillitati</strong></span> <span class='ocrx_word' id='word_1_185' title='bbox 1950 2539 2373 2615; x_wconf 89' lang='lat' dir='ltr'><strong>praetextum</strong></span> 
     </span>
     <span class='ocr_line' id='line_1_30' title="bbox 422 2616 2376 2705; baseline -0.002 -20"><span class='ocrx_word' id='word_1_186' title='bbox 422 2620 640 2705; x_wconf 85' lang='lat' dir='ltr'><strong>magis</strong></span> <span class='ocrx_word' id='word_1_187' title='bbox 694 2629 986 2703; x_wconf 86' lang='lat' dir='ltr'><strong>captent,</strong></span> <span class='ocrx_word' id='word_1_188' title='bbox 1042 2640 1237 2702; x_wconf 88' lang='lat' dir='ltr'><strong>quam</strong></span> <span class='ocrx_word' id='word_1_189' title='bbox 1296 2620 1609 2683; x_wconf 89' lang='lat' dir='ltr'><strong>rationem</strong></span> <span class='ocrx_word' id='word_1_190' title='bbox 1666 2619 1896 2682; x_wconf 88' lang='lat' dir='ltr'><strong>ineant</strong></span> <span class='ocrx_word' id='word_1_191' title='bbox 1953 2616 2376 2682; x_wconf 88' lang='lat' dir='ltr'><strong>sustinendae</strong></span> 
     </span>
     <span class='ocr_line' id='line_1_31' title="bbox 423 2701 2373 2787; baseline -0.003 -15"><span class='ocrx_word' id='word_1_192' title='bbox 423 2728 657 2772; x_wconf 89' lang='lat' dir='ltr'><strong>eorum</strong></span> <span class='ocrx_word' id='word_1_193' title='bbox 701 2705 1121 2783; x_wconf 88' lang='lat' dir='ltr'><strong>infirmitatis,</strong></span> <span class='ocrx_word' id='word_1_194' title='bbox 1166 2704 1401 2787; x_wconf 90' lang='lat' dir='ltr'><strong>quibus</strong></span> <span class='ocrx_word' id='word_1_195' title='bbox 1444 2701 1908 2770; x_wconf 87' lang='lat' dir='ltr'><strong>confirmandis</strong></span> <span class='ocrx_word' id='word_1_196' title='bbox 1953 2703 2214 2768; x_wconf 90' lang='lat' dir='ltr'><strong>studere</strong></span> <span class='ocrx_word' id='word_1_197' title='bbox 2260 2702 2373 2767; x_wconf 90' lang='lat' dir='ltr'><strong>de-</strong></span> 
     </span>
     <span class='ocr_line' id='line_1_32' title="bbox 422 2788 2374 2872; baseline -0.002 -14"><span class='ocrx_word' id='word_1_198' title='bbox 422 2793 601 2858; x_wconf 87' lang='lat' dir='ltr'><strong>bent.</strong></span> <span class='ocrx_word' id='word_1_199' title='bbox 689 2789 948 2855; x_wconf 87' lang='lat' dir='ltr'><strong>Deinde</strong></span> <span class='ocrx_word' id='word_1_200' title='bbox 993 2812 1123 2856; x_wconf 89' lang='lat' dir='ltr'><strong>non</strong></span> <span class='ocrx_word' id='word_1_201' title='bbox 1168 2812 1246 2855; x_wconf 90' lang='lat' dir='ltr'><strong>ea</strong></span> <span class='ocrx_word' id='word_1_202' title='bbox 1289 2790 1723 2867; x_wconf 88' lang='lat' dir='ltr'><strong>dissimulare,</strong></span> <span class='ocrx_word' id='word_1_203' title='bbox 1769 2790 2006 2872; x_wconf 91' lang='lat' dir='ltr'><strong>quibus</strong></span> <span class='ocrx_word' id='word_1_204' title='bbox 2050 2788 2374 2854; x_wconf 86' lang='lat' dir='ltr'><strong>stantibus</strong></span> 
     </span>
     <span class='ocr_line' id='line_1_33' title="bbox 424 2874 2374 2961; baseline -0.002 -18"><span class='ocrx_word' id='word_1_205' title='bbox 424 2885 769 2961; x_wconf 77' lang='lat' dir='ltr'><strong>em’ergere</strong></span> <span class='ocrx_word' id='word_1_206' title='bbox 811 2875 1120 2941; x_wconf 81' lang='lat' dir='ltr'><strong>Christus</strong></span> <span class='ocrx_word' id='word_1_207' title='bbox 1179 2896 1327 2940; x_wconf 90' lang='lat' dir='ltr'><strong>cum</strong></span> <span class='ocrx_word' id='word_1_208' title='bbox 1387 2876 1709 2959; x_wconf 87' lang='lat' dir='ltr'><strong>evangelii</strong></span> <span class='ocrx_word' id='word_1_209' title='bbox 1765 2874 1867 2940; x_wconf 91' lang='lat' dir='ltr'><strong>sui</strong></span> <span class='ocrx_word' id='word_1_210' title='bbox 1920 2875 2065 2941; x_wconf 91' lang='lat' dir='ltr'><strong>luce</strong></span> <span class='ocrx_word' id='word_1_211' title='bbox 2106 2896 2374 2957; x_wconf 87' lang='lat' dir='ltr'><strong>prorsus</strong></span> 
     </span>
     <span class='ocr_line' id='line_1_34' title="bbox 422 2960 2372 3048; baseline -0.003 -18"><span class='ocrx_word' id='word_1_212' title='bbox 422 2969 744 3048; x_wconf 86' lang='lat' dir='ltr'><strong>nequeat:</strong></span> <span class='ocrx_word' id='word_1_213' title='bbox 790 2969 932 3027; x_wconf 88' lang='lat' dir='ltr'><strong>tum</strong></span> <span class='ocrx_word' id='word_1_214' title='bbox 977 2982 1112 3026; x_wconf 91' lang='lat' dir='ltr'><strong>non</strong></span> <span class='ocrx_word' id='word_1_215' title='bbox 1156 2982 1235 3027; x_wconf 90' lang='lat' dir='ltr'><strong>ea</strong></span> <span class='ocrx_word' id='word_1_216' title='bbox 1265 2960 1678 3045; x_wconf 86' lang='lat' dir='ltr'><strong>indulgentia</strong></span> <span class='ocrx_word' id='word_1_217' title='bbox 1711 2961 2148 3046; x_wconf 82' lang='lat' dir='ltr'><strong>ignorantiam</strong></span> <span class='ocrx_word' id='word_1_218' title='bbox 2183 2961 2372 3040; x_wconf 87' lang='lat' dir='ltr'><strong>ferre,</strong></span> 
     </span>
     <span class='ocr_line' id='line_1_35' title="bbox 425 3046 2375 3134; baseline -0.002 -19"><span class='ocrx_word' id='word_1_219' title='bbox 425 3072 557 3134; x_wconf 89' lang='lat' dir='ltr'><strong>qua</strong></span> <span class='ocrx_word' id='word_1_220' title='bbox 600 3050 813 3133; x_wconf 90' lang='lat' dir='ltr'><strong>magis</strong></span> <span class='ocrx_word' id='word_1_221' title='bbox 870 3070 945 3114; x_wconf 88' lang='lat' dir='ltr'><strong>ac</strong></span> <span class='ocrx_word' id='word_1_222' title='bbox 996 3048 1210 3132; x_wconf 89' lang='lat' dir='ltr'><strong>magis</strong></span> <span class='ocrx_word' id='word_1_223' title='bbox 1263 3047 1664 3126; x_wconf 89' lang='lat' dir='ltr'><strong>indurescat,</strong></span> <span class='ocrx_word' id='word_1_224' title='bbox 1724 3046 1836 3113; x_wconf 88' lang='lat' dir='ltr'><strong>sed</strong></span> <span class='ocrx_word' id='word_1_225' title='bbox 1882 3067 2017 3129; x_wconf 78' lang='lat' dir='ltr'><strong>qua</strong></span> <span class='ocrx_word' id='word_1_226' title='bbox 2052 3047 2375 3130; x_wconf 88' lang='lat' dir='ltr'><strong>paulatim</strong></span> 
     </span>
     <span class='ocr_line' id='line_1_36' title="bbox 424 3132 2373 3217; baseline -0.001 -17"><span class='ocrx_word' id='word_1_227' title='bbox 424 3136 789 3202; x_wconf 84' lang='lat' dir='ltr'><strong>dissuatur:</strong></span> <span class='ocrx_word' id='word_1_228' title='bbox 844 3132 1104 3217; x_wconf 88' lang='lat' dir='ltr'><strong>quando</strong></span> <span class='ocrx_word' id='word_1_229' title='bbox 1157 3141 1490 3197; x_wconf 90' lang='lat' dir='ltr'><strong>momento</strong></span> <span class='ocrx_word' id='word_1_230' title='bbox 1534 3154 1668 3198; x_wconf 91' lang='lat' dir='ltr'><strong>uno</strong></span> <span class='ocrx_word' id='word_1_231' title='bbox 1712 3132 1992 3198; x_wconf 82' lang='lat' dir='ltr'><strong>rescindi</strong></span> <span class='ocrx_word' id='word_1_232' title='bbox 2039 3132 2373 3198; x_wconf 92' lang='lat' dir='ltr'><strong>commode</strong></span> 
     </span>
    </p>
   </div>
   <div class='ocr_carea' id='block_1_6' title="bbox 420 3217 2374 3473">
    <p class='ocr_par' dir='ltr' id='par_1_6' title="bbox 420 3217 2374 3473">
     <span class='ocr_line' id='line_1_37' title="bbox 421 3217 2373 3303; baseline -0.002 -17"><span class='ocrx_word' id='word_1_233' title='bbox 421 3243 554 3286; x_wconf 90' lang='lat' dir='ltr'><strong>non</strong></span> <span class='ocrx_word' id='word_1_234' title='bbox 611 3228 845 3303; x_wconf 84' lang='lat' dir='ltr'><strong>potest.</strong></span> <span class='ocrx_word' id='word_1_235' title='bbox 934 3220 1281 3284; x_wconf 87' lang='lat' dir='ltr'><strong>Postremo</strong></span> <span class='ocrx_word' id='word_1_236' title='bbox 1325 3219 1621 3285; x_wconf 86' lang='lat' dir='ltr'><strong>veritatis</strong></span> <span class='ocrx_word' id='word_1_237' title='bbox 1677 3217 2223 3301; x_wconf 87' lang='lat' dir='ltr'><strong>praedicationem</strong></span> <span class='ocrx_word' id='word_1_238' title='bbox 2279 3218 2373 3283; x_wconf 91' lang='lat' dir='ltr'><strong>sic</strong></span> 
     </span>
     <span class='ocr_line' id='line_1_38' title="bbox 420 3302 2374 3387; baseline -0.002 -15"><span class='ocrx_word' id='word_1_239' title='bbox 420 3305 778 3384; x_wconf 89' lang='lat' dir='ltr'><strong>moderari,</strong></span> <span class='ocrx_word' id='word_1_240' title='bbox 846 3327 931 3370; x_wconf 90' lang='lat' dir='ltr'><strong>ne</strong></span> <span class='ocrx_word' id='word_1_241' title='bbox 1035 3305 1369 3370; x_wconf 88' lang='lat' dir='ltr'><strong>erniciosis</strong></span> <span class='ocrx_word' id='word_1_242' title='bbox 1425 3326 1691 3370; x_wconf 90' lang='lat' dir='ltr'><strong>rursum</strong></span> <span class='ocrx_word' id='word_1_243' title='bbox 1747 3302 2104 3369; x_wconf 85' lang='lat' dir='ltr'><strong>mendaciis</strong></span> <span class='ocrx_word' id='word_1_244' title='bbox 2159 3305 2374 3387; x_wconf 83' lang='lat' dir='ltr'><strong>ipsam</strong></span> 
     </span>
     <span class='ocr_line' id='line_1_39' title="bbox 420 3390 2374 3473; baseline -0.003 -14"><span class='ocrx_word' id='word_1_245' title='bbox 420 3392 888 3459; x_wconf 85' lang='lat' dir='ltr'><strong>contaminent.</strong></span> <span class='ocrx_word' id='word_1_246' title='bbox 1019 3390 1130 3455; x_wconf 92' lang='lat' dir='ltr'><strong>uid</strong></span> <span class='ocrx_word' id='word_1_247' title='bbox 1177 3397 1397 3455; x_wconf 89' lang='lat' dir='ltr'><strong>autem</strong></span> <span class='ocrx_word' id='word_1_248' title='bbox 1436 3390 1677 3455; x_wconf 89' lang='lat' dir='ltr'><strong>clarius</strong></span> <span class='ocrx_word' id='word_1_249' title='bbox 1712 3399 1831 3468; x_wconf 74' lang='lat' dir='ltr'><strong>est,</strong></span> <span class='ocrx_word' id='word_1_250' title='bbox 1877 3409 2071 3473; x_wconf 88' lang='lat' dir='ltr'><strong>quam</strong></span> <span class='ocrx_word' id='word_1_251' title='bbox 2107 3390 2374 3454; x_wconf 87' lang='lat' dir='ltr'><strong>sinistra</strong></span> 
     </span>
    </p>
   </div>
   <div class='ocr_carea' id='block_1_7' title="bbox 419 3473 2372 4585">
    <p class='ocr_par' dir='ltr' id='par_1_7' title="bbox 419 3473 2372 4585">
     <span class='ocr_line' id='line_1_40' title="bbox 420 3473 2371 3560; baseline -0.002 -18"><span class='ocrx_word' id='word_1_252' title='bbox 420 3478 539 3542; x_wconf 89' lang='lat' dir='ltr'><strong>illa</strong></span> <span class='ocrx_word' id='word_1_253' title='bbox 583 3498 704 3542; x_wconf 89' lang='lat' dir='ltr'><strong>sua</strong></span> <span class='ocrx_word' id='word_1_254' title='bbox 747 3474 1099 3560; x_wconf 87' lang='lat' dir='ltr'><strong>prudentia</strong></span> <span class='ocrx_word' id='word_1_255' title='bbox 1141 3497 1274 3540; x_wconf 90' lang='lat' dir='ltr'><strong>non</strong></span> <span class='ocrx_word' id='word_1_256' title='bbox 1316 3473 1496 3540; x_wconf 90' lang='lat' dir='ltr'><strong>aliud</strong></span> <span class='ocrx_word' id='word_1_257' title='bbox 1535 3496 1847 3559; x_wconf 90' lang='lat' dir='ltr'><strong>quaerere</strong></span> <span class='ocrx_word' id='word_1_258' title='bbox 1861 3527 1877 3555; x_wconf 94' lang='lat'><strong>,</strong></span> <span class='ocrx_word' id='word_1_259' title='bbox 1934 3474 2063 3539; x_wconf 87' lang='lat' dir='ltr'><strong>nisi</strong></span> <span class='ocrx_word' id='word_1_260' title='bbox 2118 3483 2191 3539; x_wconf 91' lang='lat' dir='ltr'><strong>ut</strong></span> <span class='ocrx_word' id='word_1_261' title='bbox 2248 3475 2371 3539; x_wconf 89' lang='lat' dir='ltr'><strong>sibi</strong></span> 
     </span>
     <span class='ocr_line' id='line_1_41' title="bbox 422 3559 2371 3645; baseline -0.003 -17"><span class='ocrx_word' id='word_1_262' title='bbox 422 3565 750 3628; x_wconf 82' lang='lat' dir='ltr'><strong>duntaxat</strong></span> <span class='ocrx_word' id='word_1_263' title='bbox 810 3560 1108 3645; x_wconf 81' lang='lat' dir='ltr'><strong>sapiant?</strong></span> <span class='ocrx_word' id='word_1_264' title='bbox 1199 3559 1274 3626; x_wconf 79' lang='lat' dir='ltr'><strong>Si</strong></span> <span class='ocrx_word' id='word_1_265' title='bbox 1332 3561 1515 3626; x_wconf 91' lang='lat' dir='ltr'><strong>nullo</strong></span> <span class='ocrx_word' id='word_1_266' title='bbox 1573 3560 1944 3627; x_wconf 88' lang='lat' dir='ltr'><strong>discrimine</strong></span> <span class='ocrx_word' id='word_1_267' title='bbox 1997 3560 2201 3626; x_wconf 91' lang='lat' dir='ltr'><strong>libere</strong></span> <span class='ocrx_word' id='word_1_268' title='bbox 2256 3560 2371 3623; x_wconf 90' lang='lat' dir='ltr'><strong>do-</strong></span> 
     </span>
     <span class='ocr_line' id='line_1_42' title="bbox 420 3646 2371 3731; baseline -0.004 -15"><span class='ocrx_word' id='word_1_269' title='bbox 420 3649 617 3716; x_wconf 89' lang='lat' dir='ltr'><strong>cendi</strong></span> <span class='ocrx_word' id='word_1_270' title='bbox 661 3654 951 3731; x_wconf 85' lang='lat' dir='ltr'><strong>potestas</strong></span> <span class='ocrx_word' id='word_1_271' title='bbox 994 3651 1163 3713; x_wconf 81' lang='lat' dir='ltr'><strong>facta</strong></span> <span class='ocrx_word' id='word_1_272' title='bbox 1196 3646 1328 3711; x_wconf 91' lang='lat' dir='ltr'><strong>illis</strong></span> <span class='ocrx_word' id='word_1_273' title='bbox 1363 3663 1548 3725; x_wconf 84' lang='lat' dir='ltr'><strong>esset,</strong></span> <span class='ocrx_word' id='word_1_274' title='bbox 1595 3647 1757 3711; x_wconf 88' lang='lat' dir='ltr'><strong>satis</strong></span> <span class='ocrx_word' id='word_1_275' title='bbox 1792 3653 2139 3730; x_wconf 86' lang='lat' dir='ltr'><strong>appareret</strong></span> <span class='ocrx_word' id='word_1_276' title='bbox 2172 3666 2371 3730; x_wconf 88' lang='lat' dir='ltr'><strong>quam</strong></span> 
     </span>
     <span class='ocr_line' id='line_1_43' title="bbox 419 3731 2368 3813; baseline -0.003 -12"><span class='ocrx_word' id='word_1_277' title='bbox 419 3735 875 3801; x_wconf 89' lang='lat' dir='ltr'><strong>infirmitatem</strong></span> <span class='ocrx_word' id='word_1_278' title='bbox 930 3753 1129 3798; x_wconf 91' lang='lat' dir='ltr'><strong>curae</strong></span> <span class='ocrx_word' id='word_1_279' title='bbox 1181 3731 1482 3798; x_wconf 87' lang='lat' dir='ltr'><strong>habeant.</strong></span> <span class='ocrx_word' id='word_1_280' title='bbox 1502 3733 1557 3813; x_wconf 67' lang='grc'><strong>2)</strong></span> <span class='ocrx_word' id='word_1_281' title='bbox 1646 3733 1737 3797; x_wconf 85' lang='lat' dir='ltr'><strong>Et</strong></span> <span class='ocrx_word' id='word_1_282' title='bbox 1791 3733 1848 3798; x_wconf 89' lang='lat' dir='ltr'><strong>si</strong></span> <span class='ocrx_word' id='word_1_283' title='bbox 1888 3753 2125 3797; x_wconf 91' lang='lat' dir='ltr'><strong>verum</strong></span> <span class='ocrx_word' id='word_1_284' title='bbox 2178 3739 2368 3810; x_wconf 90' lang='lat' dir='ltr'><strong>esset,</strong></span> 
     </span>
     <span class='ocr_line' id='line_1_44' title="bbox 422 3814 2372 3904; baseline -0.003 -19"><span class='ocrx_word' id='word_1_285' title='bbox 422 3822 645 3904; x_wconf 83' lang='lat' dir='ltr'><strong>aliqua</strong></span> <span class='ocrx_word' id='word_1_286' title='bbox 685 3819 861 3902; x_wconf 90' lang='lat' dir='ltr'><strong>ipsos</strong></span> <span class='ocrx_word' id='word_1_287' title='bbox 903 3818 1132 3902; x_wconf 89' lang='lat' dir='ltr'><strong>populi</strong></span> <span class='ocrx_word' id='word_1_288' title='bbox 1174 3816 1609 3883; x_wconf 85' lang='lat' dir='ltr'><strong>sollicitudine</strong></span> <span class='ocrx_word' id='word_1_289' title='bbox 1652 3820 1853 3903; x_wconf 86' lang='lat' dir='ltr'><strong>tangi,</strong></span> <span class='ocrx_word' id='word_1_290' title='bbox 1900 3817 2072 3902; x_wconf 92' lang='lat' dir='ltr'><strong>quod</strong></span> <span class='ocrx_word' id='word_1_291' title='bbox 2107 3814 2372 3901; x_wconf 90' lang='lat' dir='ltr'><strong>quidem</strong></span> 
     </span>
     <span class='ocr_line' id='line_1_45' title="bbox 422 3902 2370 3988; baseline -0.003 -16"><span class='ocrx_word' id='word_1_292' title='bbox 422 3906 858 3972; x_wconf 87' lang='lat' dir='ltr'><strong>vanissimum</strong></span> <span class='ocrx_word' id='word_1_293' title='bbox 898 3912 1028 3969; x_wconf 87' lang='lat' dir='ltr'><strong>est:</strong></span> <span class='ocrx_word' id='word_1_294' title='bbox 1074 3904 1220 3986; x_wconf 90' lang='lat' dir='ltr'><strong>quis</strong></span> <span class='ocrx_word' id='word_1_295' title='bbox 1262 3911 1482 3968; x_wconf 82' lang='lat' dir='ltr'><strong>tamen</strong></span> <span class='ocrx_word' id='word_1_296' title='bbox 1525 3903 1660 3968; x_wconf 91' lang='lat' dir='ltr'><strong>illis</strong></span> <span class='ocrx_word' id='word_1_297' title='bbox 1702 3904 2038 3988; x_wconf 89' lang='lat' dir='ltr'><strong>largiatur,</strong></span> <span class='ocrx_word' id='word_1_298' title='bbox 2097 3911 2175 3967; x_wconf 91' lang='lat' dir='ltr'><strong>ut</strong></span> <span class='ocrx_word' id='word_1_299' title='bbox 2215 3902 2370 3967; x_wconf 91' lang='lat' dir='ltr'><strong>hor-</strong></span> 
     </span>
     <span class='ocr_line' id='line_1_46' title="bbox 421 3988 2372 4074; baseline -0.003 -17"><span class='ocrx_word' id='word_1_300' title='bbox 421 3989 631 4057; x_wconf 87' lang='lat' dir='ltr'><strong>renda</strong></span> <span class='ocrx_word' id='word_1_301' title='bbox 672 3989 1028 4074; x_wconf 85' lang='lat' dir='ltr'><strong>impietatis</strong></span> <span class='ocrx_word' id='word_1_302' title='bbox 1073 3988 1372 4071; x_wconf 84' lang='lat' dir='ltr'><strong>exempla</strong></span> <span class='ocrx_word' id='word_1_303' title='bbox 1413 3989 1533 4053; x_wconf 87' lang='lat' dir='ltr'><strong>sub</strong></span> <span class='ocrx_word' id='word_1_304' title='bbox 1578 3989 1783 4055; x_wconf 90' lang='lat' dir='ltr'><strong>oculis</strong></span> <span class='ocrx_word' id='word_1_305' title='bbox 1827 3991 1964 4055; x_wconf 92' lang='lat' dir='ltr'><strong>suis</strong></span> <span class='ocrx_word' id='word_1_306' title='bbox 2006 3988 2372 4073; x_wconf 87' lang='lat' dir='ltr'><strong>perpetrari</strong></span> 
     </span>
     <span class='ocr_line' id='line_1_47' title="bbox 423 4072 2372 4158; baseline -0.003 -16"><span class='ocrx_word' id='word_1_307' title='bbox 423 4075 918 4143; x_wconf 83' lang='lat' dir='ltr'><strong>dissimulanter</strong></span> <span class='ocrx_word' id='word_1_308' title='bbox 980 4073 1237 4140; x_wconf 81' lang='lat' dir='ltr'><strong>ferant?</strong></span> <span class='ocrx_word' id='word_1_309' title='bbox 1342 4072 1512 4155; x_wconf 78' lang='lat' dir='ltr'><strong>Quis</strong></span> <span class='ocrx_word' id='word_1_310' title='bbox 1576 4095 1864 4158; x_wconf 87' lang='lat' dir='ltr'><strong>unquam</strong></span> <span class='ocrx_word' id='word_1_311' title='bbox 1931 4074 2372 4158; x_wconf 88' lang='lat' dir='ltr'><strong>apostolorum</strong></span> 
     </span>
     <span class='ocr_line' id='line_1_48' title="bbox 419 4159 2372 4244; baseline -0.003 -15"><span class='ocrx_word' id='word_1_312' title='bbox 419 4164 647 4229; x_wconf 90' lang='lat' dir='ltr'><strong>Deum</strong></span> <span class='ocrx_word' id='word_1_313' title='bbox 688 4182 893 4226; x_wconf 89' lang='lat' dir='ltr'><strong>unum</strong></span> <span class='ocrx_word' id='word_1_314' title='bbox 935 4159 1383 4238; x_wconf 78' lang='lat' dir='ltr'><strong>annunciavit,</strong></span> <span class='ocrx_word' id='word_1_315' title='bbox 1427 4161 1541 4242; x_wconf 92' lang='lat' dir='ltr'><strong>qui</strong></span> <span class='ocrx_word' id='word_1_316' title='bbox 1584 4182 1713 4226; x_wconf 91' lang='lat' dir='ltr'><strong>non</strong></span> <span class='ocrx_word' id='word_1_317' title='bbox 1760 4168 1986 4244; x_wconf 88' lang='lat' dir='ltr'><strong>aperta</strong></span> <span class='ocrx_word' id='word_1_318' title='bbox 2019 4180 2182 4225; x_wconf 91' lang='lat' dir='ltr'><strong>voce</strong></span> <span class='ocrx_word' id='word_1_319' title='bbox 2218 4159 2372 4224; x_wconf 86' lang='lat' dir='ltr'><strong>deos</strong></span> 
     </span>
     <span class='ocr_line' id='line_1_49' title="bbox 423 4244 2372 4332; baseline -0.003 -19"><span class='ocrx_word' id='word_1_320' title='bbox 423 4268 655 4313; x_wconf 88' lang='lat' dir='ltr'><strong>omnes</strong></span> <span class='ocrx_word' id='word_1_321' title='bbox 699 4248 997 4332; x_wconf 89' lang='lat' dir='ltr'><strong>gentium</strong></span> <span class='ocrx_word' id='word_1_322' title='bbox 1037 4245 1379 4311; x_wconf 87' lang='lat' dir='ltr'><strong>daemonia</strong></span> <span class='ocrx_word' id='word_1_323' title='bbox 1421 4265 1562 4311; x_wconf 89' lang='lat' dir='ltr'><strong>esse</strong></span> <span class='ocrx_word' id='word_1_324' title='bbox 1617 4245 1978 4312; x_wconf 78' lang='lat' dir='ltr'><strong>clamaret?</strong></span> <span class='ocrx_word' id='word_1_325' title='bbox 2066 4244 2233 4326; x_wconf 77' lang='lat' dir='ltr'><strong>Quis</strong></span> <span class='ocrx_word' id='word_1_326' title='bbox 2290 4244 2372 4310; x_wconf 88' lang='lat' dir='ltr'><strong>de</strong></span> 
     </span>
     <span class='ocr_line' id='line_1_50' title="bbox 421 4331 2370 4418; baseline -0.002 -19"><span class='ocrx_word' id='word_1_327' title='bbox 421 4355 590 4418; x_wconf 84' lang='lat' dir='ltr'><strong>puro</strong></span> <span class='ocrx_word' id='word_1_328' title='bbox 634 4332 765 4397; x_wconf 90' lang='lat' dir='ltr'><strong>Dei</strong></span> <span class='ocrx_word' id='word_1_329' title='bbox 808 4332 988 4397; x_wconf 87' lang='lat' dir='ltr'><strong>cultu</strong></span> <span class='ocrx_word' id='word_1_330' title='bbox 1031 4332 1454 4398; x_wconf 87' lang='lat' dir='ltr'><strong>concionatus</strong></span> <span class='ocrx_word' id='word_1_331' title='bbox 1496 4331 1847 4415; x_wconf 88' lang='lat' dir='ltr'><strong>aliquando</strong></span> <span class='ocrx_word' id='word_1_332' title='bbox 1892 4338 1994 4398; x_wconf 91' lang='lat' dir='ltr'><strong>est</strong></span> <span class='ocrx_word' id='word_1_333' title='bbox 2008 4384 2023 4410; x_wconf 99' lang='lat'><strong>,</strong></span> <span class='ocrx_word' id='word_1_334' title='bbox 2083 4331 2197 4414; x_wconf 93' lang='lat' dir='ltr'><strong>qui</strong></span> <span class='ocrx_word' id='word_1_335' title='bbox 2237 4351 2370 4395; x_wconf 91' lang='lat' dir='ltr'><strong>non</strong></span> 
     </span>
     <span class='ocr_line' id='line_1_51' title="bbox 422 4415 2370 4501; baseline -0.002 -17"><span class='ocrx_word' id='word_1_336' title='bbox 422 4441 465 4484; x_wconf 87' lang='lat' dir='ltr'><strong>a</strong></span> <span class='ocrx_word' id='word_1_337' title='bbox 504 4420 697 4484; x_wconf 86' lang='lat' dir='ltr'><strong>vanis</strong></span> <span class='ocrx_word' id='word_1_338' title='bbox 743 4415 1014 4483; x_wconf 90' lang='lat' dir='ltr'><strong>deorum</strong></span> <span class='ocrx_word' id='word_1_339' title='bbox 1070 4417 1647 4501; x_wconf 87' lang='lat' dir='ltr'><strong>superstitionibus</strong></span> <span class='ocrx_word' id='word_1_340' title='bbox 1700 4416 2075 4501; x_wconf 86' lang='lat' dir='ltr'><strong>longissime</strong></span> <span class='ocrx_word' id='word_1_341' title='bbox 2120 4417 2370 4483; x_wconf 89' lang='lat' dir='ltr'><strong>abstra—</strong></span> 
     </span>
     <span class='ocr_line' id='line_1_52' title="bbox 422 4501 2370 4585; baseline -0.003 -15"><span class='ocrx_word' id='word_1_342' title='bbox 422 4503 657 4572; x_wconf 76' lang='lat' dir='ltr'><strong>heret?</strong></span> <span class='ocrx_word' id='word_1_343' title='bbox 747 4502 919 4585; x_wconf 78' lang='lat' dir='ltr'><strong>Quis</strong></span> <span class='ocrx_word' id='word_1_344' title='bbox 962 4504 1158 4568; x_wconf 89' lang='lat' dir='ltr'><strong>sitam</strong></span> <span class='ocrx_word' id='word_1_345' title='bbox 1210 4504 1280 4567; x_wconf 89' lang='lat' dir='ltr'><strong>in</strong></span> <span class='ocrx_word' id='word_1_346' title='bbox 1321 4502 1589 4568; x_wconf 80' lang='lat' dir='ltr'><strong>Christo</strong></span> <span class='ocrx_word' id='word_1_347' title='bbox 1632 4503 1907 4569; x_wconf 88' lang='lat' dir='ltr'><strong>salutem</strong></span> <span class='ocrx_word' id='word_1_348' title='bbox 1951 4501 2199 4581; x_wconf 90' lang='lat' dir='ltr'><strong>docuit,</strong></span> <span class='ocrx_word' id='word_1_349' title='bbox 2260 4503 2370 4585; x_wconf 90' lang='lat' dir='ltr'><strong>qui</strong></span> 
     </span>
    </p>
   </div>
   <div class='ocr_carea' id='block_1_8' title="bbox 420 4586 2389 4671">
    <p class='ocr_par' dir='ltr' id='par_1_8' title="bbox 420 4586 2389 4671">
     <span class='ocr_line' id='line_1_53' title="bbox 420 4586 2389 4671; baseline -0.002 -15"><span class='ocrx_word' id='word_1_350' title='bbox 420 4613 559 4656; x_wconf 87' lang='lat' dir='ltr'><strong>non</strong></span> <span class='ocrx_word' id='word_1_351' title='bbox 613 4591 696 4656; x_wconf 91' lang='lat' dir='ltr'><strong>ab</strong></span> <span class='ocrx_word' id='word_1_352' title='bbox 753 4588 1078 4653; x_wconf 89' lang='lat' dir='ltr'><strong>idolorum</strong></span> <span class='ocrx_word' id='word_1_353' title='bbox 1138 4589 1377 4653; x_wconf 87' lang='lat' dir='ltr'><strong>fiducia</strong></span> <span class='ocrx_word' id='word_1_354' title='bbox 1427 4609 1696 4671; x_wconf 91' lang='lat' dir='ltr'><strong>prorsus</strong></span> <span class='ocrx_word' id='word_1_355' title='bbox 1739 4586 2110 4653; x_wconf 82' lang='lat' dir='ltr'><strong>averteret?</strong></span> <span class='ocrx_word' id='word_1_356' title='bbox 2201 4586 2389 4668; x_wconf 78' lang='lat' dir='ltr'><strong>Quis·</strong></span> 
     </span>
    </p>
   </div>
   <div class='ocr_carea' id='block_1_9' title="bbox 424 4673 2368 4931">
    <p class='ocr_par' dir='ltr' id='par_1_9' title="bbox 424 4673 2368 4931">
     <span class='ocr_line' id='line_1_54' title="bbox 424 4673 2368 4753; baseline -0.003 -10"><span class='ocrx_word' id='word_1_357' title='bbox 424 4698 573 4743; x_wconf 91' lang='lat' dir='ltr'><strong>cum</strong></span> <span class='ocrx_word' id='word_1_358' title='bbox 608 4673 950 4741; x_wconf 87' lang='lat' dir='ltr'><strong>mendacio</strong></span> <span class='ocrx_word' id='word_1_359' title='bbox 983 4675 1351 4753; x_wconf 87' lang='lat' dir='ltr'><strong>veritatem,</strong></span> <span class='ocrx_word' id='word_1_360' title='bbox 1386 4673 1601 4740; x_wconf 90' lang='lat' dir='ltr'><strong>lucem</strong></span> <span class='ocrx_word' id='word_1_361' title='bbox 1635 4693 1787 4741; x_wconf 93' lang='lat' dir='ltr'><strong>cum</strong></span> <span class='ocrx_word' id='word_1_362' title='bbox 1817 4675 2125 4753; x_wconf 88' lang='lat' dir='ltr'><strong>tenebris,</strong></span> <span class='ocrx_word' id='word_1_363' title='bbox 2166 4694 2368 4741; x_wconf 84' lang='lat' dir='ltr'><strong>evan-</strong></span> 
     </span>
     <span class='ocr_line' id='line_1_55' title="bbox 506 4758 2368 4839; baseline -0.002 -12"><span class='ocrx_word' id='word_1_364' title='bbox 506 4762 676 4827; x_wconf 90' lang='lat' dir='ltr'><strong>lium</strong></span> <span class='ocrx_word' id='word_1_365' title='bbox 720 4782 867 4826; x_wconf 83' lang='lat' dir='ltr'><strong>cum</strong></span> <span class='ocrx_word' id='word_1_366' title='bbox 913 4762 1374 4834; x_wconf 86' lang='lat' dir='ltr'><strong>exsecratione,</strong></span> <span class='ocrx_word' id='word_1_367' title='bbox 1414 4760 1755 4826; x_wconf 80' lang='lat' dir='ltr'><strong>Christum</strong></span> <span class='ocrx_word' id='word_1_368' title='bbox 1799 4780 1947 4824; x_wconf 92' lang='lat' dir='ltr'><strong>cum</strong></span> <span class='ocrx_word' id='word_1_369' title='bbox 1982 4758 2217 4839; x_wconf 88' lang='lat' dir='ltr'><strong>Belial,</strong></span> <span class='ocrx_word' id='word_1_370' title='bbox 2261 4779 2368 4824; x_wconf 88' lang='lat' dir='ltr'><strong>ea-</strong></span> 
     </span>
     <span class='ocr_line' id='line_1_56' title="bbox 472 4844 2366 4931; baseline -0.002 -18"><span class='ocrx_word' id='word_1_371' title='bbox 472 4870 573 4913; x_wconf 79' lang='lat' dir='ltr'><strong>em</strong></span> <span class='ocrx_word' id='word_1_372' title='bbox 620 4846 856 4930; x_wconf 88' lang='lat' dir='ltr'><strong>copula</strong></span> <span class='ocrx_word' id='word_1_373' title='bbox 898 4846 1269 4931; x_wconf 78' lang='lat' dir='ltr'><strong>colligavit?</strong></span> <span class='ocrx_word' id='word_1_374' title='bbox 1357 4845 1480 4911; x_wconf 86' lang='lat' dir='ltr'><strong>Isti</strong></span> <span class='ocrx_word' id='word_1_375' title='bbox 1514 4867 1672 4912; x_wconf 91' lang='lat' dir='ltr'><strong>vero</strong></span> <span class='ocrx_word' id='word_1_376' title='bbox 1708 4845 1977 4911; x_wconf 89' lang='lat' dir='ltr'><strong>deorum</strong></span> <span class='ocrx_word' id='word_1_377' title='bbox 2016 4844 2366 4929; x_wconf 83' lang='lat' dir='ltr'><strong>myriades,</strong></span> 
     </span>
    </p>
   </div>
   <div class='ocr_carea' id='block_1_10' title="bbox 426 5023 633 5032">
    <p class='ocr_par' dir='ltr' id='par_1_10' title="bbox 426 5023 633 5032">
     <span class='ocr_line' id='line_1_57' title="bbox 426 5023 633 5032; baseline 0 943"><span class='ocrx_word' id='word_1_378' title='bbox 426 5023 633 5032; x_wconf 95' lang='lat' dir='ltr'><strong> </strong></span> 
     </span>
    </p>
   </div>
   <div class='ocr_carea' id='block_1_11' title="bbox 426 5133 2366 5275">
    <p class='ocr_par' dir='ltr' id='par_1_11' title="bbox 426 5133 2366 5275">
     <span class='ocr_line' id='line_1_58' title="bbox 564 5133 2366 5192; baseline -0.001 0"><span class='ocrx_word' id='word_1_379' title='bbox 564 5143 593 5192; x_wconf 93' lang='lat'>1</span> <span class='ocrx_word' id='word_1_380' title='bbox 682 5135 1044 5191; x_wconf 77' lang='grc'>1576-1611</span> <span class='ocrx_word' id='word_1_381' title='bbox 1110 5133 1300 5190; x_wconf 70' lang='lat' dir='ltr'><strong>vitiose</strong></span> <span class='ocrx_word' id='word_1_382' title='bbox 1350 5135 1627 5190; x_wconf 72' lang='lat' dir='ltr'><strong>omittunt:</strong></span> <span class='ocrx_word' id='word_1_383' title='bbox 1693 5146 1763 5192; x_wconf 87' lang='lat' dir='ltr'><strong>et.</strong></span> <span class='ocrx_word' id='word_1_384' title='bbox 1851 5135 2366 5192; x_wconf 63' lang='lat' dir='ltr'><strong>Amudodamemn&#39;ae</strong></span> 
     </span>
     <span class='ocr_line' id='line_1_59' title="bbox 426 5199 2038 5275; baseline -0.001 -12"><span class='ocrx_word' id='word_1_385' title='bbox 426 5223 574 5263; x_wconf 67' lang='lat' dir='ltr'><strong>enon</strong></span> <span class='ocrx_word' id='word_1_386' title='bbox 688 5227 704 5257; x_wconf 90' lang='lat'><strong>.·</strong></span> <span class='ocrx_word' id='word_1_387' title='bbox 736 5208 885 5260; x_wconf 76' lang='lat' dir='ltr'><strong>initio</strong></span> <span class='ocrx_word' id='word_1_388' title='bbox 922 5221 985 5260; x_wconf 81' lang='lat' dir='ltr'><strong>ac</strong></span> <span class='ocrx_word' id='word_1_389' title='bbox 1022 5203 1203 5273; x_wconf 76' lang='lat' dir='ltr'><strong>paulo.</strong></span> <span class='ocrx_word' id='word_1_390' title='bbox 1350 5201 1412 5270; x_wconf 82' lang='lat'><strong>2)</strong></span> <span class='ocrx_word' id='word_1_391' title='bbox 1448 5199 1585 5256; x_wconf 76' lang='lat'><strong>1576</strong></span> <span class='ocrx_word' id='word_1_392' title='bbox 1618 5219 1786 5275; x_wconf 66' lang='lat' dir='ltr'><strong>seqq„-</strong></span> <span class='ocrx_word' id='word_1_393' title='bbox 1820 5206 2038 5260; x_wconf 83' lang='lat' dir='ltr'><strong>habent.</strong></span> 
     </span>
    </p>
   </div>
   <div class='ocr_carea' id='block_1_12' title="bbox 1522 284 3303 355">
    <p class='ocr_par' dir='ltr' id='par_1_12' title="bbox 1522 284 3303 355">
     <span class='ocr_line' id='line_1_60' title="bbox 1522 284 3303 355; baseline -0.001 -1"><span class='ocrx_word' id='word_1_394' title='bbox 1522 289 1650 354; x_wconf 88' lang='lat' dir='ltr'><strong>DE</strong></span> <span class='ocrx_word' id='word_1_395' title='bbox 1697 286 2291 355; x_wconf 72' lang='lat' dir='ltr'><strong>SAOERDOTIO</strong></span> <span class='ocrx_word' id='word_1_396' title='bbox 2335 288 2686 355; x_wconf 84' lang='lat' dir='ltr'>PAPALI</span> <span class='ocrx_word' id='word_1_397' title='bbox 2731 284 3303 353; x_wconf 84' lang='lat' dir='ltr'><strong>ABIIOIENDO.</strong></span> 
     </span>
    </p>
   </div>
   <div class='ocr_carea' id='block_1_13' title="bbox 2423 493 2433 5255">
    <p class='ocr_par' dir='ltr' id='par_1_13' title="bbox 2423 493 2433 5255">
     <span class='ocr_line' id='line_1_61' title="bbox 2423 493 2433 5255; baseline 0 0"><span class='ocrx_word' id='word_1_398' title='bbox 2423 493 2433 5255; x_wconf 95' lang='lat' dir='ltr'><strong> </strong></span> 
     </span>
    </p>
   </div>
   <div class='ocr_carea' id='block_1_14' title="bbox 4298 294 4424 355">
    <p class='ocr_par' dir='ltr' id='par_1_14' title="bbox 4298 294 4424 355">
     <span class='ocr_line' id='line_1_62' title="bbox 4298 294 4424 355; baseline 0.008 -1"><span class='ocrx_word' id='word_1_399' title='bbox 4298 294 4424 355; x_wconf 85' lang='lat'><strong>298</strong></span> 
     </span>
    </p>
   </div>
   <div class='ocr_carea' id='block_1_15' title="bbox 2470 476 4476 4924">
    <p class='ocr_par' dir='ltr' id='par_1_15' title="bbox 2470 476 4476 4924">
     <span class='ocr_line' id='line_1_63' title="bbox 2473 476 4426 566; baseline 0.004 -25"><span class='ocrx_word' id='word_1_400' title='bbox 2473 476 2797 541; x_wconf 90' lang='lat' dir='ltr'><strong>idolorum</strong></span> <span class='ocrx_word' id='word_1_401' title='bbox 2833 476 3144 560; x_wconf 89' lang='lat' dir='ltr'><strong>plaustra,</strong></span> <span class='ocrx_word' id='word_1_402' title='bbox 3192 477 3689 560; x_wconf 87' lang='lat' dir='ltr'><strong>superstitiones</strong></span> <span class='ocrx_word' id='word_1_403' title='bbox 3721 478 3872 562; x_wconf 90' lang='lat' dir='ltr'><strong>plus</strong></span> <span class='ocrx_word' id='word_1_404' title='bbox 3905 500 4102 563; x_wconf 89' lang='lat' dir='ltr'><strong>quam</strong></span> <span class='ocrx_word' id='word_1_405' title='bbox 4136 481 4426 566; x_wconf 83' lang='lat' dir='ltr'><strong>magicas</strong></span> 
     </span>
     <span class='ocr_line' id='line_1_64' title="bbox 2475 562 4428 648; baseline 0.003 -22"><span class='ocrx_word' id='word_1_406' title='bbox 2475 581 2681 646; x_wconf 90' lang='lat' dir='ltr'><strong>aequo</strong></span> <span class='ocrx_word' id='word_1_407' title='bbox 2736 563 2957 627; x_wconf 87' lang='lat' dir='ltr'><strong>animo</strong></span> <span class='ocrx_word' id='word_1_408' title='bbox 3012 583 3082 626; x_wconf 90' lang='lat' dir='ltr'><strong>se</strong></span> <span class='ocrx_word' id='word_1_409' title='bbox 3138 562 3420 629; x_wconf 89' lang='lat' dir='ltr'><strong>tolerare</strong></span> <span class='ocrx_word' id='word_1_410' title='bbox 3480 573 3864 643; x_wconf 87' lang='lat' dir='ltr'><strong>causantur,</strong></span> <span class='ocrx_word' id='word_1_411' title='bbox 3919 586 4046 648; x_wconf 92' lang='lat' dir='ltr'><strong>quo</strong></span> <span class='ocrx_word' id='word_1_412' title='bbox 4097 566 4428 632; x_wconf 86' lang='lat' dir='ltr'><strong>indoctam</strong></span> 
     </span>
     <span class='ocr_line' id='line_1_65' title="bbox 2474 647 4427 737; baseline 0.003 -25"><span class='ocrx_word' id='word_1_413' title='bbox 2474 649 2837 731; x_wconf 90' lang='lat' dir='ltr'><strong>rudemque</strong></span> <span class='ocrx_word' id='word_1_414' title='bbox 2879 647 3305 730; x_wconf 87' lang='lat' dir='ltr'><strong>plebeculam,</strong></span> <span class='ocrx_word' id='word_1_415' title='bbox 3353 648 3494 713; x_wconf 89' lang='lat' dir='ltr'><strong>sine</strong></span> <span class='ocrx_word' id='word_1_416' title='bbox 3539 650 3917 729; x_wconf 85' lang='lat' dir='ltr'><strong>offensione,</strong></span> <span class='ocrx_word' id='word_1_417' title='bbox 3964 650 4046 715; x_wconf 86' lang='lat' dir='ltr'><strong>ad</strong></span> <span class='ocrx_word' id='word_1_418' title='bbox 4091 653 4230 716; x_wconf 87' lang='lat' dir='ltr'><strong>veri</strong></span> <span class='ocrx_word' id='word_1_419' title='bbox 4276 674 4427 737; x_wconf 86' lang='lat' dir='ltr'><strong>cog-</strong></span> 
     </span>
     <span class='ocr_line' id='line_1_66' title="bbox 2475 732 4426 820; baseline 0.003 -22"><span class='ocrx_word' id='word_1_420' title='bbox 2475 734 2794 799; x_wconf 90' lang='lat' dir='ltr'><strong>nitionem</strong></span> <span class='ocrx_word' id='word_1_421' title='bbox 2831 733 3174 799; x_wconf 86' lang='lat' dir='ltr'><strong>adducant.</strong></span> <span class='ocrx_word' id='word_1_422' title='bbox 3242 732 3491 799; x_wconf 83' lang='lat' dir='ltr'><strong>Salutis</strong></span> <span class='ocrx_word' id='word_1_423' title='bbox 3526 734 3851 815; x_wconf 85' lang='lat' dir='ltr'><strong>fiduciam,</strong></span> <span class='ocrx_word' id='word_1_424' title='bbox 3888 758 4053 820; x_wconf 90' lang='lat' dir='ltr'><strong>quae</strong></span> <span class='ocrx_word' id='word_1_425' title='bbox 4089 758 4128 801; x_wconf 86' lang='lat' dir='ltr'><strong>a</strong></span> <span class='ocrx_word' id='word_1_426' title='bbox 4162 736 4426 805; x_wconf 85' lang='lat' dir='ltr'><strong>Christo</strong></span> 
     </span>
     <span class='ocr_line' id='line_1_67' title="bbox 2474 818 4426 905; baseline 0.004 -23"><span class='ocrx_word' id='word_1_427' title='bbox 2474 820 2762 901; x_wconf 87' lang='lat' dir='ltr'><strong>pendere</strong></span> <span class='ocrx_word' id='word_1_428' title='bbox 2807 826 2943 883; x_wconf 86' lang='lat' dir='ltr'><strong>tota</strong></span> <span class='ocrx_word' id='word_1_429' title='bbox 2987 818 3321 898; x_wconf 90' lang='lat' dir='ltr'><strong>debuerat,</strong></span> <span class='ocrx_word' id='word_1_430' title='bbox 3367 819 3497 885; x_wconf 92' lang='lat' dir='ltr'><strong>huc</strong></span> <span class='ocrx_word' id='word_1_431' title='bbox 3541 828 3734 904; x_wconf 89' lang='lat' dir='ltr'><strong>atque</strong></span> <span class='ocrx_word' id='word_1_432' title='bbox 3771 822 3928 888; x_wconf 90' lang='lat' dir='ltr'><strong>illuc</strong></span> <span class='ocrx_word' id='word_1_433' title='bbox 3969 822 4293 905; x_wconf 87' lang='lat' dir='ltr'><strong>tantisper</strong></span> <span class='ocrx_word' id='word_1_434' title='bbox 4327 825 4426 889; x_wconf 89' lang='lat' dir='ltr'><strong>di-</strong></span> 
     </span>
     <span class='ocr_line' id='line_1_68' title="bbox 2474 904 4427 992; baseline 0.003 -23"><span class='ocrx_word' id='word_1_435' title='bbox 2474 906 2708 988; x_wconf 87' lang='lat' dir='ltr'><strong>vagari</strong></span> <span class='ocrx_word' id='word_1_436' title='bbox 2751 926 2885 970; x_wconf 91' lang='lat' dir='ltr'><strong>non</strong></span> <span class='ocrx_word' id='word_1_437' title='bbox 2928 925 3126 988; x_wconf 89' lang='lat' dir='ltr'><strong>aegre</strong></span> <span class='ocrx_word' id='word_1_438' title='bbox 3161 904 3522 987; x_wconf 90' lang='lat' dir='ltr'><strong>patiuntur,</strong></span> <span class='ocrx_word' id='word_1_439' title='bbox 3569 906 3723 971; x_wconf 87' lang='lat' dir='ltr'><strong>dnm</strong></span> <span class='ocrx_word' id='word_1_440' title='bbox 3763 908 4022 974; x_wconf 89' lang='lat' dir='ltr'><strong>eminus</strong></span> <span class='ocrx_word' id='word_1_441' title='bbox 4057 909 4427 992; x_wconf 90' lang='lat' dir='ltr'><strong>raptimque</strong></span> 
     </span>
     <span class='ocr_line' id='line_1_69' title="bbox 2476 989 4424 1076; baseline 0.003 -23"><span class='ocrx_word' id='word_1_442' title='bbox 2476 990 2772 1074; x_wconf 89' lang='lat' dir='ltr'><strong>inspecto</strong></span> <span class='ocrx_word' id='word_1_443' title='bbox 2831 989 3096 1055; x_wconf 79' lang='lat' dir='ltr'><strong>Christo</strong></span> <span class='ocrx_word' id='word_1_444' title='bbox 3152 990 3433 1073; x_wconf 92' lang='lat' dir='ltr'><strong>populus</strong></span> <span class='ocrx_word' id='word_1_445' title='bbox 3488 1000 3625 1056; x_wconf 86' lang='lat' dir='ltr'><strong>toto</strong></span> <span class='ocrx_word' id='word_1_446' title='bbox 3681 1001 3967 1076; x_wconf 89' lang='lat' dir='ltr'><strong>pectore,</strong></span> <span class='ocrx_word' id='word_1_447' title='bbox 4031 994 4086 1058; x_wconf 89' lang='lat' dir='ltr'><strong>si</strong></span> <span class='ocrx_word' id='word_1_448' title='bbox 4139 995 4424 1075; x_wconf 87' lang='lat' dir='ltr'><strong>libuerit,</strong></span> 
     </span>
     <span class='ocr_line' id='line_1_70' title="bbox 2477 1075 4425 1162; baseline 0.003 -23"><span class='ocrx_word' id='word_1_449' title='bbox 2477 1075 2559 1139; x_wconf 93' lang='lat' dir='ltr'><strong>ad</strong></span> <span class='ocrx_word' id='word_1_450' title='bbox 2605 1077 2819 1159; x_wconf 90' lang='lat' dir='ltr'><strong>ipsum</strong></span> <span class='ocrx_word' id='word_1_451' title='bbox 2866 1075 3163 1159; x_wconf 87' lang='lat' dir='ltr'><strong>applicet.</strong></span> <span class='ocrx_word' id='word_1_452' title='bbox 3253 1078 3462 1159; x_wconf 87' lang='lat' dir='ltr'><strong>Atqui</strong></span> <span class='ocrx_word' id='word_1_453' title='bbox 3505 1078 3706 1144; x_wconf 86' lang='lat' dir='ltr'><strong>istaec</strong></span> <span class='ocrx_word' id='word_1_454' title='bbox 3750 1090 3941 1144; x_wconf 86' lang='lat' dir='ltr'><strong>erant</strong></span> <span class='ocrx_word' id='word_1_455' title='bbox 3982 1076 4193 1162; x_wconf 68' lang='lat' dir='ltr'><strong>plima</strong></span> <span class='ocrx_word' id='word_1_456' title='bbox 4237 1102 4425 1146; x_wconf 83' lang='lat' dir='ltr'><strong>exor-</strong></span> 
     </span>
     <span class='ocr_line' id='line_1_71' title="bbox 2477 1160 4422 1247; baseline 0.003 -22"><span class='ocrx_word' id='word_1_457' title='bbox 2477 1160 2604 1239; x_wconf 90' lang='lat' dir='ltr'><strong>dia,</strong></span> <span class='ocrx_word' id='word_1_458' title='bbox 2649 1162 2910 1245; x_wconf 89' lang='lat' dir='ltr'><strong>quibus·</strong></span> <span class='ocrx_word' id='word_1_459' title='bbox 2933 1161 3273 1228; x_wconf 89' lang='lat' dir='ltr'><strong>ecclesiam</strong></span> <span class='ocrx_word' id='word_1_460' title='bbox 3319 1163 3655 1240; x_wconf 89' lang='lat' dir='ltr'><strong>inchoare,</strong></span> <span class='ocrx_word' id='word_1_461' title='bbox 3713 1166 3926 1247; x_wconf 86' lang='lat' dir='ltr'><strong>prima</strong></span> <span class='ocrx_word' id='word_1_462' title='bbox 3979 1164 4422 1245; x_wconf 82' lang='lat' dir='ltr'><strong>fundamenta,</strong></span> 
     </span>
     <span class='ocr_line' id='line_1_72' title="bbox 2480 1247 4428 1331; baseline 0.004 -21"><span class='ocrx_word' id='word_1_463' title='bbox 2480 1252 2628 1327; x_wconf 83' lang='lat' dir='ltr'><strong>[pag.</strong></span> <span class='ocrx_word' id='word_1_464' title='bbox 2669 1252 2777 1326; x_wconf 82' lang='lat'><strong>65]</strong></span> <span class='ocrx_word' id='word_1_465' title='bbox 2834 1268 2999 1330; x_wconf 88' lang='lat' dir='ltr'><strong>quae</strong></span> <span class='ocrx_word' id='word_1_466' title='bbox 3055 1247 3139 1311; x_wconf 89' lang='lat' dir='ltr'><strong>ad</strong></span> <span class='ocrx_word' id='word_1_467' title='bbox 3194 1268 3336 1311; x_wconf 84' lang='lat' dir='ltr'><strong>eam</strong></span> <span class='ocrx_word' id='word_1_468' title='bbox 3367 1249 3415 1331; x_wconf 91' lang='lat'><strong>¹)</strong></span> <span class='ocrx_word' id='word_1_469' title='bbox 3460 1249 4011 1316; x_wconf 85' lang='lat' dir='ltr'><strong>exaedificandam</strong></span> <span class='ocrx_word' id='word_1_470' title='bbox 4054 1252 4270 1316; x_wconf 89' lang='lat' dir='ltr'><strong>iacere</strong></span> <span class='ocrx_word' id='word_1_471' title='bbox 4313 1251 4428 1319; x_wconf 88' lang='lat' dir='ltr'><strong>de-</strong></span> 
     </span>
     <span class='ocr_line' id='line_1_73' title="bbox 2477 1331 4426 1413; baseline 0.003 -16"><span class='ocrx_word' id='word_1_472' title='bbox 2477 1332 2773 1397; x_wconf 89' lang='lat' dir='ltr'><strong>buerant.</strong></span> <span class='ocrx_word' id='word_1_473' title='bbox 2842 1331 3066 1413; x_wconf 77' lang='lat' dir='ltr'><strong>Quare</strong></span> <span class='ocrx_word' id='word_1_474' title='bbox 3102 1333 3263 1398; x_wconf 89' lang='lat' dir='ltr'><strong>haec</strong></span> <span class='ocrx_word' id='word_1_475' title='bbox 3299 1333 3647 1400; x_wconf 86' lang='lat' dir='ltr'><strong>tolerantia</strong></span> <span class='ocrx_word' id='word_1_476' title='bbox 3685 1336 3758 1399; x_wconf 92' lang='lat' dir='ltr'><strong>in</strong></span> <span class='ocrx_word' id='word_1_477' title='bbox 3793 1335 3988 1401; x_wconf 90' lang='lat' dir='ltr'><strong>rebus</strong></span> <span class='ocrx_word' id='word_1_478' title='bbox 4022 1337 4292 1401; x_wconf 87' lang='lat' dir='ltr'><strong>minime</strong></span> <span class='ocrx_word' id='word_1_479' title='bbox 4326 1346 4426 1402; x_wconf 90' lang='lat' dir='ltr'><strong>to-</strong></span> 
     </span>
     <span class='ocr_line' id='line_1_74' title="bbox 2477 1417 4427 1505; baseline 0.004 -24"><span class='ocrx_word' id='word_1_480' title='bbox 2477 1418 2768 1484; x_wconf 87' lang='lat' dir='ltr'><strong>lerandis</strong></span> <span class='ocrx_word' id='word_1_481' title='bbox 2813 1419 2981 1483; x_wconf 89' lang='lat' dir='ltr'><strong>nihil</strong></span> <span class='ocrx_word' id='word_1_482' title='bbox 3027 1417 3238 1483; x_wconf 91' lang='lat' dir='ltr'><strong>simile</strong></span> <span class='ocrx_word' id='word_1_483' title='bbox 3284 1418 3481 1484; x_wconf 88' lang='lat' dir='ltr'><strong>habet</strong></span> <span class='ocrx_word' id='word_1_484' title='bbox 3523 1442 3671 1485; x_wconf 91' lang='lat' dir='ltr'><strong>cum</strong></span> <span class='ocrx_word' id='word_1_485' title='bbox 3715 1422 3887 1488; x_wconf 88' lang='lat' dir='ltr'><strong>lacte</strong></span> <span class='ocrx_word' id='word_1_486' title='bbox 3931 1422 4073 1500; x_wconf 89' lang='lat' dir='ltr'><strong>illo,</strong></span> <span class='ocrx_word' id='word_1_487' title='bbox 4129 1443 4257 1505; x_wconf 89' lang='lat' dir='ltr'><strong>quo</strong></span> <span class='ocrx_word' id='word_1_488' title='bbox 4299 1426 4427 1489; x_wconf 88' lang='lat' dir='ltr'><strong>im-</strong></span> 
     </span>
     <span class='ocr_line' id='line_1_75' title="bbox 2479 1502 4421 1592; baseline 0.003 -24"><span class='ocrx_word' id='word_1_489' title='bbox 2479 1504 2742 1569; x_wconf 91' lang='lat' dir='ltr'><strong>becilles</strong></span> <span class='ocrx_word' id='word_1_490' title='bbox 2797 1502 3011 1569; x_wconf 85' lang='lat' dir='ltr'><strong>adhuc</strong></span> <span class='ocrx_word' id='word_1_491' title='bbox 3056 1503 3435 1570; x_wconf 81' lang='lat' dir='ltr'><strong>Corinthios</strong></span> <span class='ocrx_word' id='word_1_492' title='bbox 3479 1506 3728 1572; x_wconf 92' lang='lat' dir='ltr'><strong>Paulus</strong></span> <span class='ocrx_word' id='word_1_493' title='bbox 3771 1507 4109 1573; x_wconf 89' lang='lat' dir='ltr'><strong>nutriebat</strong></span> <span class='ocrx_word' id='word_1_494' title='bbox 4165 1508 4228 1592; x_wconf 91' lang='lat' dir='ltr'><strong>(l</strong></span> <span class='ocrx_word' id='word_1_495' title='bbox 4273 1508 4421 1575; x_wconf 86' lang='lat' dir='ltr'><strong>Cor.</strong></span> 
     </span>
     <span class='ocr_line' id='line_1_76' title="bbox 2483 1590 4420 1676; baseline 0.005 -25"><span class='ocrx_word' id='word_1_496' title='bbox 2483 1593 2542 1668; x_wconf 87' lang='lat'><strong>3,</strong></span> <span class='ocrx_word' id='word_1_497' title='bbox 2583 1590 2671 1674; x_wconf 88' lang='lat'><strong>2).</strong></span> <span class='ocrx_word' id='word_1_498' title='bbox 2750 1590 2875 1654; x_wconf 93' lang='lat' dir='ltr'><strong>Illo</strong></span> <span class='ocrx_word' id='word_1_499' title='bbox 2920 1590 3124 1667; x_wconf 90' lang='lat' dir='ltr'><strong>enim,</strong></span> <span class='ocrx_word' id='word_1_500' title='bbox 3172 1590 3283 1672; x_wconf 87' lang='lat' dir='ltr'><strong>qui</strong></span> <span class='ocrx_word' id='word_1_501' title='bbox 3329 1600 3483 1656; x_wconf 91' lang='lat' dir='ltr'><strong>sunt</strong></span> <span class='ocrx_word' id='word_1_502' title='bbox 3525 1591 3738 1657; x_wconf 88' lang='lat' dir='ltr'><strong>adhuc</strong></span> <span class='ocrx_word' id='word_1_503' title='bbox 3779 1594 3850 1657; x_wconf 91' lang='lat' dir='ltr'><strong>in</strong></span> <span class='ocrx_word' id='word_1_504' title='bbox 3897 1592 4164 1659; x_wconf 82' lang='lat' dir='ltr'><strong>Christo</strong></span> <span class='ocrx_word' id='word_1_505' title='bbox 4213 1596 4420 1676; x_wconf 89' lang='lat' dir='ltr'><strong>pueri,</strong></span> 
     </span>
     <span class='ocr_line' id='line_1_77' title="bbox 2481 1674 4424 1761; baseline 0.004 -23"><span class='ocrx_word' id='word_1_506' title='bbox 2481 1683 2817 1759; x_wconf 88' lang='lat' dir='ltr'><strong>utcunque</strong></span> <span class='ocrx_word' id='word_1_507' title='bbox 2867 1697 2986 1759; x_wconf 90' lang='lat' dir='ltr'><strong>pro</strong></span> <span class='ocrx_word' id='word_1_508' title='bbox 3043 1695 3165 1739; x_wconf 91' lang='lat' dir='ltr'><strong>suo</strong></span> <span class='ocrx_word' id='word_1_509' title='bbox 3217 1674 3480 1740; x_wconf 91' lang='lat' dir='ltr'><strong>modulo</strong></span> <span class='ocrx_word' id='word_1_510' title='bbox 3532 1677 3613 1741; x_wconf 88' lang='lat' dir='ltr'><strong>ad</strong></span> <span class='ocrx_word' id='word_1_511' title='bbox 3656 1680 3965 1761; x_wconf 86' lang='lat' dir='ltr'><strong>pietatem</strong></span> <span class='ocrx_word' id='word_1_512' title='bbox 4009 1680 4424 1745; x_wconf 89' lang='lat' dir='ltr'><strong>imbuuntur:</strong></span> 
     </span>
     <span class='ocr_line' id='line_1_78' title="bbox 2481 1759 4427 1848; baseline 0.004 -25"><span class='ocrx_word' id='word_1_513' title='bbox 2481 1759 2608 1827; x_wconf 88' lang='lat' dir='ltr'><strong>hac</strong></span> <span class='ocrx_word' id='word_1_514' title='bbox 2653 1762 2960 1827; x_wconf 85' lang='lat' dir='ltr'><strong>universa</strong></span> <span class='ocrx_word' id='word_1_515' title='bbox 3002 1760 3231 1844; x_wconf 84' lang='lat' dir='ltr'><strong>religio</strong></span> <span class='ocrx_word' id='word_1_516' title='bbox 3269 1761 3638 1846; x_wconf 84' lang='lat' dir='ltr'><strong>dissipatur.</strong></span> <span class='ocrx_word' id='word_1_517' title='bbox 3728 1764 3855 1829; x_wconf 87' lang='lat'>1110</span> <span class='ocrx_word' id='word_1_518' title='bbox 3892 1763 4291 1848; x_wconf 87' lang='lat' dir='ltr'><strong>pedetentim</strong></span> <span class='ocrx_word' id='word_1_519' title='bbox 4332 1766 4345 1779; x_wconf 84' lang='lat'>&#39;</span> <span class='ocrx_word' id='word_1_520' title='bbox 4397 1803 4427 1815; x_wconf 91' lang='lat'>—</span> 
     </span>
     <span class='ocr_line' id='line_1_79' title="bbox 2482 1788 4429 1931; baseline 0.003 -21"><span class='ocrx_word' id='word_1_521' title='bbox 2482 1848 2788 1912; x_wconf 87' lang='lat' dir='ltr'><strong>norantia</strong></span> <span class='ocrx_word' id='word_1_522' title='bbox 2831 1847 3120 1925; x_wconf 90' lang='lat' dir='ltr'><strong>diluitur,</strong></span> <span class='ocrx_word' id='word_1_523' title='bbox 3168 1846 3291 1912; x_wconf 90' lang='lat' dir='ltr'><strong>hac</strong></span> <span class='ocrx_word' id='word_1_524' title='bbox 3327 1848 3395 1911; x_wconf 89' lang='lat' dir='ltr'><strong>in</strong></span> <span class='ocrx_word' id='word_1_525' title='bbox 3438 1850 3873 1931; x_wconf 86' lang='lat' dir='ltr'><strong>pervicaciam</strong></span> <span class='ocrx_word' id='word_1_526' title='bbox 3918 1851 4232 1916; x_wconf 90' lang='lat' dir='ltr'><strong>coalescit.</strong></span> <span class='ocrx_word' id='word_1_527' title='bbox 4301 1788 4429 1916; x_wconf 62' lang='lat' dir='ltr'><strong>Illo</strong></span> 
     </span>
     <span class='ocr_line' id='line_1_80' title="bbox 2481 1931 4428 2014; baseline 0.003 -18"><span class='ocrx_word' id='word_1_528' title='bbox 2481 1933 2868 1997; x_wconf 88' lang='lat' dir='ltr'><strong>nutriuntur</strong></span> <span class='ocrx_word' id='word_1_529' title='bbox 2910 1931 2991 1996; x_wconf 88' lang='lat' dir='ltr'><strong>ad</strong></span> <span class='ocrx_word' id='word_1_530' title='bbox 3037 1932 3382 1998; x_wconf 90' lang='lat' dir='ltr'><strong>coelestem</strong></span> <span class='ocrx_word' id='word_1_531' title='bbox 3419 1935 3624 1998; x_wconf 88' lang='lat' dir='ltr'><strong>vitam</strong></span> <span class='ocrx_word' id='word_1_532' title='bbox 3669 1937 3945 2014; x_wconf 84' lang='lat' dir='ltr'><strong>animae,</strong></span> <span class='ocrx_word' id='word_1_533' title='bbox 3991 1936 4116 2001; x_wconf 88' lang='lat' dir='ltr'><strong>hac</strong></span> <span class='ocrx_word' id='word_1_534' title='bbox 4151 1957 4428 2003; x_wconf 89' lang='lat' dir='ltr'><strong>enecan-</strong></span> 
     </span>
     <span class='ocr_line' id='line_1_81' title="bbox 2480 2018 4425 2106; baseline 0.004 -25"><span class='ocrx_word' id='word_1_535' title='bbox 2480 2026 2609 2081; x_wconf 88' lang='lat' dir='ltr'><strong>tur.</strong></span> <span class='ocrx_word' id='word_1_536' title='bbox 2678 2018 2929 2083; x_wconf 89' lang='lat' dir='ltr'><strong>Verum</strong></span> <span class='ocrx_word' id='word_1_537' title='bbox 2976 2020 3198 2100; x_wconf 89' lang='lat' dir='ltr'><strong>inepte</strong></span> <span class='ocrx_word' id='word_1_538' title='bbox 3257 2018 3420 2084; x_wconf 86' lang='lat' dir='ltr'><strong>facio</strong></span> <span class='ocrx_word' id='word_1_539' title='bbox 3435 2071 3449 2097; x_wconf 93' lang='lat'><strong>,</strong></span> <span class='ocrx_word' id='word_1_540' title='bbox 3504 2022 3616 2103; x_wconf 91' lang='lat' dir='ltr'><strong>qui</strong></span> <span class='ocrx_word' id='word_1_541' title='bbox 3667 2022 3734 2085; x_wconf 91' lang='lat' dir='ltr'><strong>in</strong></span> <span class='ocrx_word' id='word_1_542' title='bbox 3790 2044 3863 2087; x_wconf 91' lang='lat' dir='ltr'><strong>re</strong></span> <span class='ocrx_word' id='word_1_543' title='bbox 3917 2020 4425 2106; x_wconf 80' lang='lat' dir='ltr'><strong>expeditissima,</strong></span> 
     </span>
     <span class='ocr_line' id='line_1_82' title="bbox 2480 2102 4425 2188; baseline 0.003 -21"><span class='ocrx_word' id='word_1_544' title='bbox 2480 2111 2548 2167; x_wconf 90' lang='lat' dir='ltr'><strong>et</strong></span> <span class='ocrx_word' id='word_1_545' title='bbox 2581 2125 2746 2186; x_wconf 91' lang='lat' dir='ltr'><strong>quae</strong></span> <span class='ocrx_word' id='word_1_546' title='bbox 2781 2102 2982 2168; x_wconf 91' lang='lat' dir='ltr'><strong>verbo</strong></span> <span class='ocrx_word' id='word_1_547' title='bbox 3016 2123 3152 2167; x_wconf 91' lang='lat' dir='ltr'><strong>uno</strong></span> <span class='ocrx_word' id='word_1_548' title='bbox 3189 2102 3438 2171; x_wconf 89' lang='lat' dir='ltr'><strong>absolvi</strong></span> <span class='ocrx_word' id='word_1_549' title='bbox 3480 2104 3711 2188; x_wconf 87' lang='lat' dir='ltr'><strong>potest,</strong></span> <span class='ocrx_word' id='word_1_550' title='bbox 3758 2106 4003 2173; x_wconf 83' lang='lat' dir='ltr'><strong>diutius</strong></span> <span class='ocrx_word' id='word_1_551' title='bbox 4047 2129 4425 2175; x_wconf 89' lang='lat' dir='ltr'><strong>commoror.</strong></span> 
     </span>
     <span class='ocr_line' id='line_1_83' title="bbox 2481 2186 4429 2277; baseline 0.003 -23"><span class='ocrx_word' id='word_1_552' title='bbox 2481 2186 2823 2271; x_wconf 80' lang='lat' dir='ltr'><strong>Siquidem</strong></span> <span class='ocrx_word' id='word_1_553' title='bbox 2868 2210 3020 2254; x_wconf 92' lang='lat' dir='ltr'><strong>eum</strong></span> <span class='ocrx_word' id='word_1_554' title='bbox 3065 2209 3255 2253; x_wconf 92' lang='lat' dir='ltr'><strong>nemo</strong></span> <span class='ocrx_word' id='word_1_555' title='bbox 3310 2188 3710 2256; x_wconf 82' lang='lat' dir='ltr'><strong>audiendum</strong></span> <span class='ocrx_word' id='word_1_556' title='bbox 3766 2192 4057 2272; x_wconf 88' lang='lat' dir='ltr'><strong>duxerit,</strong></span> <span class='ocrx_word' id='word_1_557' title='bbox 4076 2196 4132 2275; x_wconf 78' lang='lat'><strong>⁴²)</strong></span> <span class='ocrx_word' id='word_1_558' title='bbox 4190 2195 4300 2277; x_wconf 91' lang='lat' dir='ltr'><strong>qui</strong></span> <span class='ocrx_word' id='word_1_559' title='bbox 4343 2194 4429 2259; x_wconf 87' lang='lat' dir='ltr'><strong>ad</strong></span> 
     </span>
     <span class='ocr_line' id='line_1_84' title="bbox 2481 2274 4428 2362; baseline 0.003 -23"><span class='ocrx_word' id='word_1_560' title='bbox 2481 2274 2764 2339; x_wconf 88' lang='lat' dir='ltr'><strong>salutem</strong></span> <span class='ocrx_word' id='word_1_561' title='bbox 2796 2275 2995 2341; x_wconf 91' lang='lat' dir='ltr'><strong>rebus</strong></span> <span class='ocrx_word' id='word_1_562' title='bbox 3036 2275 3349 2340; x_wconf 82' lang='lat' dir='ltr'><strong>extremis</strong></span> <span class='ocrx_word' id='word_1_563' title='bbox 3386 2275 3789 2343; x_wconf 85' lang='lat' dir='ltr'><strong>afferendam</strong></span> <span class='ocrx_word' id='word_1_564' title='bbox 3823 2279 4083 2356; x_wconf 90' lang='lat' dir='ltr'><strong>missus,</strong></span> <span class='ocrx_word' id='word_1_565' title='bbox 4127 2300 4255 2362; x_wconf 92' lang='lat' dir='ltr'><strong>quo</strong></span> <span class='ocrx_word' id='word_1_566' title='bbox 4288 2300 4428 2344; x_wconf 94' lang='lat' dir='ltr'><strong>me-</strong></span> 
     </span>
     <span class='ocr_line' id='line_1_85' title="bbox 2478 2359 4427 2444; baseline 0.005 -22"><span class='ocrx_word' id='word_1_567' title='bbox 2478 2359 2607 2424; x_wconf 88' lang='lat' dir='ltr'><strong>lius</strong></span> <span class='ocrx_word' id='word_1_568' title='bbox 2650 2360 2960 2443; x_wconf 89' lang='lat' dir='ltr'><strong>procedat</strong></span> <span class='ocrx_word' id='word_1_569' title='bbox 3002 2381 3121 2426; x_wconf 90' lang='lat' dir='ltr'><strong>sua</strong></span> <span class='ocrx_word' id='word_1_570' title='bbox 3164 2380 3378 2443; x_wconf 91' lang='lat' dir='ltr'><strong>opera,</strong></span> <span class='ocrx_word' id='word_1_571' title='bbox 3423 2361 3640 2444; x_wconf 88' lang='lat' dir='ltr'><strong>prima</strong></span> <span class='ocrx_word' id='word_1_572' title='bbox 3682 2363 3914 2430; x_wconf 90' lang='lat' dir='ltr'><strong>salutis</strong></span> <span class='ocrx_word' id='word_1_573' title='bbox 3958 2364 4149 2429; x_wconf 90' lang='lat' dir='ltr'><strong>initia</strong></span> <span class='ocrx_word' id='word_1_574' title='bbox 4182 2364 4251 2430; x_wconf 90' lang='lat' dir='ltr'><strong>in</strong></span> <span class='ocrx_word' id='word_1_575' title='bbox 4286 2364 4427 2431; x_wconf 89' lang='lat' dir='ltr'><strong>lon-</strong></span> 
     </span>
     <span class='ocr_line' id='line_1_86' title="bbox 2479 2444 4476 2535; baseline 0.003 -26"><span class='ocrx_word' id='word_1_576' title='bbox 2479 2460 2637 2529; x_wconf 83' lang='lat' dir='ltr'><strong>gum</strong></span> <span class='ocrx_word' id='word_1_577' title='bbox 2679 2454 2942 2529; x_wconf 88' lang='lat' dir='ltr'><strong>tempus</strong></span> <span class='ocrx_word' id='word_1_578' title='bbox 2987 2445 3249 2511; x_wconf 85' lang='lat' dir='ltr'><strong>differre</strong></span> <span class='ocrx_word' id='word_1_579' title='bbox 3281 2467 3352 2511; x_wconf 91' lang='lat' dir='ltr'><strong>se</strong></span> <span class='ocrx_word' id='word_1_580' title='bbox 3388 2444 3592 2513; x_wconf 89' lang='lat' dir='ltr'><strong>dicat:</strong></span> <span class='ocrx_word' id='word_1_581' title='bbox 3636 2450 4023 2531; x_wconf 88' lang='lat' dir='ltr'><strong>praesertim</strong></span> <span class='ocrx_word' id='word_1_582' title='bbox 4057 2449 4171 2514; x_wconf 91' lang='lat' dir='ltr'><strong>ubi</strong></span> <span class='ocrx_word' id='word_1_583' title='bbox 4205 2449 4427 2533; x_wconf 89' lang='lat' dir='ltr'><strong>palam</strong></span> <span class='ocrx_word' id='word_1_584' title='bbox 4467 2522 4476 2535; x_wconf 52' lang='lat'><strong>,</strong></span> 
     </span>
     <span class='ocr_line' id='line_1_87' title="bbox 2477 2531 4427 2618; baseline 0.004 -24"><span class='ocrx_word' id='word_1_585' title='bbox 2477 2532 2586 2609; x_wconf 87' lang='lat' dir='ltr'><strong>fit,</strong></span> <span class='ocrx_word' id='word_1_586' title='bbox 2631 2531 2809 2596; x_wconf 89' lang='lat' dir='ltr'><strong>illius</strong></span> <span class='ocrx_word' id='word_1_587' title='bbox 2851 2553 3037 2599; x_wconf 90' lang='lat' dir='ltr'><strong>mora</strong></span> <span class='ocrx_word' id='word_1_588' title='bbox 3091 2532 3314 2596; x_wconf 87' lang='lat' dir='ltr'><strong>omnia</strong></span> <span class='ocrx_word' id='word_1_589' title='bbox 3353 2553 3615 2614; x_wconf 82' lang='lat' dir='ltr'><strong>pessum</strong></span> <span class='ocrx_word' id='word_1_590' title='bbox 3662 2536 3787 2612; x_wconf 92' lang='lat' dir='ltr'><strong>ire,</strong></span> <span class='ocrx_word' id='word_1_591' title='bbox 3846 2556 3929 2601; x_wconf 91' lang='lat' dir='ltr'><strong>ne</strong></span> <span class='ocrx_word' id='word_1_592' title='bbox 3973 2535 4157 2600; x_wconf 90' lang='lat' dir='ltr'><strong>cuius</strong></span> <span class='ocrx_word' id='word_1_593' title='bbox 4200 2544 4427 2618; x_wconf 90' lang='lat' dir='ltr'><strong>postea</strong></span> 
     </span>
     <span class='ocr_line' id='line_1_88' title="bbox 2478 2618 4427 2701; baseline 0.003 -21"><span class='ocrx_word' id='word_1_594' title='bbox 2478 2636 2601 2700; x_wconf 91' lang='lat' dir='ltr'><strong>ope</strong></span> <span class='ocrx_word' id='word_1_595' title='bbox 2634 2618 2990 2682; x_wconf 87' lang='lat' dir='ltr'><strong>instaurari</strong></span> <span class='ocrx_word' id='word_1_596' title='bbox 3025 2626 3287 2701; x_wconf 91' lang='lat' dir='ltr'><strong>queant.</strong></span> <span class='ocrx_word' id='word_1_597' title='bbox 3357 2618 3582 2697; x_wconf 89' lang='lat' dir='ltr'><strong>Porro,</strong></span> <span class='ocrx_word' id='word_1_598' title='bbox 3622 2618 3705 2684; x_wconf 88' lang='lat' dir='ltr'><strong>ad</strong></span> <span class='ocrx_word' id='word_1_599' title='bbox 3739 2619 4162 2685; x_wconf 87' lang='lat' dir='ltr'><strong>refellendam</strong></span> <span class='ocrx_word' id='word_1_600' title='bbox 4196 2642 4427 2686; x_wconf 90' lang='lat' dir='ltr'><strong>eorum</strong></span> 
     </span>
     <span class='ocr_line' id='line_1_89' title="bbox 2478 2702 4426 2790; baseline 0.003 -24"><span class='ocrx_word' id='word_1_601' title='bbox 2478 2705 3118 2787; x_wconf 85' lang='lat' dir='ltr'><strong>tergiversationem,</strong></span> <span class='ocrx_word' id='word_1_602' title='bbox 3163 2702 3326 2766; x_wconf 90' lang='lat' dir='ltr'><strong>illud</strong></span> <span class='ocrx_word' id='word_1_603' title='bbox 3373 2724 3625 2787; x_wconf 88' lang='lat' dir='ltr'><strong>quoque</strong></span> <span class='ocrx_word' id='word_1_604' title='bbox 3676 2705 3950 2784; x_wconf 88' lang='lat' dir='ltr'><strong>accedit,</strong></span> <span class='ocrx_word' id='word_1_605' title='bbox 3997 2706 4168 2790; x_wconf 90' lang='lat' dir='ltr'><strong>quod</strong></span> <span class='ocrx_word' id='word_1_606' title='bbox 4214 2709 4426 2771; x_wconf 89' lang='lat' dir='ltr'><strong>omni-</strong></span> 
     </span>
     <span class='ocr_line' id='line_1_90' title="bbox 2476 2788 4425 2876; baseline 0.003 -24"><span class='ocrx_word' id='word_1_607' title='bbox 2476 2788 2601 2852; x_wconf 90' lang='lat' dir='ltr'><strong>bus</strong></span> <span class='ocrx_word' id='word_1_608' title='bbox 2637 2810 2838 2871; x_wconf 89' lang='lat' dir='ltr'><strong>prope</strong></span> <span class='ocrx_word' id='word_1_609' title='bbox 2872 2810 3174 2853; x_wconf 89' lang='lat' dir='ltr'><strong>errorum</strong></span> <span class='ocrx_word' id='word_1_610' title='bbox 3207 2789 3501 2872; x_wconf 89' lang='lat' dir='ltr'><strong>pestibus</strong></span> <span class='ocrx_word' id='word_1_611' title='bbox 3534 2790 3769 2873; x_wconf 92' lang='lat' dir='ltr'><strong>quibus</strong></span> <span class='ocrx_word' id='word_1_612' title='bbox 3803 2791 4286 2876; x_wconf 88' lang='lat' dir='ltr'><strong>repurgandam</strong></span> <span class='ocrx_word' id='word_1_613' title='bbox 4322 2814 4425 2857; x_wconf 89' lang='lat' dir='ltr'><strong>ec-</strong></span> 
     </span>
     <span class='ocr_line' id='line_1_91' title="bbox 2478 2873 4427 2958; baseline 0.002 -19"><span class='ocrx_word' id='word_1_614' title='bbox 2478 2873 2744 2939; x_wconf 88' lang='lat' dir='ltr'><strong>clesiam</strong></span> <span class='ocrx_word' id='word_1_615' title='bbox 2782 2883 3227 2957; x_wconf 88' lang='lat' dir='ltr'><strong>susceperunt,</strong></span> <span class='ocrx_word' id='word_1_616' title='bbox 3266 2895 3408 2939; x_wconf 88' lang='lat' dir='ltr'><strong>eam</strong></span> <span class='ocrx_word' id='word_1_617' title='bbox 3445 2875 3761 2942; x_wconf 88' lang='lat' dir='ltr'><strong>inficiunt.</strong></span> <span class='ocrx_word' id='word_1_618' title='bbox 3820 2876 3995 2958; x_wconf 80' lang='lat' dir='ltr'><strong>Quid</strong></span> <span class='ocrx_word' id='word_1_619' title='bbox 4031 2878 4208 2942; x_wconf 88' lang='lat' dir='ltr'><strong>enim</strong></span> <span class='ocrx_word' id='word_1_620' title='bbox 4246 2877 4427 2943; x_wconf 87' lang='lat' dir='ltr'><strong>aliud</strong></span> 
     </span>
     <span class='ocr_line' id='line_1_92' title="bbox 2478 2957 4427 3048; baseline 0.003 -24"><span class='ocrx_word' id='word_1_621' title='bbox 2478 2968 2597 3036; x_wconf 89' lang='lat' dir='ltr'><strong>est,</strong></span> <span class='ocrx_word' id='word_1_622' title='bbox 2639 2980 2759 3044; x_wconf 88' lang='lat' dir='ltr'><strong>pro</strong></span> <span class='ocrx_word' id='word_1_623' title='bbox 2802 2960 3082 3026; x_wconf 85' lang='lat' dir='ltr'><strong>mortuis</strong></span> <span class='ocrx_word' id='word_1_624' title='bbox 3127 2957 3300 3044; x_wconf 89' lang='lat' dir='ltr'><strong>apud</strong></span> <span class='ocrx_word' id='word_1_625' title='bbox 3343 2958 3565 3026; x_wconf 88' lang='lat' dir='ltr'><strong>Deum</strong></span> <span class='ocrx_word' id='word_1_626' title='bbox 3608 2962 4034 3042; x_wconf 88' lang='lat' dir='ltr'><strong>intercedere,</strong></span> <span class='ocrx_word' id='word_1_627' title='bbox 4075 2983 4271 3047; x_wconf 87' lang='lat' dir='ltr'><strong>quam</strong></span> <span class='ocrx_word' id='word_1_628' title='bbox 4314 2985 4427 3048; x_wconf 82' lang='lat' dir='ltr'><strong>pe-</strong></span> 
     </span>
     <span class='ocr_line' id='line_1_93' title="bbox 2476 3046 4428 3131; baseline 0.003 -21"><span class='ocrx_word' id='word_1_629' title='bbox 2476 3046 2729 3111; x_wconf 88' lang='lat' dir='ltr'><strong>stilenti</strong></span> <span class='ocrx_word' id='word_1_630' title='bbox 2764 3046 3128 3130; x_wconf 88' lang='lat' dir='ltr'><strong>purgatorii</strong></span> <span class='ocrx_word' id='word_1_631' title='bbox 3164 3046 3469 3130; x_wconf 86' lang='lat' dir='ltr'><strong>opinione</strong></span> <span class='ocrx_word' id='word_1_632' title='bbox 3503 3049 3847 3131; x_wconf 90' lang='lat' dir='ltr'><strong>inquinare</strong></span> <span class='ocrx_word' id='word_1_633' title='bbox 3881 3049 4223 3115; x_wconf 90' lang='lat' dir='ltr'><strong>hominum</strong></span> <span class='ocrx_word' id='word_1_634' title='bbox 4243 3071 4428 3116; x_wconf 88' lang='lat' dir='ltr'><strong>men-</strong></span> 
     </span>
     <span class='ocr_line' id='line_1_94' title="bbox 2477 3130 4426 3215; baseline 0.003 -19"><span class='ocrx_word' id='word_1_635' title='bbox 2477 3132 2621 3198; x_wconf 83' lang='lat' dir='ltr'><strong>tes?</strong></span> <span class='ocrx_word' id='word_1_636' title='bbox 2691 3131 2888 3213; x_wconf 77' lang='lat' dir='ltr'><strong>Quid,</strong></span> <span class='ocrx_word' id='word_1_637' title='bbox 2927 3130 3150 3198; x_wconf 85' lang='lat' dir='ltr'><strong>audita</strong></span> <span class='ocrx_word' id='word_1_638' title='bbox 3183 3141 3595 3215; x_wconf 88' lang='lat' dir='ltr'><strong>peccatorum</strong></span> <span class='ocrx_word' id='word_1_639' title='bbox 3616 3137 4125 3214; x_wconf 82' lang='lat' dir='ltr'><strong>enumeratione,</strong></span> <span class='ocrx_word' id='word_1_640' title='bbox 4170 3136 4426 3202; x_wconf 91' lang='lat' dir='ltr'><strong>iniunc-</strong></span> 
     </span>
     <span class='ocr_line' id='line_1_95' title="bbox 2477 3217 4426 3305; baseline 0.003 -24"><span class='ocrx_word' id='word_1_641' title='bbox 2477 3226 2674 3300; x_wconf 86' lang='lat' dir='ltr'><strong>taque</strong></span> <span class='ocrx_word' id='word_1_642' title='bbox 2719 3218 3177 3296; x_wconf 87' lang='lat' dir='ltr'><strong>satisfactione,</strong></span> <span class='ocrx_word' id='word_1_643' title='bbox 3224 3217 3555 3292; x_wconf 82' lang='lat' dir='ltr'><strong>absolutos</strong></span> <span class='ocrx_word' id='word_1_644' title='bbox 3599 3218 3960 3286; x_wconf 78' lang='lat' dir='ltr'><strong>dimittere:</strong></span> <span class='ocrx_word' id='word_1_645' title='bbox 4018 3221 4144 3285; x_wconf 92' lang='lat' dir='ltr'><strong>nisi</strong></span> <span class='ocrx_word' id='word_1_646' title='bbox 4190 3221 4426 3305; x_wconf 91' lang='lat' dir='ltr'><strong>quibus</strong></span> 
     </span>
     <span class='ocr_line' id='line_1_96' title="bbox 2477 3302 4425 3389; baseline 0.002 -23"><span class='ocrx_word' id='word_1_647' title='bbox 2477 3302 2758 3367; x_wconf 78' lang='lat' dir='ltr'><strong>involuti</strong></span> <span class='ocrx_word' id='word_1_648' title='bbox 2800 3311 2958 3368; x_wconf 85' lang='lat' dir='ltr'><strong>sunt</strong></span> <span class='ocrx_word' id='word_1_649' title='bbox 3000 3302 3249 3386; x_wconf 88' lang='lat' dir='ltr'><strong>laqueis</strong></span> <span class='ocrx_word' id='word_1_650' title='bbox 3263 3355 3277 3379; x_wconf 93' lang='lat'><strong>,</strong></span> <span class='ocrx_word' id='word_1_651' title='bbox 3339 3304 3571 3370; x_wconf 86' lang='lat' dir='ltr'><strong>fortius</strong></span> <span class='ocrx_word' id='word_1_652' title='bbox 3625 3304 3840 3370; x_wconf 84' lang='lat' dir='ltr'><strong>adhuc</strong></span> <span class='ocrx_word' id='word_1_653' title='bbox 3883 3307 4060 3389; x_wconf 87' lang='lat' dir='ltr'><strong>ipsos</strong></span> <span class='ocrx_word' id='word_1_654' title='bbox 4104 3307 4425 3371; x_wconf 88' lang='lat' dir='ltr'><strong>constrin-</strong></span> 
     </span>
     <span class='ocr_line' id='line_1_97' title="bbox 2479 3387 4425 3471; baseline 0.002 -19"><span class='ocrx_word' id='word_1_655' title='bbox 2479 3388 2677 3471; x_wconf 81' lang='lat' dir='ltr'><strong>gere?</strong></span> <span class='ocrx_word' id='word_1_656' title='bbox 2768 3387 2947 3469; x_wconf 78' lang='lat' dir='ltr'><strong>Quid</strong></span> <span class='ocrx_word' id='word_1_657' title='bbox 2991 3409 3164 3467; x_wconf 89' lang='lat' dir='ltr'><strong>vero,</strong></span> <span class='ocrx_word' id='word_1_658' title='bbox 3212 3401 3288 3453; x_wconf 89' lang='lat' dir='ltr'><strong>ut</strong></span> <span class='ocrx_word' id='word_1_659' title='bbox 3330 3388 3458 3454; x_wconf 89' lang='lat' dir='ltr'><strong>alia</strong></span> <span class='ocrx_word' id='word_1_660' title='bbox 3502 3390 3711 3455; x_wconf 90' lang='lat' dir='ltr'><strong>multa</strong></span> <span class='ocrx_word' id='word_1_661' title='bbox 3753 3391 4148 3469; x_wconf 77' lang='lat' dir='ltr'><strong>omittamuS,</strong></span> <span class='ocrx_word' id='word_1_662' title='bbox 4195 3392 4425 3457; x_wconf 87' lang='lat' dir='ltr'><strong>missa—</strong></span> 
     </span>
     <span class='ocr_line' id='line_1_98' title="bbox 2477 3474 4425 3558; baseline 0.002 -21"><span class='ocrx_word' id='word_1_663' title='bbox 2477 3475 2680 3539; x_wconf 91' lang='lat' dir='ltr'><strong>ticum</strong></span> <span class='ocrx_word' id='word_1_664' title='bbox 2726 3474 3116 3539; x_wconf 85' lang='lat' dir='ltr'><strong>sacrificium</strong></span> <span class='ocrx_word' id='word_1_665' title='bbox 3158 3494 3489 3558; x_wconf 87' lang='lat' dir='ltr'><strong>peragere,</strong></span> <span class='ocrx_word' id='word_1_666' title='bbox 3539 3477 3662 3541; x_wconf 88' lang='lat' dir='ltr'><strong>nisi</strong></span> <span class='ocrx_word' id='word_1_667' title='bbox 3707 3497 3839 3540; x_wconf 90' lang='lat' dir='ltr'><strong>uno</strong></span> <span class='ocrx_word' id='word_1_668' title='bbox 3882 3476 4076 3541; x_wconf 90' lang='lat' dir='ltr'><strong>simul</strong></span> <span class='ocrx_word' id='word_1_669' title='bbox 4121 3476 4320 3541; x_wconf 85' lang='lat' dir='ltr'><strong>exitio</strong></span> <span class='ocrx_word' id='word_1_670' title='bbox 4357 3483 4425 3540; x_wconf 87' lang='lat' dir='ltr'><strong>et</strong></span> 
     </span>
     <span class='ocr_line' id='line_1_99' title="bbox 2476 3558 4423 3729; baseline 0.001 -21"><span class='ocrx_word' id='word_1_671' title='bbox 2476 3558 2792 3710; x_wconf 54' lang='lat'><strong>35:¹3¹?</strong></span> <span class='ocrx_word' id='word_1_672' title='bbox 2803 3558 3176 3728; x_wconf 45' lang='lat' dir='ltr'><strong>5³5&amp;ssss</strong></span> <span class='ocrx_word' id='word_1_673' title='bbox 3179 3559 4423 3729; x_wconf 45' lang='grc' dir='ltr'><strong>ἶξΒᾚᾳὲᾞῖιῗιίῙὲἕέἶῗὲωῗζ·</strong></span> 
     </span>
     <span class='ocr_line' id='line_1_100' title="bbox 2476 3729 4423 3816; baseline 0.002 -21"><span class='ocrx_word' id='word_1_674' title='bbox 2476 3729 2922 3795; x_wconf 87' lang='lat' dir='ltr'><strong>columitatem</strong></span> <span class='ocrx_word' id='word_1_675' title='bbox 2935 3783 2951 3809; x_wconf 93' lang='lat'><strong>,</strong></span> <span class='ocrx_word' id='word_1_676' title='bbox 3021 3732 3239 3815; x_wconf 89' lang='lat' dir='ltr'><strong>ipsum</strong></span> <span class='ocrx_word' id='word_1_677' title='bbox 3294 3739 3449 3795; x_wconf 86' lang='lat' dir='ltr'><strong>ante</strong></span> <span class='ocrx_word' id='word_1_678' title='bbox 3503 3732 3783 3816; x_wconf 79' lang='lat' dir='ltr'><strong>iugulet:</strong></span> <span class='ocrx_word' id='word_1_679' title='bbox 3854 3740 3970 3797; x_wconf 86' lang='lat' dir='ltr'><strong>aut</strong></span> <span class='ocrx_word' id='word_1_680' title='bbox 4022 3731 4076 3795; x_wconf 91' lang='lat' dir='ltr'><strong>si</strong></span> <span class='ocrx_word' id='word_1_681' title='bbox 4128 3730 4423 3798; x_wconf 88' lang='lat' dir='ltr'><strong>medicus</strong></span> 
     </span>
     <span class='ocr_line' id='line_1_101' title="bbox 2476 3815 4421 3900; baseline 0.001 -21"><span class='ocrx_word' id='word_1_682' title='bbox 2476 3815 2884 3880; x_wconf 89' lang='lat' dir='ltr'><strong>stomachum</strong></span> <span class='ocrx_word' id='word_1_683' title='bbox 2909 3816 3156 3883; x_wconf 86' lang='lat' dir='ltr'><strong>salubri</strong></span> <span class='ocrx_word' id='word_1_684' title='bbox 3189 3818 3449 3900; x_wconf 85' lang='lat' dir='ltr'><strong>potione</strong></span> <span class='ocrx_word' id='word_1_685' title='bbox 3481 3819 3858 3895; x_wconf 85' lang='lat' dir='ltr'><strong>refecturus,</strong></span> <span class='ocrx_word' id='word_1_686' title='bbox 3897 3815 4111 3882; x_wconf 91' lang='lat' dir='ltr'><strong>toxico</strong></span> <span class='ocrx_word' id='word_1_687' title='bbox 4131 3815 4421 3900; x_wconf 90' lang='lat' dir='ltr'><strong>primum</strong></span> 
     </span>
     <span class='ocr_line' id='line_1_102' title="bbox 2474 3898 4422 3985; baseline 0.001 -21"><span class='ocrx_word' id='word_1_688' title='bbox 2474 3901 2745 3966; x_wconf 87' lang='lat' dir='ltr'><strong>imbuat.</strong></span> <span class='ocrx_word' id='word_1_689' title='bbox 2836 3898 2896 3966; x_wconf 91' lang='grc' dir='ltr'>Ο</span> <span class='ocrx_word' id='word_1_690' title='bbox 2941 3900 3405 3981; x_wconf 88' lang='lat' dir='ltr'><strong>moderatores,</strong></span> <span class='ocrx_word' id='word_1_691' title='bbox 3450 3903 3686 3985; x_wconf 88' lang='lat' dir='ltr'><strong>quibus</strong></span> <span class='ocrx_word' id='word_1_692' title='bbox 3725 3910 3792 3966; x_wconf 88' lang='lat' dir='ltr'><strong>et</strong></span> <span class='ocrx_word' id='word_1_693' title='bbox 3834 3902 3962 3967; x_wconf 90' lang='lat' dir='ltr'><strong>Dei</strong></span> <span class='ocrx_word' id='word_1_694' title='bbox 4004 3902 4309 3982; x_wconf 87' lang='lat' dir='ltr'><strong>verbum,</strong></span> <span class='ocrx_word' id='word_1_695' title='bbox 4355 3911 4422 3967; x_wconf 88' lang='lat' dir='ltr'><strong>et</strong></span> 
     </span>
     <span class='ocr_line' id='line_1_103' title="bbox 2476 3985 4421 4066; baseline 0.002 -16"><span class='ocrx_word' id='word_1_696' title='bbox 2476 3986 2819 4051; x_wconf 90' lang='lat' dir='ltr'><strong>hominum</strong></span> <span class='ocrx_word' id='word_1_697' title='bbox 2862 3987 3133 4066; x_wconf 88' lang='lat' dir='ltr'><strong>animas,</strong></span> <span class='ocrx_word' id='word_1_698' title='bbox 3178 3988 3320 4053; x_wconf 90' lang='lat' dir='ltr'><strong>sine</strong></span> <span class='ocrx_word' id='word_1_699' title='bbox 3366 3985 3574 4063; x_wconf 79' lang='lat' dir='ltr'><strong>modu,</strong></span> <span class='ocrx_word' id='word_1_700' title='bbox 3622 3988 3763 4053; x_wconf 90' lang='lat' dir='ltr'><strong>sine</strong></span> <span class='ocrx_word' id='word_1_701' title='bbox 3802 3988 4075 4066; x_wconf 88' lang='lat' dir='ltr'><strong>ratione,</strong></span> <span class='ocrx_word' id='word_1_702' title='bbox 4123 3988 4264 4054; x_wconf 90' lang='lat' dir='ltr'><strong>sine</strong></span> <span class='ocrx_word' id='word_1_703' title='bbox 4309 3987 4421 4053; x_wconf 89' lang='lat' dir='ltr'><strong>de-</strong></span> 
     </span>
     <span class='ocr_line' id='line_1_104' title="bbox 2474 4071 4417 4156; baseline 0.002 -21"><span class='ocrx_word' id='word_1_704' title='bbox 2474 4071 2650 4137; x_wconf 81' lang='lat' dir='ltr'><strong>lectu</strong></span> <span class='ocrx_word' id='word_1_705' title='bbox 2693 4073 3170 4152; x_wconf 88' lang='lat' dir='ltr'><strong>contaminare,</strong></span> <span class='ocrx_word' id='word_1_706' title='bbox 3216 4073 3589 4152; x_wconf 88' lang='lat' dir='ltr'><strong>obscurare,</strong></span> <span class='ocrx_word' id='word_1_707' title='bbox 3634 4075 4023 4156; x_wconf 88' lang='lat' dir='ltr'><strong>perturbare</strong></span> <span class='ocrx_word' id='word_1_708' title='bbox 4036 4126 4051 4150; x_wconf 92' lang='lat'><strong>,</strong></span> <span class='ocrx_word' id='word_1_709' title='bbox 4104 4072 4417 4152; x_wconf 90' lang='lat' dir='ltr'><strong>disiicere,</strong></span> 
     </span>
     <span class='ocr_line' id='line_1_105' title="bbox 2476 4159 4420 4242; baseline 0.001 -19"><span class='ocrx_word' id='word_1_710' title='bbox 2476 4159 2895 4242; x_wconf 86' lang='lat' dir='ltr'><strong>exstinguere</strong></span> <span class='ocrx_word' id='word_1_711' title='bbox 2936 4159 3139 4223; x_wconf 88' lang='lat' dir='ltr'><strong>satius</strong></span> <span class='ocrx_word' id='word_1_712' title='bbox 3183 4167 3300 4238; x_wconf 88' lang='lat' dir='ltr'><strong>est,</strong></span> <span class='ocrx_word' id='word_1_713' title='bbox 3346 4179 3543 4241; x_wconf 87' lang='lat' dir='ltr'><strong>quam</strong></span> <span class='ocrx_word' id='word_1_714' title='bbox 3578 4159 3896 4225; x_wconf 86' lang='lat' dir='ltr'><strong>cuticulae</strong></span> <span class='ocrx_word' id='word_1_715' title='bbox 3939 4161 4193 4226; x_wconf 87' lang='lat' dir='ltr'><strong>iactura</strong></span> <span class='ocrx_word' id='word_1_716' title='bbox 4229 4179 4420 4242; x_wconf 86' lang='lat' dir='ltr'><strong>prae-</strong></span> 
     </span>
     <span class='ocr_line' id='line_1_106' title="bbox 2476 4242 4421 4328; baseline -0.001 -18"><span class='ocrx_word' id='word_1_717' title='bbox 2476 4244 2786 4326; x_wconf 88' lang='lat' dir='ltr'><strong>scriptam</strong></span> <span class='ocrx_word' id='word_1_718' title='bbox 2823 4266 2864 4309; x_wconf 89' lang='lat' dir='ltr'><strong>a</strong></span> <span class='ocrx_word' id='word_1_719' title='bbox 2895 4242 3043 4309; x_wconf 90' lang='lat' dir='ltr'><strong>Deo</strong></span> <span class='ocrx_word' id='word_1_720' title='bbox 3080 4245 3557 4327; x_wconf 86' lang='lat' dir='ltr'><strong>simplicitatem</strong></span> <span class='ocrx_word' id='word_1_721' title='bbox 3593 4245 3853 4310; x_wconf 87' lang='lat' dir='ltr'><strong>tenere!</strong></span> <span class='ocrx_word' id='word_1_722' title='bbox 3912 4245 4078 4310; x_wconf 86' lang='lat' dir='ltr'><strong>Eius</strong></span> <span class='ocrx_word' id='word_1_723' title='bbox 4113 4265 4269 4328; x_wconf 87' lang='lat' dir='ltr'><strong>ergo</strong></span> <span class='ocrx_word' id='word_1_724' title='bbox 4302 4264 4421 4326; x_wconf 85' lang='lat' dir='ltr'><strong>po-</strong></span> 
     </span>
     <span class='ocr_line' id='line_1_107' title="bbox 2473 4328 4420 4478; baseline 0.002 -85"><span class='ocrx_word' id='word_1_725' title='bbox 2473 4329 2613 4478; x_wconf 62' lang='lat' dir='ltr'><strong>puli</strong></span> <span class='ocrx_word' id='word_1_726' title='bbox 2664 4337 2743 4395; x_wconf 81' lang='lat' dir='ltr'><strong>ut</strong></span> <span class='ocrx_word' id='word_1_727' title='bbox 2792 4328 2908 4394; x_wconf 84' lang='lat' dir='ltr'><strong>fidi</strong></span> <span class='ocrx_word' id='word_1_728' title='bbox 2961 4330 3276 4414; x_wconf 89' lang='lat' dir='ltr'><strong>probique</strong></span> <span class='ocrx_word' id='word_1_729' title='bbox 3319 4337 3611 4413; x_wconf 88' lang='lat' dir='ltr'><strong>pastores</strong></span> <span class='ocrx_word' id='word_1_730' title='bbox 3665 4338 4075 4410; x_wconf 89' lang='lat' dir='ltr'><strong>censeantur,</strong></span> <span class='ocrx_word' id='word_1_731' title='bbox 4132 4330 4420 4413; x_wconf 83' lang='lat' dir='ltr'><strong>postula-</strong></span> 
     </span>
     <span class='ocr_line' id='line_1_108' title="bbox 2518 4413 4419 4499; baseline 0.002 -21"><span class='ocrx_word' id='word_1_732' title='bbox 2518 4425 2660 4494; x_wconf 90' lang='lat' dir='ltr'><strong>unt,</strong></span> <span class='ocrx_word' id='word_1_733' title='bbox 2703 4436 2895 4499; x_wconf 91' lang='lat' dir='ltr'><strong>quem</strong></span> <span class='ocrx_word' id='word_1_734' title='bbox 2932 4437 3062 4481; x_wconf 90' lang='lat' dir='ltr'><strong>non</strong></span> <span class='ocrx_word' id='word_1_735' title='bbox 3100 4416 3294 4481; x_wconf 93' lang='lat' dir='ltr'><strong>modo</strong></span> <span class='ocrx_word' id='word_1_736' title='bbox 3327 4413 3582 4480; x_wconf 88' lang='lat' dir='ltr'><strong>libidini</strong></span> <span class='ocrx_word' id='word_1_737' title='bbox 3617 4417 4020 4499; x_wconf 88' lang='lat' dir='ltr'><strong>prostituunt</strong></span> <span class='ocrx_word' id='word_1_738' title='bbox 4051 4415 4419 4498; x_wconf 88' lang='lat' dir='ltr'><strong>impiorum,</strong></span> 
     </span>
     <span class='ocr_line' id='line_1_109' title="bbox 2475 4499 4417 4585; baseline 0.001 -20"><span class='ocrx_word' id='word_1_739' title='bbox 2475 4499 2588 4565; x_wconf 91' lang='lat' dir='ltr'><strong>sed</strong></span> <span class='ocrx_word' id='word_1_740' title='bbox 2634 4500 2759 4583; x_wconf 89' lang='lat' dir='ltr'><strong>ipsi</strong></span> <span class='ocrx_word' id='word_1_741' title='bbox 2804 4501 3125 4585; x_wconf 87' lang='lat' dir='ltr'><strong>flagitiose</strong></span> <span class='ocrx_word' id='word_1_742' title='bbox 3169 4500 3757 4567; x_wconf 81' lang='lat' dir='ltr'><strong>circumscribunt?</strong></span> <span class='ocrx_word' id='word_1_743' title='bbox 3848 4501 4212 4568; x_wconf 71' lang='lat' dir='ltr'><strong>conciones</strong></span> <span class='ocrx_word' id='word_1_744' title='bbox 4265 4501 4417 4567; x_wconf 87' lang='lat' dir='ltr'><strong>illas</strong></span> 
     </span>
     <span class='ocr_line' id='line_1_110' title="bbox 2474 4585 4419 4670; baseline 0.001 -21"><span class='ocrx_word' id='word_1_745' title='bbox 2474 4586 2695 4651; x_wconf 91' lang='lat' dir='ltr'><strong>nescio</strong></span> <span class='ocrx_word' id='word_1_746' title='bbox 2739 4588 2981 4670; x_wconf 90' lang='lat' dir='ltr'><strong>quales,</strong></span> <span class='ocrx_word' id='word_1_747' title='bbox 3025 4588 3313 4653; x_wconf 89' lang='lat' dir='ltr'><strong>fastuose</strong></span> <span class='ocrx_word' id='word_1_748' title='bbox 3356 4585 3543 4651; x_wconf 91' lang='lat' dir='ltr'><strong>nobis</strong></span> <span class='ocrx_word' id='word_1_749' title='bbox 3587 4585 3956 4665; x_wconf 90' lang='lat' dir='ltr'><strong>obtrudent,</strong></span> <span class='ocrx_word' id='word_1_750' title='bbox 4004 4587 4088 4652; x_wconf 89' lang='lat' dir='ltr'><strong>ad</strong></span> <span class='ocrx_word' id='word_1_751' title='bbox 4121 4607 4283 4670; x_wconf 86' lang='lat' dir='ltr'><strong>quas</strong></span> <span class='ocrx_word' id='word_1_752' title='bbox 4317 4594 4419 4651; x_wconf 89' lang='lat' dir='ltr'><strong>ta-</strong></span> 
     </span>
     <span class='ocr_line' id='line_1_111' title="bbox 2470 4669 4417 4757; baseline 0.002 -24"><span class='ocrx_word' id='word_1_753' title='bbox 2470 4669 2648 4737; x_wconf 89' lang='lat' dir='ltr'><strong>libus</strong></span> <span class='ocrx_word' id='word_1_754' title='bbox 2701 4673 3046 4755; x_wconf 91' lang='lat' dir='ltr'><strong>prooemiis</strong></span> <span class='ocrx_word' id='word_1_755' title='bbox 3098 4672 3426 4737; x_wconf 82' lang='lat' dir='ltr'><strong>auditores</strong></span> <span class='ocrx_word' id='word_1_756' title='bbox 3482 4680 3887 4755; x_wconf 90' lang='lat' dir='ltr'><strong>comparant:</strong></span> <span class='ocrx_word' id='word_1_757' title='bbox 3962 4692 4123 4757; x_wconf 93' lang='lat' dir='ltr'><strong>quas</strong></span> <span class='ocrx_word' id='word_1_758' title='bbox 4177 4671 4417 4737; x_wconf 87' lang='lat' dir='ltr'><strong>talibus</strong></span> 
     </span>
     <span class='ocr_line' id='line_1_112' title="bbox 2474 4754 4414 4841; baseline 0 -21"><span class='ocrx_word' id='word_1_759' title='bbox 2474 4754 2739 4821; x_wconf 90' lang='lat' dir='ltr'><strong>demum</strong></span> <span class='ocrx_word' id='word_1_760' title='bbox 2773 4756 3206 4840; x_wconf 84' lang='lat' dir='ltr'><strong>catastrophis</strong></span> <span class='ocrx_word' id='word_1_761' title='bbox 3239 4756 3557 4823; x_wconf 90' lang='lat' dir='ltr'><strong>claudunt</strong></span> <span class='ocrx_word' id='word_1_762' title='bbox 3591 4765 3786 4841; x_wconf 88' lang='lat' dir='ltr'><strong>atque</strong></span> <span class='ocrx_word' id='word_1_763' title='bbox 3819 4756 4224 4823; x_wconf 78' lang='lat' dir='ltr'><strong>terminant?</strong></span> <span class='ocrx_word' id='word_1_764' title='bbox 4269 4756 4414 4821; x_wconf 93' lang='lat' dir='ltr'><strong>Imo</strong></span> 
     </span>
     <span class='ocr_line' id='line_1_113' title="bbox 2472 4842 4415 4924; baseline 0 -17"><span class='ocrx_word' id='word_1_765' title='bbox 2472 4862 2602 4924; x_wconf 89' lang='lat' dir='ltr'><strong>qua</strong></span> <span class='ocrx_word' id='word_1_766' title='bbox 2653 4843 2868 4908; x_wconf 86' lang='lat' dir='ltr'><strong>fronte</strong></span> <span class='ocrx_word' id='word_1_767' title='bbox 2912 4843 3184 4910; x_wconf 82' lang='lat' dir='ltr'><strong>verbum</strong></span> <span class='ocrx_word' id='word_1_768' title='bbox 3242 4845 3373 4907; x_wconf 88' lang='lat' dir='ltr'><strong>iam</strong></span> <span class='ocrx_word' id='word_1_769' title='bbox 3426 4843 3495 4907; x_wconf 90' lang='lat' dir='ltr'><strong>in</strong></span> <span class='ocrx_word' id='word_1_770' title='bbox 3550 4844 3653 4907; x_wconf 90' lang='lat' dir='ltr'><strong>sui</strong></span> <span class='ocrx_word' id='word_1_771' title='bbox 3710 4843 4147 4910; x_wconf 85' lang='lat' dir='ltr'><strong>defensionem</strong></span> <span class='ocrx_word' id='word_1_772' title='bbox 4203 4842 4415 4908; x_wconf 70' lang='lat' dir='ltr'><strong>facere</strong></span> 
     </span>
    </p>
   </div>
   <div class='ocr_carea' id='block_1_16' title="bbox 2474 5018 2762 5025">
    <p class='ocr_par' dir='ltr' id='par_1_16' title="bbox 2474 5018 2762 5025">
     <span class='ocr_line' id='line_1_114' title="bbox 2474 5018 2762 5025; baseline 0 950"><span class='ocrx_word' id='word_1_773' title='bbox 2474 5018 2762 5025; x_wconf 95' lang='lat' dir='ltr'><strong> </strong></span> 
     </span>
    </p>
   </div>
   <div class='ocr_carea' id='block_1_17' title="bbox 2609 5126 4417 5203">
    <p class='ocr_par' dir='ltr' id='par_1_17' title="bbox 2609 5126 4417 5203">
     <span class='ocr_line' id='line_1_115' title="bbox 2609 5126 4417 5203; baseline -0.002 -18"><span class='ocrx_word' id='word_1_774' title='bbox 2609 5133 2666 5196; x_wconf 85' lang='lat'><strong>1)</strong></span> <span class='ocrx_word' id='word_1_775' title='bbox 2704 5149 2822 5187; x_wconf 84' lang='lat' dir='ltr'><strong>eam</strong></span> <span class='ocrx_word' id='word_1_776' title='bbox 2876 5133 3129 5189; x_wconf 68' lang='lat' dir='ltr'><strong>omitumt</strong></span> <span class='ocrx_word' id='word_1_777' title='bbox 3163 5149 3341 5190; x_wconf 67' lang='lat' dir='ltr'><strong>omnes</strong></span> <span class='ocrx_word' id='word_1_778' title='bbox 3373 5141 3594 5203; x_wconf 77' lang='lat' dir='ltr'><strong>praeter</strong></span> <span class='ocrx_word' id='word_1_779' title='bbox 3620 5134 3942 5201; x_wconf 72' lang='lat' dir='ltr'><strong>principem.</strong></span> <span class='ocrx_word' id='word_1_780' title='bbox 4182 5131 4245 5198; x_wconf 78' lang='lat'><strong>2)</strong></span> <span class='ocrx_word' id='word_1_781' title='bbox 4281 5126 4417 5182; x_wconf 71' lang='lat'><strong>1576</strong></span> 
     </span>
    </p>
   </div>
   <div class='ocr_carea' id='block_1_18' title="bbox 2471 5200 3926 5273">
    <p class='ocr_par' dir='ltr' id='par_1_18' title="bbox 2471 5200 3926 5273">
     <span class='ocr_line' id='line_1_116' title="bbox 2471 5200 3926 5273; baseline -0.003 -17"><span class='ocrx_word' id='word_1_782' title='bbox 2471 5218 2640 5272; x_wconf 52' lang='lat' dir='ltr'><strong>sema</strong></span> <span class='ocrx_word' id='word_1_783' title='bbox 2675 5201 2884 5256; x_wconf 80' lang='lat' dir='ltr'><strong>dixerit.</strong></span> <span class='ocrx_word' id='word_1_784' title='bbox 2960 5200 3181 5256; x_wconf 74' lang='lat' dir='ltr'><strong>Gallus:</strong></span> <span class='ocrx_word' id='word_1_785' title='bbox 3218 5204 3306 5273; x_wconf 84' lang='lat' dir='ltr'><strong>qui</strong></span> <span class='ocrx_word' id='word_1_786' title='bbox 3341 5219 3410 5257; x_wconf 86' lang='lat' dir='ltr'><strong>ne</strong></span> <span class='ocrx_word' id='word_1_787' title='bbox 3446 5209 3636 5257; x_wconf 84' lang='lat' dir='ltr'><strong>trouve</strong></span> <span class='ocrx_word' id='word_1_788' title='bbox 3673 5201 3926 5255; x_wconf 81' lang='lat' dir='ltr'><strong>mauvais.</strong></span> 
     </span>
    </p>
   </div>
   <div class='ocr_carea' id='block_1_19' title="bbox 4889 4509 4919 5800">
    <p class='ocr_par' dir='ltr' id='par_1_19' title="bbox 4889 4509 4919 5800">
     <span class='ocr_line' id='line_1_117' title="bbox 4889 4509 4919 5800; baseline 0 0"><span class='ocrx_word' id='word_1_789' title='bbox 4889 4509 4919 5800; x_wconf 95' lang='lat' dir='ltr'><strong> </strong></span> 
     </span>
    </p>
   </div>
  </div>
 </body>
</html>
