4984 5975
370 285 468 348 141

364 476 573 536 cantur
620 475 1059 551 tyrannorum
1103 467 1476 546 saevitiam,
1533 488 1697 550 quae
1751 475 1849 532 tot
1900 466 2175 551 populos
2229 476 2296 532 et

361 563 447 620 tot
464 564 673 620 terras
707 554 968 638 premit,
1000 575 1200 636 quum
1236 551 1306 620 id
1328 573 1571 637 magna
1603 575 1720 637 spe
1752 553 2165 636 impunitatis
2198 554 2294 618 fa-

361 661 487 708 cere
514 638 814 722 possint?
875 639 1230 705 Memmius
1263 637 1441 721 apud
1477 635 1874 705 Salustium:
1912 637 2108 705 Servi
2143 658 2293 705 aere

360 726 548 809 parati
606 725 852 791 iniusta
906 724 1186 807 imperia
1244 722 1656 790 dominorum
1722 747 1855 791 non
1920 725 2290 807 perferunt:

363 832 481 891 vos,
522 809 843 891 Quirites,
895 811 969 875 in
1010 812 1287 893 imperio
1328 811 1490 890 nati,
1527 811 1911 878 servitutem
1956 809 2290 876 toleratis?

391 984 434 1049 h
516 897 641 963 Sed
682 902 848 978 puta
901 902 1097 963 tutem
1150 894 1309 982 esse]
1365 896 1718 964 Concessio
1775 919 1891 963 seu
1947 896 2292 978 permissio

361 1007 392 1048 r
434 984 685 1049 etorica.

527 1068 884 1151 Voluptate-s·
924 1070 1102 1149 ipsae
1145 1066 1466 1155 timfflitur]
1524 1068 1709 1134 Haec
1753 1069 1976 1134 omnia
2028 1068 2293 1132 tametsi

358 1159 417 1222 in
468 1167 787 1240 tyrannos
840 1155 1272 1233 conveniunt,
1338 1165 1417 1219 ut
1477 1155 1549 1220 in
1605 1174 1717 1220 eos
1773 1154 1887 1237 qui
1939 1151 2292 1237 tyrannide

355 1251 742 1323 premuntur,
788 1240 972 1306 locus
1014 1246 1236 1305 tamen
1275 1241 1560 1322 postulat
1604 1248 1677 1305 ut
1720 1237 1801 1305 de
1844 1240 1926 1305 iis
1961 1239 2291 1323 intelliga-

353 1348 481 1394 mus
529 1325 672 1402 dici,
719 1326 833 1409 qui
876 1324 999 1391 sub
1043 1336 1326 1410 tyranno
1354 1327 1632 1392 ¹vivunt:
1680 1324 1854 1410 quod
1890 1347 1975 1390 ex
2010 1344 2290 1408 sequen-

354 1410 511 1478 tibus
555 1412 743 1479 facile
784 1411 1196 1494 perspicitur.

506 1497 655 1564 Non
709 1499 989 1563 convivia
1042 1517 1264 1563 secura
1316 1499 1531 1563 ineunt
1546 1548 1561 1576 ,
1627 1497 1696 1561 in
1752 1497 1981 1579 quibus
2036 1492 2287 1583 linqua]

350 1581 527 1662 Nam,
573 1591 646 1648 ut
688 1584 784 1650 ait
823 1583 1056 1648 Horat.
1102 1582 1177 1648 in
1217 1585 1412 1649 Arte:

544 1695 718 1765 Reges
754 1695 1011 1750 dicuntur
1043 1695 1222 1750 multis
1258 1710 1449 1764 urgere
1488 1694 1720 1762 culullis,

541 1763 625 1887 {tn
648 1773 1307 1900 tsqzqffigitrizeffikgusem
1344 1764 1690 1832 perspexisse
1727 1764 1982 1818 laborant

353 1926 585 1993 Notum
629 1934 728 1993 est
771 1934 838 1992 et
880 1925 1046 1991 illud
1081 1925 1313 1992 Plinii:
1360 1925 1498 1991 Alii
1538 1927 1877 1991 mortifera
1916 1927 2288 2010 loquuntur,

354 2011 794 2096 mditurasque
835 2032 956 2094 per
997 2013 1293 2096 iugulum
1338 2033 1536 2078 voces
1580 2033 1715 2076 non
1758 2014 2114 2078 continent.

510 2098 661 2164 Non
703 2098 1054 2182 1ςχκκῑιῦαικιῖα
1098 2119 1175 2164 etc
1217 2096 1476 2184 quibus]
1520 2097 1705 2162 Bene
1742 2095 1911 2162 dixit
1944 2099 2289 2164 materiam

354 2185 633 2251 criminis
676 2204 753 2250 ac
792 2181 1070 2266 periculi
1123 2184 1259 2266 peti
1312 2205 1396 2249 ex
1451 2184 1859 2266 spectaculis.
1928 2184 2067 2249 Vix
2111 2185 2289 2250 enim

353 2268 759 2336 abstinebant
801 2270 1182 2348 histriones,
1244 2269 1401 2354 quin
1458 2269 1635 2335 locos
1680 2270 1977 2354 insignes
2023 2292 2107 2335 ex
2150 2279 2288 2336 tra-

350 2355 586 2441 goediis
628 2361 745 2421 aut
788 2355 1118 2421 attellanis
1162 2362 1546 2439 torquerent
1578 2355 1648 2419 in
1685 2355 1892 2421 malos
1933 2356 2285 2438 principes,

349 2440 401 2508 si
436 2443 501 2506 in
553 2462 766 2507 mores
810 2463 1033 2507 eorum
1078 2442 1311 2506 cadere
1344 2440 1747 2506 viderentur.
1840 2440 2027 2523 Quae
2070 2443 2124 2507 si
2170 2464 2285 2507 ex-

350 2527 713 2610 ciperentur
753 2547 1072 2593 consensu
1115 2538 1183 2592 et
1225 2526 1547 2610 applausu
1597 2526 1822 2609 populi
1835 2578 1851 2606 ,
1911 2536 1979 2593 et
2032 2536 2286 2594 actores

352 2619 409 2677 et
443 2620 843 2696 spectatores
886 2613 1310 2696 rapiebantur
1346 2612 1429 2678 ad
1464 2632 1761 2695 poenam.
1828 2614 2053 2680 Pauca
2088 2635 2287 2696 quae-

352 2697 487 2764 dam
536 2698 820 2781 exempli
862 2703 1010 2778 [pag.
1057 2703 1202 2778 135]
1249 2717 1447 2764 cansa
1489 2697 1925 2766 subiiciemus.
2015 2700 2286 2766 Tiberio

350 2782 724 2868 imperante,
772 2806 971 2868 quum
1020 2784 1089 2849 in
1134 2785 1508 2851 attellanico
1553 2784 1785 2849 exodio
1830 2786 2055 2852 hircus
2099 2795 2287 2852 vetu-

349 2869 440 2936 lus
501 2872 754 2953 capreis
815 2881 1121 2937 naturam
1178 2870 1509 2955 liguriret,
1564 2874 1747 2936 visus
1801 2863 1904 2938 est
1955 2871 2283 2956 designari

348 2953 640 3041 liguritor
684 2959 1003 3024 Tiberius.
1092 2958 1186 3022 Et
1238 2965 1575 3039 spectante
1626 2958 2025 3042 imperatore
2068 2958 2286 3024 Maxi·
2334 2951 2340 3021 Ι

349 3044 540 3123 mino,
599 3046 710 3128 qui
767 3066 836 3110 se
889 3046 971 3111 ob
1017 3045 1390 3110 vastitatem
1444 3051 1512 3109 et
1563 3044 1762 3111 robur
1816 3046 2108 3127 corporis
2162 3045 2286 3109 im-

347 3131 679 3196 mortalem
723 3130 1045 3210 credebat,
1092 3131 1511 3212 pronunciati
1555 3137 1711 3196 sunt
1752 3152 1985 3197 versus
2001 3132 2093 3215 ιβ)

438 3232 511 3287 Et
545 3234 635 3302 qui
670 3234 741 3287 ab
774 3250 882 3287 uno
920 3249 1027 3287 non
1065 3240 1248 3300 potest
1284 3232 1471 3301 occidi,
1509 3249 1544 3287 a
1578 3234 1759 3289 multis
1797 3234 2075 3289 occiditur.

440 3301 682 3370 Elephas
718 3302 938 3371 grandis
973 3309 1076 3369 est,
1112 3308 1168 3355 et
1205 3299 1479 3356 occiditur.

439 3368 551 3425 Leo
588 3370 747 3425 fortis
785 3378 885 3437 est,
923 3379 978 3424 et
1015 3369 1291 3432 occiditur.

440 3438 613 3509 Tigris
650 3438 810 3494 fortis
845 3446 947 3507 est,
984 3447 1041 3492 et
1075 3437 1350 3493 occiditur.

440 3507 579 3563 Cave
617 3508 834 3575 multos,
872 3509 919 3562 si
956 3507 1195 3576 singulos
1231 3523 1339 3561 non
1375 3507 1548 3563 times.

346 3590 511 3660 Hinc
554 3594 799 3659 factum
845 3601 948 3656 est
984 3599 1060 3656 ut
1100 3593 1426 3675 principes
1483 3594 1659 3659 mala
1704 3594 2104 3659 conscientia
2182 3614 2286 3659 er-

344 3678 519 3758 culsi,
563 3677 882 3762 quaedam
928 3676 1013 3742 ad
1056 3698 1126 3742 se
1170 3679 1592 3761 pertinentia,
1639 3680 1826 3763 quasi
1870 3679 1951 3746 de
1996 3702 2065 3745 se
2109 3615 2285 3753 d¹icta

340 3772 572 3841 essent,
617 3784 827 3848 prava
869 3764 1237 3847 suspicione
1281 3763 1709 3831 vindicarent.

504 3853 939 3934 Apparentur,
973 3851 1196 3932 inquit,
1228 3848 1392 3937 licet]
1430 3850 1617 3918 Haec
1650 3853 1723 3916 in
1756 3872 2037 3936 persona
2066 3852 2284 3917 cuius-

338 3933 493 4000 libet
525 3937 704 4015 civis,
740 3936 850 4018 qui
888 3934 1096 4001 satius
1131 3934 1327 4001 ducat
1360 3938 1627 4002 omnino
1662 3936 1991 4003 abstinere
2025 3958 2066 4001 a
2100 3959 2284 4021 spec·

340 4021 601 4102 taculis,
647 4043 840 4104 quam
888 4021 1060 4086 tanti
1098 4020 1425 4103 redimere
1483 4021 1749 4088 brevem
1802 4023 2152 4112 laetitiam,
2208 4032 2288 4089 ut

340 4103 416 4172 de
453 4107 610 4174 ludo
654 4109 723 4171 in
769 4127 1096 4174 carcerem
1139 4106 1460 4172 trahatur.

338 4278 529 4346 tione.

510 4365 651 4431 Illa
682 4364 949 4430 rationis
983 4362 1289 4464 expertia]
1336 4364 1490 4429 Alia
1525 4366 1944 4450 exaggeratio
1978 4386 2098 4448 per
2132 4386 2286 4431 con-

336 4452 710 4517 tentionem.
798 4449 986 4515 Haec
1028 4450 1207 4515 enim
1248 4457 1426 4516 inter
1467 4471 1539 4516 se
1582 4457 2088 4534 componuntur,
2142 4449 2286 4516 ani-

332 4537 537 4602 malia
568 4537 838 4603 rationis
874 4538 1187 4619 expertia,
1222 4535 1421 4601 homo
1452 4537 1724 4602 rationis
1754 4536 2099 4620 particeps.
2159 4536 2287 4601 Illa

332 4621 768 4689 immanitatis
811 4622 1087 4688 crimine
1129 4620 1467 4701 damnata,
1523 4622 1720 4689 homo
1762 4624 1903 4706 ipse
1989 4623 2057 4687 ui
2101 4621 2285 4687 dam-

328 4720 474 4777 nat:
524 4709 638 4775 illa
677 4707 1005 4775 abstinere
1048 4707 1151 4773 sui
1194 4709 1456 4792 generis
1494 4708 1910 4788 animalibus,
2001 4708 2284 4773 ominem

332 4815 468 4860 non
517 4794 728 4861 solum
772 4792 1153 4859 hominibus
1196 4816 1329 4860 non
1372 4814 1671 4878 parcere,
1727 4793 1841 4860 sed
1885 4816 1967 4859 ne
2012 4812 2286 4859 consan-

330 4881 595 4965 guineis
636 4880 916 4966 quidem.
1006 4880 1089 4944 In
1147 4879 1423 4946 eandem
1468 4880 1863 4946 sententiam
1906 4879 2164 4946 Plinius
2206 4878 2287 4942 li-

472 5134 538 5199 ι)
584 5138 781 5195 Graeca·
799 5139 1017 5205 scama,
1230 5154 1279 5188 m
1316 5138 1459 5191 hanc
1493 5138 1727 5192 minam
1766 5108 2085 5192 senteutiam
2120 5136 2290 5203 refert

329 5202 533 5261 hum
570 5206 912 5275 capeat-«n
948 5210 1006 5259 in
1112 5207 1374 5260 eximino.

1644 278 1938 345 LIBER
1980 279 2034 343 Ι.
2126 276 2430 346 CAPUT
2472 275 2701 344 XXV.
2767 277 3030 346 XXVI.

513 4196 687 4275 Quae
739 4193 877 4259 alia
930 4193 1060 4257 vita
1113 4190 1293 4279 esset]
1350 4193 1799 4279 Exaggeratio
1855 4215 1895 4259 a
1947 4215 2285 4278 compara-

4232 285 4350 356 142

2396 463 2516 530 bro
2538 464 2729 532 VIL:
2790 466 3098 551 Denique
3155 445 3413 535 caetera
3465 467 3777 534 animalia
3827 469 3901 532 in
3955 489 4072 536 suc
4113 490 4356 553 genere

2397 550 2598 635 probe
2643 551 2918 636 degunt:
2978 555 3361 638 congregari
3403 554 3728 632 videmus,
3787 562 3855 619 et
3910 563 4085 620 stare
4127 563 4358 624 contra

2445 637 2459 650 '
2539 636 2552 649 ’
2632 638 2646 651 ’
2680 639 2694 653 ’
2827 638 3126 705 Leonum
3160 641 3388 705 feritas
3417 639 3593 706 inter
3615 661 3685 706 se
3720 661 3852 705 non
3886 638 4171 719 dimicat,
4217 663 4354 707 ser-

2396 723 2695 876 gentium
2729 745 2990 789 morsus
3032 746 3167 791 non
3210 727 3376 833 petit
3419 733 3790 809 serpentes:
3836 746 3922 791 ne
3966 727 4169 792 maris
4212 728 4354 811 qui-

2443 829 2549 874 em
2591 807 2824 876 beluae
2870 832 2946 876 ac
2989 812 3226 893 pisces,
3285 812 3416 878 nisi
3469 812 3542 876 in
3599 811 3861 879 diversa
3958 833 4157 878 enera
4210 834 4353 878 sae-

2397 892 2606 960 viunt.
2696 896 2792 959 At
2832 894 3099 962 hercule
3144 897 3396 963 homini
3441 920 3524 963 ex
3568 897 3834 962 homine
3878 919 3920 981 p
3947 898 4163 964 urima
4196 906 4352 966 sunt

2396 979 2588 1045 mala.
2679 979 3134 1061 Quintilianus
3198 984 3270 1047 in
3326 984 3527 1049 Pasto
3591 983 3938 1049 cadavere:
4007 982 4156 1049 Hoc
4220 1006 4354 1050 non

2395 1086 2623 1131 omnes
2665 1066 2843 1132 ferae
2878 1068 3152 1133 faciunt:
3201 1077 3268 1133 et
3300 1070 3601 1151 quamvis
3637 1091 3834 1135 sensu
3868 1077 4135 1134 careant
4167 1078 4356 1136 muta

2397 1151 2728 1232 animalia,
2773 1153 3082 1237 pleraque
3123 1161 3346 1219 tamen
3380 1156 3838 1221 innocentibus
3875 1153 4035 1221 cibis
4069 1176 4352 1237 pascun-

2395 1245 2507 1301 tur
2561 1237 2692 1320 (uti
2745 1259 2997 1322 quoque
3056 1249 3461 1307 consuerunt
3514 1241 3689 1306 inter
3742 1240 4096 1323 homines):
4153 1242 4352 1307 etiam

2395 1323 2452 1387 si
2497 1343 2630 1405 qua
2672 1323 2905 1400 alienis
2962 1325 3275 1392 membris
3328 1327 3719 1410 imprimunt
3774 1324 4068 1403 dentem,
4123 1337 4353 1392 mutuo

2395 1417 2618 1474 tamen
2659 1410 2914 1475 laniatu
2957 1412 3315 1477 abstinent:
3377 1434 3498 1478 nec
3553 1421 3657 1477 est
3710 1412 3845 1477 ulla
3898 1432 4098 1495 supra
4139 1420 4352 1478 terras

2395 1492 2558 1559 adeo
2600 1495 2859 1562 rabiosa
2900 1496 3125 1572 belua,
3184 1500 3286 1563 cui
3348 1519 3482 1563 non
3544 1499 3761 1582 imago
3807 1518 3929 1563 sua
3973 1506 4200 1563 sancta
4246 1499 4347 1563 sit.

2396 1579 2725 1647 Iuvenalis
2766 1579 3014 1666 Satyra
3057 1582 3243 1648 XV.:
3573 1607 3582 1614 ·

2567 1682 2674 1737 Sed
2709 1684 2814 1737 iam
2852 1692 3163 1752 serpentum
3199 1687 3370 1740 maior
3406 1686 3713 1752 concordia,
3750 1687 3928 1754 parcit

2568 1752 2824 1819 cognatis
2860 1754 3082 1809 maculis
3120 1755 3305 1809 similis
3339 1755 3473 1809 fera.
3547 1755 3774 1819 Quando
3811 1754 3956 1808 leoni

2567 1820 2789 1876 Fortior
2823 1824 3021 1890 eripuit
3057 1822 3219 1878 vitam
3255 1823 3385 1878 leo?
3421 1840 3526 1893 quo
3566 1840 3787 1878 nemore
3824 1839 4056 1893 unquam

2566 1889 2878 1960 Exspiravit
2913 1907 3047 1959 aper
3082 1892 3301 1947 maioris
3337 1892 3587 1947 dentibus
3624 1892 3781 1960 apri?

2565 1958 2752 2012 Indica
2788 1959 2940 2028 tigris
2976 1959 3089 2028 agit
3122 1961 3314 2029 rapida
3351 1976 3470 2015 cum
3506 1961 3697 2030 tigride
3737 1971 3954 2029 pacem3

2568 2027 2897 2095 Perpetuam
2934 2028 3111 2083 saevis
3145 2030 3287 2082 inter
3321 2045 3380 2084 se
3418 2031 3671 2083 convenit
3706 2030 3860 2084 ursis.

2392 2111 2715 2177 Horatius
2757 2114 2826 2177 in
2873 2111 3148 2196 Epodis:

2701 2214 2825 2269 Non
2860 2216 2948 2269 hic
2984 2216 3128 2285 lupis
3162 2232 3298 2286 mos,
3335 2232 3434 2271 nec
3470 2216 3574 2270 fuit
3609 2216 3893 2284 rapacibus

2803 2283 3047 2353 Unquam
3083 2287 3185 2338 nisi
3221 2287 3273 2338 in
3312 2285 3498 2353 dispar
3538 2286 3686 2339 feris.
3735 2344 3742 2351 ,

2391 2368 2846 2452 Augustinus,
2894 2391 3150 2453 quoque
3192 2371 3360 2437 libro
3406 2370 3567 2435 XII.
3609 2371 3697 2434 de
3739 2369 4059 2435 civitate:
4118 2370 4347 2452 Neque

2391 2454 2570 2519 enim
2614 2475 2910 2537 unquam
2952 2455 3131 2521 inter
3173 2478 3244 2522 se
3299 2456 3550 2528 leones,
3608 2465 3724 2520 aut
3778 2456 3954 2520 inter
3995 2477 4066 2520 se
4120 2455 4347 2521 draco-

2390 2561 2529 2620 nes,
2571 2539 2794 2623 qualia
2833 2541 3011 2606 inter
3053 2562 3124 2606 se
3169 2542 3487 2620 homines,
3532 2541 3704 2607 bella
3747 2548 4110 2625 gesserunt.

2564 2642 2899 2709 Abstimnt
2937 2641 3106 2731 suis]
3153 2643 3361 2709 Varia
3416 2652 3517 2710 est
3571 2644 3770 2709 huius
3816 2642 3998 2709 verbi
4043 2644 4345 2728 syntaxis

2389 2729 2459 2794 in'
2503 2728 2629 2796 hac
2672 2729 3170 2814 significatione.
3261 2730 3495 2795 Livius
3538 2729 3707 2795 libro
3750 2730 3837 2794 1.:
3893 2727 4169 2794 Duobus
4212 2730 4345 2793 Ae-

2390 2835 2517 2880 nea
2541 2817 3010 2898 Antenoreque
3045 2836 3238 2881 omne
3273 2816 3376 2881 ius
3411 2815 3566 2881 belli
3603 2815 3893 2882 Achivos
3929 2813 4341 2881 abstinuisse.

2390 2901 2708 2966 Horatius
2754 2899 3142 2966 Oarminum
3184 2902 3348 2967 IH.:

3087 3019 3092 3025 ’
3213 3006 3518 3073 Abstinet0‚

2631 3074 2796 3142 Dixit,
2833 3073 3031 3128 irarum
3069 3074 3381 3143 calidaeque
3420 3072 3566 3142 [pag.
3603 3072 3728 3142 136]
3763 3072 3933 3151 rixae.

2391 3159 2627 3225 Livius
2669 3159 2836 3225 libro
2878 3159 3108 3225 XXL:
3151 3161 3245 3225 Et
3288 3158 3602 3225 Annibali
3647 3158 4139 3237 denunciarent,
4185 3165 4263 3222 ut
4305 3179 4345 3224 a

2334 3220 2340 3285 ¹
2390 3243 2781 3329 Saguntinis
2821 3245 3043 3328 populi
3087 3246 3339 3310 romani
3385 3246 3574 3311 sociis
3618 3245 3992 3310 abstineret.
4073 3243 4158 3308 In
4201 3245 4344 3326 qui-

2388 3331 2513 3395 hus
2537 3331 2836 3414 ‘singulis
2882 3331 3201 3413 exemplis
3244 3331 3546 3416 syntaxis
3592 3332 3821 3394 variat.
3913 3330 4066 3411 Qua
4120 3340 4343 3394 autem

2389 3417 2601 3481 forma
2645 3415 2750 3481 hic
2796 3414 3049 3481 Seneca
3091 3416 3262 3482 dixit
3304 3417 3635 3482 abstinere
3679 3417 3845 3495 suis,
3893 3417 4130 3480 Livius
4174 3414 4345 3478 dixit

2390 3509 2786 3585 temperare:
2833 3502 3144 3584 Templis,
3188 3504 3422 3586 inquit,
3469 3509 3729 3567 tantum
3764 3500 3957 3566 deum
4003 3501 4129 3585 (ita
4164 3500 4341 3564 enim

2388 3587 2468 3652 ab
2515 3609 2671 3672 rege
2704 3586 2991 3653 edictum
3037 3589 3281 3673 fuerat)
3326 3594 3765 3671 temperatum
3810 3593 3927 3651 est.

2559 3690 2992 3757 Immanitatis
3030 3693 3290 3756 crimine
3331 3688 3660 3775 damata]
3709 3688 3921 3753 Plena
3963 3694 4064 3752 est
4107 3685 4341 3769 loquu-

2387 3777 2500 3855 tio,
2545 3778 2716 3843 sicut
2756 3776 2931 3860 apud
2977 3774 3292 3842 Ovidium
3334 3777 3690 3841 Fastorum
3730 3773 3881 3838 VL:

2615 3879 2782 3947 Vixit,
2815 3888 2879 3935 ut
2914 3880 3187 3935 occideret
3220 3880 3505 3935 damnatus
3542 3877 3757 3931 crimine
3795 3876 3961 3944 regni.

2388 3967 2480 4033 Et
2536 3964 2767 4033 Cicero
2809 3965 3100 4039 Verrina
3143 3965 3329 4030 VIL:
3387 3963 3668 4028 Nomine
3720 3959 3986 4026 sceleris
4039 3960 4341 4025 coniura-

2389 4050 2718 4135 tionisque
2762 4049 3075 4130 damnati,
3122 4050 3205 4116 ad
3248 4050 3473 4134 palum
3514 4046 3785 4130 alligati,
3828 4045 3912 4112 ad
3948 4045 4342 4129 supplicium

2388 4137 2634 4204 traditi.
2726 4136 2951 4218 Quum
2992 4136 3492 4202 enim.dicimus
3535 4132 3768 4210 iudice,
3813 4131 4071 4211 damno,
4115 4152 4339 4215 arguo,

2389 4244 2621 4291 accuso
2660 4232 2729 4288 te
2770 4223 3015 4301 caedis,
3061 4220 3450 4288 subauditur
3491 4219 3765 4285 crimine
3806 4218 3916 4284 vel
3961 4238 4187 4295 causa,
4233 4217 4339 4282 vel

2390 4308 2634 4394 aliquid
2669 4309 2899 4375 simile.
2959 4306 3156 4389 Quod
3188 4305 3273 4372 ad
3302 4305 3737 4371 imitationem
3774 4303 4180 4369 Graecorum
4216 4302 4340 4366 dici

2389 4405 2582 4462 autor
2624 4403 2727 4461 est
2765 4392 3041 4461 Servius
3084 4400 3430 4460 comment.
3464 4390 3590 4455 XI.
3613 4388 3973 4455 Aeneidos:
4019 4388 4127 4452 Illi
4162 4389 4340 4453 enim

2431 4503 2593 4547 uum
2649 4480 2881 4547 dicunt
2933 4481 3241 4566 κατηγορῶ·
3297 4501 3365 4541 σε
3418 4476 3600 4560 φόνον
3614 4524 3634 4556 ,
3694 4474 4101 4541 subaudiunt
4153 4472 4336 4538 ἕνεκα.

2390 4504 2586 4648 {Quod
2631 4586 2785 4633 vero
2842 4565 3011 4631 dixit
3064 4566 3298 4631 Cicero
3342 4561 3631 4645 Philipp.
3678 4560 3768 4626 11.
3787 4612 3804 4639 ,
3861 4561 4082 4626 minus
4134 4559 4341 4624 usita-

2389 4663 2534 4718 tum
2569 4661 2687 4718 est.
2753 4651 3105 4729 Licinium,
3151 4650 3380 4733 inquit,
3426 4647 3844 4714 Lenticulam
3888 4645 3971 4712 de
4006 4646 4152 4711 alea
4185 4666 4340 4711 con-

2391 4737 2771 4804 demnatum
2816 4738 3205 4805 collusorem
3258 4756 3452 4801 suum
3511 4734 3820 4799 restituit.
3909 4731 4116 4814 Quasi
4163 4729 4340 4795 dicas

2390 4822 2814 4891 condemnari
2857 4822 2940 4887 de
2983 4822 3276 4913 crimine.

2564 4926 2650 4992 In
2689 4946 2886 5008 aequo
2926 4921 3132 5010 habet]
3178 4925 3410 5007 Aeque
3452 4923 3804 5000 existimat,
3849 4919 4054 4987 nihilo
4099 4938 4169 4985 se
4216 4917 4337 4983 hu·

2390 5014 2659 5166 112mess
2698 5032 2940 5163 5:1¹3.OE
2941 5010 3666 5163 „iffiassooemiffloefflriffa
3705 5012 4337 5175 ἓξὲὲοὲῗᾞ

2390 5187 2559 5251 stius
2593 5186 2664 5251 in
2699 5182 3013 5249 Catilina:
3051 5181 3286 5265 Neque
3315 5182 3618 5264 cuiquam
3652 5176 4028 5245 mortalium
4063 5175 4338 5241 iniuriae
