4984 5975
370 272 507 348 -333

382 472 654 556 reliquis
689 473 1010 551 omnibus,
1047 474 1159 557 qui
1195 472 1422 539 eodem
1443 471 1575 540 Dei
1595 472 1884 551 consilio,
1921 482 2074 539 ante
2106 471 2339 537 mundi

382 558 916 625 constitutionem
929 610 945 636 ,
999 558 1334 643 reprobati
1387 568 1545 625 sunt
1558 609 1574 638 ,
1630 558 1996 626 clarissima
2039 558 2340 625 veritatis

382 642 782 728 praedicatio
827 644 996 710 nihil
1038 666 1235 729 quam
1275 644 1435 710 odor
1477 646 1707 712 mortis
1760 646 1832 710 in
1873 650 2154 710 mortem
2197 664 2341 709 6886

468 739 617 796 1681.
696 732 903 796 Ρο110
958 752 1076 797 cur
1130 730 1275 796 illos
1334 730 1778 798 misericordia
1810 752 1953 796 -sua
2005 729 2339 797 Dominus

434 817 722 901 'gnetur,
778 817 847 882 in
905 816 1029 882 hos
1083 816 1308 882 iudicii
1377 818 1480 882 sui
1539 817 1960 884 severitatem
2014 822 2336 901 exerceat,

386 903 706 967 rationem
750 924 953 985 penes
988 902 1200 968 illum
1239 923 1380 968 esse
1424 901 1718 968 sinamus
1734 954 1749 982 ,
1796 923 1992 985 quam
2038 922 2157 966 nos
2200 922 2338 966 om-

388 1010 536 1067 nes,
590 1010 712 1054 nec
762 989 908 1053 sine
961 989 1206 1072 optima
1258 990 1540 1067 ratione,
1610 988 1855 1055 celatos
1910 1008 2053 1053 esse
2110 986 2336 1052 voluit.

384 1073 453 1139 N
452 1096 536 1139 on
580 1076 758 1138 enim
789 1073 897 1138 vel
942 1083 1196 1139 tantam
1229 1075 1444 1140 lucem
1479 1073 1731 1158 ingenii
1769 1074 1980 1138 nostri
2014 1071 2341 1138 hebetudo

382 1161 575 1238 ferre,
618 1160 730 1226 vel
772 1166 1026 1225 tantam
1069 1161 1428 1244 sapientiae
1480 1159 2006 1244 magnitudinem
2049 1158 2340 1224 tenuitas

380 1265 617 1328 capere
652 1245 886 1311 valeat.
943 1247 1043 1310 Ac
1082 1246 1349 1311 omnino
1385 1246 1753 1329 quicunque
1787 1267 1857 1311 86
1891 1245 2002 1310 1116
2039 1244 2339 1309 attollere

378 1331 811 1408 contendent,
868 1354 992 1397 nec
1044 1332 1347 1398 cohibere
1402 1333 1643 1397 mentis
1697 1351 1855 1396 suae
1898 1331 2338 1398 temeritatem

379 1417 827 1494 sustinebunt,
864 1439 1106 1484 verum
1149 1438 1291 1483 6886
1333 1418 1757 1500 experientur
1800 1416 1973 1500 quod
2015 1418 2107 1481 ait
2150 1414 2338 1483 Solo-

376 1525 564 1569 mon:
624 1500 1073 1569 Scrutatorem
1129 1504 1490 1569 maiestatis
1545 1523 1931 1586 oppressum
1983 1502 2064 1567 iri
2112 1524 2151 1567 a
2195 1501 2337 1586 glo-

378 1591 477 1655 ria
514 1589 744 1674 (Prov.
776 1593 879 1667 25,
908 1592 996 1672 2).
1027 1591 1077 1673 ¹)
1140 1590 1429 1655 Tantum
1469 1587 1537 1654 id
1570 1588 1911 1655 nobiscum
1946 1596 2335 1666 statuamus,

376 1675 561 1740 illam
608 1675 881 1740 Domini
927 1675 1498 1758 dispensationem,
1543 1675 1808 1740 tametsi
1851 1674 2105 1740 occulta
2149 1672 2337 1739 nobis

377 1772 510 1841 est,
567 1762 813 1826 iustam
866 1760 1300 1826 nihilominus
1354 1769 1423 1826 et
1476 1770 1767 1826 sanctam
1825 1782 1988 1825 esse.
2064 1759 2235 1824 Nam
2281 1759 2339 1825 si

376 1848 770 1914 universum
810 1847 1152 1912 hominum
1194 1868 1405 1930 genus
1439 1846 1760 1929 perderet,
1805 1844 1873 1910 id
1913 1846 2156 1911 faceret
2193 1846 2338 1910 iure

379 1954 516 1999 suo.
586 1932 671 1998 In
725 1933 807 1998 iis
850 1952 1016 2015 quos
1059 1954 1099 1997 a
1150 1931 1514 2016 perditione
1553 1936 1701 2012 [pag.
1746 1934 1849 2011 17]
1895 1938 2185 2010 revocat,
2243 1930 2339 1995 nil

378 2020 509 2085 nisi
539 2039 871 2083 summam
906 2018 1046 2083 eius
1084 2019 1442 2084 bonitatem
1467 2017 1897 2100 contemplari
1914 2017 2086 2082 licet.
2144 2016 2337 2081 Elec-

376 2114 477 2171 tos
500 2126 662 2187 ergo
684 2124 844 2170 vasa
864 2125 1009 2170 esse
1039 2104 1520 2173 misericordiae
1540 2104 1764 2187 ipsius,
1804 2102 2075 2180 ut'sunt,
2102 2122 2336 2186 agnos-

376 2210 634 2258 camus:
681 2191 1009 2273 reprobos,
1046 2212 1207 2256 vasa
1246 2191 1399 2268 irae,
1446 2189 1562 2255 sed
1596 2211 1732 2254 non
1766 2189 1895 2254 11181
1932 2190 2161 2253 1118186.
2228 2187 2334 2254 Ab

374 2275 675 2359 utrisque
706 2285 1173 2361 argumentum
1206 2296 1283 2342 86
1317 2276 1658 2341 materiam
1691 2274 2163 2358 praedicandae
2198 2275 2338 2339 eius

374 2362 626 2448 gloriae
681 2382 1035 2428 sumamus.
1111 2362 1339 2444 Neque
1416 2382 1684 2427 rursum
1702 2411 1716 2439 ,
1780 2360 1954 2444 quod
2006 2360 2334 2444 plerisque

376 2469 503 2514 usu
532 2447 766 2513 venire
810 2448 994 2527 solet,
1033 2447 1116 2511 ad
1153 2446 1609 2514 stabiliendam
1633 2446 1862 2512 salutis
1897 2455 2161 2512 nostrae
2195 2464 2335 2511 cer-

376 2532 759 2611 titudinem,
815 2554 1206 2616 quaeramus
1254 2534 1326 2598 in
1390 2534 1608 2618 ipsum
1664 2531 1917 2598 coelum
1971 2538 2333 2614 penetrare,

372 2634 441 2685 et
484 2617 647 2703 quid
701 2618 782 2682 ab
837 2630 1100 2684 aeterno
1154 2618 1236 2683 (16
1291 2620 1478 2685 1101118
1522 2619 1707 2685 Ι)6118
1765 2618 2131 2684 decreverit
2182 2638 2333 2700 per-

370 2706 659 2772 contari?
719 2725 884 2788 quae
932 2705 1236 2788 cogitatio
1284 2705 1449 2770 nihil
1485 2726 1685 2788 quam
1718 2706 1961 2769 misera
2002 2704 2334 2769 anxietate

372 2814 447 2858 ac
488 2791 980 2874 perturbatione
1024 2812 1266 2856 vexare
1313 2811 1435 2858 nos
1478 2797 1709 2873 potest.
1779 2788 1915 2856 Sed
1956 2790 2333 2855 testimonio

373 2877 675 2942 contenti
719 2878 945 2955 simus,
992 2897 1120 2960 quo
1163 2877 1326 2941 satis
1362 2897 1684 2960 superque
1720 2875 1905 2942 nobis
1944 2876 2157 2959 ipsam
2190 2873 2331 2940 Do-

371 2965 596 3030 minus
654 2962 1087 3029 confirmavit.
1167 2962 1342 3028 Nam
1389 2976 1466 3029 ut
1518 2964 1586 3027 in
1633 2961 1898 3028 Christo
1943 2962 2132 3028 electi
2175 2969 2334 3028 sunt

373 3071 639 3127 omnes,
705 3051 1075 3132 quicunque
1153 3057 1307 3114 ante
1369 3049 1542 3115 iacta
1606 3047 1836 3114 mundi
1903 3047 2332 3114 fundamenta

369 3134 818 3219 praeordinati
884 3134 965 3200 ad
1026 3136 1235 3200 vitam
1288 3136 1560 3200 fuerunt
1618 3134 1820 3219 (Eph.
1866 3138 1920 3210 1,
1959 3135 2059 3215 4);
2120 3135 2214 3199 118
2275 3135 2331 3199 18

370 3232 491 3300 681,
540 3222 612 3286 111
639 3242 764 3303 0110
798 3220 1132 3287 electionis
1169 3229 1431 3286 nostrae
1457 3220 1699 3304 pignus
1735 3220 1925 3285 nobis
1960 3220 2327 3296 exhibetur.

372 3305 721 3391 Siquidem
795 3307 1013 3391 ipsum
1090 3306 1219 3373 fide
1294 3306 1656 3391 excipimus
1722 3314 1792 3371 et
1854 3304 2329 3388 amplectimur.

371 3391 554 3475 Quid
614 3393 791 3456 enim
853 3394 923 3457 in
990 3391 1306 3459 electione
1369 3393 1743 3476 quaerimus
1760 3443 1778 3470 ,
1844 3392 1972 3456 nisi
2028 3400 2103 3455 ut
2154 3392 2332 3458 vitae

368 3489 685 3544 aeternae
734 3478 940 3544 simus
990 3477 1381 3562 participes?
1464 3478 1669 3561 Atqui
1733 3497 1883 3543 eam
1933 3478 2003 3541 in
2063 3475 2329 3543 Christo

365 3565 777 3642 obtinemus,
834 3564 947 3647 qui
1003 3574 1070 3629 et
1118 3565 1257 3630 vita
1300 3571 1444 3629 erat
1486 3565 1568 3630 ab
1612 3563 1800 3628 initio
1846 3562 2099 3644 (Ioann.
2146 3568 2200 3642 1,
2237 3564 2329 3646 4),

365 3663 432 3716 et
476 3649 672 3716 nobis
714 3651 785 3714 in
821 3650 1029 3716 vitam
1061 3651 1470 3734 praepositus
1505 3657 1624 3729 est,
1669 3656 1746 3714 ut
1780 3669 2008 3715 01111168
2041 3649 2152 3732 0111
2188 3670 2329 3715 cre-

365 3736 542 3802 dunt
578 3737 651 3800 in
685 3757 854 3813 eum,
893 3758 1029 3801 non
1061 3744 1349 3820 pereant,
1387 3735 1847 3801 sed'fruantur
1882 3735 2027 3800 vita
2058 3743 2331 3801 aeterna

364 3822 632 3905 (Ioann.
675 3826 732 3901 3,
778 3820 903 3906 16).
982 3820 1176 3903 Quod
1230 3822 1288 3887 si
1332 3820 1675 3888 Christum
1717 3820 1848 3886 fide
1899 3820 2327 3903 possidentes,

364 3909 580 3973 vitam
626 3907 827 3973 simul
869 3907 942 3972 in
977 3929 1053 3973 60
1093 3907 1521 3990 possidemus,
1566 3907 1743 3973 ultra
1777 3906 1859 3972 de
1895 3913 2163 3972 aeterno
2197 3907 2327 3972 Dei

360 3992 641 4060 consilio
686 3992 1037 4077 quidquam
1079 3994 1451 4077 percontari
1468 4044 1484 4072 ,
1526 4000 1752 4059 nostra
1792 3993 2063 4058 minime
2107 3993 2324 4058 refert.

362 4078 682 4146 Christus
721 4079 896 4144 enim
937 4101 1070 4145 non
1111 4079 1450 4163 speculum
1491 4085 1592 4145 est
1633 4076 1982 4156 duntaxat,
2024 4099 2154 4162 quo
2196 4078 2323 4144 Dei

358 4165 679 4232 voluntas
724 4164 910 4230 nobis
953 4172 1514 4250 repraesentatur:
1572 4162 1688 4230 sed
1729 4165 1992 4249 pignus,
2038 4186 2165 4248 quo
2211 4186 2323 4229 ve-

358 4251 487 4317 luti
531 4249 930 4335 obsignatur.

803 4455 1033 4538 QUID
1081 4455 1229 4523 SIT
1273 4456 1533 4522 VERA
1574 4453 1876 4520 FIDES.

538 4593 743 4660 Fides
775 4603 997 4659 autem
1046 4594 1407 4659 christiana
1461 4613 1591 4657 non
1639 4592 1815 4658 nuda
1857 4600 1973 4658 aut
2007 4591 2137 4657 Dei
2171 4613 2321 4677 cog-

358 4680 532 4747 nitio
546 4732 562 4757 ,
610 4690 724 4745 aut
767 4680 1130 4763 scripturae
1171 4678 1608 4764 intelligentia
1651 4677 1947 4762 putanda
1989 4684 2108 4756 est,
2154 4700 2322 4762 quae

356 4768 435 4832 in
481 4765 751 4866 cerebro
794 4764 1087 4832 volutata
1128 4787 1239 4848 601
1279 4765 1551 4830 minime
1586 4765 1855 4865 afficiat:
1901 4763 2112 4848 qualis
2157 4764 2323 4830 solet

354 4872 787 5004 19333131ῖῖ.
800 4850 1837 5003 fflffrssfflanmmz-Fussssirffffih
1843 4853 2317 5002 θὲἳΐέἓέιῑὲζ

354 5106 409 5114 —
438 5105 467 5114 ι·-
536 5105 733 5112 -——--.—-

505 5213 563 5276 1)
605 5211 689 5280 Cr.
728 5209 911 5267 Iusta.
944 5228 1002 5280 p.
1040 5209 1153 5263 141.

2045 282 2724 353 CATEOHISMUS.

4264 293 4391 355 334

2444 472 2659 539 cordis
2716 471 2989 554 fiducia,
3046 495 3175 557 qua
3227 475 3299 539 in
3343 473 3469 541 Dei
3516 475 3988 555 misericordia,
4032 476 4394 559 116161811-

2444 558 2694 642 gelium
2764 560 2952 626 nobis
3003 563 3357 643 promissa,
3413 582 3639 627 secure
3702 561 4190 645 acquiescimus.
4281 561 4397 629 Sic

2426 645 2624 708 'enim
2668 665 2708 709 a
2750 646 3202 727 promissionis
3239 645 3603 714 substantia
3636 647 3923 732 petenda
3961 654 4062 712 est
4095 649 4252 714 fidei
4286 647 4397 715 de-

2443 729 2683 795 finitio:
2737 751 2904 812 quae
2957 732 3051 798 sic
3107 753 3184 798 eo
3249 733 3675 799 fundamento
3715 734 3975 814 nititur,
4021 742 4096 799 ut
4138 734 4397 801 sublato

2443 815 2589 898 ipso
2624 817 2928 899 protinus
2963 827 3246 897 corruat,
3303 819 3411 884 vel
3448 821 3664 903 potius
3689 828 4054 886 evanescat.
4111 819 4398 886 Proinde

2445 901 2605 966 dum
2637 901 3148 969 misericordiam
3176 905 3364 970 nobis
3399 925 3586 971 suam
3611 927 3728 989 per
3764 904 4210 990 evangelicam
4243 927 4397 991 pro-

2442 987 2826 1052 missionem
2871 987 3082 1054 defert
3124 992 3479 1069 Dominus,
3526 993 3582 1057 si
3637 993 4048 1074 promittenti
4101 1001 4276 1057 certo
4322 1012 4398 1058 ac

2444 1073 2611 1138 citra
2667 1073 3170 1140 haesitationem
3239 1076 3627 1143 confidimus
3645 1129 3660 1157 ,
3730 1077 3859 1143 fide
3914 1078 4189 1143 verbum
4255 1078 4397 1144 eius

2443 1159 2935 1309 {fipmhendem
3001 1161 3295 1227 dicimur.
3399 1163 3629 1245 Neque
3695 1163 3778 1228 ab
3833 1164 3954 1229 hac
4019 1163 4397 1228 definitione

2513 1244 2660 1308 ’ena
2712 1254 2813 1310 est
2866 1245 2978 1310 illa
3030 1248 3307 1329 apostoli
3324 1299 3340 1328 ,
3407 1248 3516 1312 ubi
3561 1249 3749 1315 docet
3791 1269 3934 1314 esse
3984 1271 4205 1314 rerum
4248 1270 4397 1332 spe-

2440 1329 2802 1395 randarum
2846 1332 3353 1415 subsistentiam,
3400 1335 3847 1417 probationem
3894 1355 4027 1400 non
4072 1355 4394 1419 apparen-
4437 1398 4445 1415 ,

2442 1416 2612 1480 1111111
2669 1415 2897 1498 (Η6111.
2944 1421 3039 1495 11,
3087 1419 3168 1503 1).
3266 1419 3589 1504 Intelligit
3641 1422 3817 1486 enim
3887 1428 4135 1486 certam
4187 1441 4395 1503 quan-

2444 1500 2594 1565 dam
2651 1523 2726 1566 ac
2783 1525 3080 1568 securam
3126 1507 3599 1589 possessionem
3645 1527 3901 1586 eorum,
3962 1528 4126 1589 quae
4168 1528 4208 1572 a
4250 1507 4394 1573 Deo

2440 1588 2761 1686 promissa
2817 1602 2999 1668 811111,
3056 1598 3122 1654 61
3176 1590 3574 1657 evidentiam
3633 1614 3852 1657 rerum
3900 1613 4032 1657 non
4075 1614 4395 1676 apparen-

2442 1684 2638 1737 tium:
2694 1695 2930 1757 nempe
2994 1677 3167 1741 vitae
3212 1685 3516 1742 aeternae
3536 1729 3552 1756 ,
3612 1679 3796 1744 cuius
3840 1679 4395 1760 exspectationem

2444 1758 2680 1825 fiducia
2753 1758 3016 1826 divinae
3089 1761 3428 1842 bonitatis,
3519 1786 3637 1847 per
3716 1763 4130 1849 evangelium
4206 1765 4395 1830 nobis

2440 1844 2716 1925 oblatae,
2760 1848 3175 1929 concipimus.
3261 1848 3482 1930 Quum
3529 1858 3747 1914 autem
3800 1870 4027 1916 omnes
4067 1848 4196 1914 Dei
4239 1869 4396 1932 pro-

2440 1931 2786 1996 missiones
2848 1933 2920 1995 in
2990 1933 3257 2000 Christo
3322 1938 3794 2001 confirmentur
3862 1937 3928 2020 (2
3972 1935 4119 2001 Cor.
4166 1941 4218 2014 l,
4266 1935 4392 2019 17),

2441 2024 2510 2081 61
2552 2016 3030 2099 quodammodo
3087 2029 3506 2107 praestentur
3551 2043 3627 2086 ac
3677 2022 4091 2106 impleantur,
4138 2028 4396 2087 constat

2439 2102 2666 2186 procul
2691 2102 2907 2184 dubio,
2935 2103 3282 2170 Christum
3315 2108 3534 2190 ipsum
3570 2117 3956 2191 perpetuum
3994 2107 4148 2172 fidei
4182 2107 4394 2173 obiee-

2439 2196 2584 2252 tum
2628 2207 2789 2267 esse,
2837 2189 2910 2254 in
2934 2212 3061 2273 quo
3106 2193 3452 2258 universas
3477 2192 3744 2258 divinae
3780 2192 4261 2259 misericordiae
4296 2191 4394 2256 di-

2441 2273 2633 2339 vitias
2676 2276 3166 2359 contempletur.

2985 2480 3266 2548 FIDES
3312 2480 3651 2551 BONUM
3694 2483 3878 2549 DEI.

2612 2615 2690 2681 Si
2747 2626 2921 2681 recte
2978 2620 3318 2684 nobiscum
3381 2627 3790 2702 reputamus,
3835 2628 3902 2684 et
3945 2628 4264 2702 quantum
4308 2620 4392 2686 ad

2439 2701 2743 2767 coelestia
2799 2703 2928 2768 Dei
2996 2706 3310 2790 mysteria
3377 2728 3562 2771 mens
3630 2716 3854 2772 nostra
3919 2707 4264 2785 caecutiat,
4326 2716 4392 2771 61

2438 2796 2684 2871 01181118
2727 2787 3091 2854 diffidentia
3134 2812 3244 2856 cor
3299 2802 3599 2856 nostrum
3657 2793 3730 2856 in
3774 2790 4078 2856 omnibus
4120 2791 4388 2871 laboret,

2437 2872 2610 2938 nihil
2667 2873 3146 2956 dubitabimus,
3201 2878 3360 2959 quin
3415 2877 3577 2942 fides
3622 2878 3756 2943 vim
3810 2898 4071 2943 omnem
4115 2884 4392 2943 naturae

2436 2968 2699 3025 nostrae
2753 2959 2947 3046 longe
3001 2971 3299 3047 superet,
3358 2972 3424 3027 et
3465 2963 3594 3028 Dei
3647 2961 3893 3029 donum
3946 2964 4031 3028 811
4073 2963 4391 3029 eximium

2435 3066 2512 3112 ac
2556 3046 2903 3131 singulare.
2970 3048 3141 3113 Nam
3190 3050 3246 3114 si
3291 3048 3619 3114 humanae
3662 3050 4050 3129 voluntatis,
4095 3059 4172 3114 ut
4213 3050 4390 3116 Pau-

2435 3131 2539 3197 lus
2593 3133 3051 3213 ratiocinatur,
3110 3156 3302 3199 nemo
3348 3145 3449 3200 est
3502 3136 3722 3214 testis,
3781 3136 3906 3200 nisi
3962 3137 4227 3219 spiritus
4272 3135 4389 3200 110-

2435 3217 2636 3284 minis
2679 3219 2790 3301 0111
2835 3220 2903 3283 111
2946 3222 3087 3303 ipso
3133 3229 3233 3286 est
3276 3221 3340 3304 (l
3384 3220 3533 3286 Cor.
3575 3226 3634 3300 2,
3677 3223 3805 3304 11),
3849 3221 4112 3287 divinae
4153 3221 4389 3287 volun-

2436 3304 2593 3369 tatis
2656 3304 2768 3385 qui
2833 3313 3051 3371 certus
3116 3315 3288 3372 esset
3341 3306 3578 3371 homo?
3668 3308 3761 3372 Et
3826 3308 3880 3372 si
3943 3307 4075 3372 Dei
4140 3307 4388 3375 veritas

2436 3387 2610 3472 apud
2650 3409 2773 3454 nos
2816 3389 2886 3454 111
2928 3391 3008 3455 118
3052 3392 3251 3457 6118111
3308 3391 3504 3457 1611118
3545 3393 3836 3471 vacillat,
3885 3397 4034 3472 [pag.
4077 3398 4180 3472 19]
4226 3413 4386 3474 01188

2434 3474 2625 3541 061110
2681 3477 3010 3573 praesenti
3051 3478 3387 3543 intuemur
3400 3529 3415 3555 ,
3478 3480 3590 3561 qui
3635 3480 3826 3543 firma
3867 3476 4248 3559 stabilisque
4291 3478 4386 3541 fo-

2434 3569 2557 3640 ret,
2598 3560 2709 3624 ubi
2755 3559 3084 3627 Dominus
3127 3584 3204 3628 ea
3243 3562 3604 3647 pollicetur,
3650 3585 3818 3648 quae
3860 3582 3982 3627 nec
4010 3562 4248 3627 'oculus
4282 3562 4385 3626 vi-

2435 3645 2565 3724 det,
2611 3667 2731 3711 nec
2774 3646 3116 3732 ingenium
3162 3649 3447 3715 hominis
3490 3648 3704 3732 capit?
3784 3649 4017 3730 Itaque
4059 3646 4228 3712 nihil
4271 3648 4385 3713 ob-

2434 3753 2700 3797 scurum
2745 3740 2861 3812 est,
2909 3735 3070 3818 quin
3112 3734 3275 3801 fides
3319 3734 3668 3800 illustratio
3712 3734 3798 3799 sit
3841 3733 4051 3799 sancti
4093 3732 4382 3817 spiritus,

2430 3833 2562 3901 qua
2603 3825 2672 3882 et
2720 3827 2977 3885 mentes
3021 3827 3284 3886 nostrae
3342 3820 3830 3896 illuminantur,
3887 3827 3955 3883 et
3991 3819 4383 3884 confirman-

2429 3913 2547 3969 tur
2588 3902 2785 3969 oorda
2827 3906 2899 3970 in
2941 3913 3188 3971 certam
3231 3907 3431 3971 animi
3478 3905 3964 3989 persuasionem
3980 3955 3995 3983 ,
4041 3924 4206 3987 quae
4249 3913 4382 3970 sta-

2431 3997 2580 4056 tuat
2621 3999 2754 4053 tam
2799 4001 3045 4058 certam
3086 4013 3231 4058 esse
3276 3992 3407 4057 Dei
3450 3992 3826 4071 veritatem,
3885 3997 3960 4055 ut
4002 4011 4135 4056 non
4179 3992 4383 4075 possit

2431 4097 2566 4141 non
2610 4086 2944 4158 praestare
2957 4129 2975 4157 ,
3032 4078 3203 4162 quod
3251 4099 3320 4144 se
3362 4079 3687 4145 facturum
3743 4082 3970 4142 sancto
4014 4097 4131 4141 suo
4174 4078 4379 4142 verbo

2430 4162 2694 4245 recepit.
2777 4161 2885 4229 Ob
2932 4184 3072 4228 eam
3124 4185 3263 4230 rem
3307 4172 3374 4228 et
3416 4162 3617 4229 arrha
3657 4173 3957 4240 vocatur,
4004 4182 4168 4245 quae
4209 4160 4381 4226 divi·
4415 4191 4420 4196 ·

2428 4269 2555 4313 nae
2597 4246 2896 4315 veritatis
2929 4249 3386 4316 certitudinem
3433 4249 3672 4314 animis
3713 4248 3954 4314 nostris
3989 4247 4264 4313 stabilit:
4312 4254 4382 4312 et

2428 4333 2718 4418 sig-illum
2733 4386 2749 4413 ,
2807 4356 2935 4419 quo
2989 4336 3058 4401 in
3103 4335 3278 4401 diem
3324 4335 3595 4401 Domini
3648 4333 3842 4401 corda
3898 4342 4124 4400 nostra
4164 4334 4380 4417 obsig-

2428 4428 2703 4485 nantur:
2748 4421 2902 4504 quia
2943 4422 3054 4487 ille
3093 4429 3195 4488 est
3235 4422 3348 4505 qui
3389 4419 3658 4504 spiritui
3700 4428 3923 4488 nostro
3967 4419 4371 4497 testificatur,

2427 4504 2649 4572 Deum
2682 4527 2823 4572 eaee
2867 4508 3053 4574 nobis
3095 4515 3365 4591 patrem,
3409 4526 3653 4588 11080116
3688 4505 3977 4572 vicissim
4022 4506 4163 4570 eius
4207 4504 4377 4570 filios

2429 4592 2499 4674 (2
2537 4590 2686 4657 Gor.
2729 4598 2781 4671 1,
2821 4597 2931 4672 223
2977 4592 3148 4676 Eph.
3194 4598 3247 4671 1,
3293 4597 3399 4672 133
3443 4591 3634 4657 Rom.
3673 4597 3733 4670 s,
3778 4597 3905 4675 16).

2467 4797 2569 4862 IN
2614 4796 3022 4864 CHRIS'PO
3067 4795 3746 4864 IUSTIFICAMUR
3787 4797 3975 4863 PER
4017 4795 4338 4861 EIDEM.

2597 4934 2957 5017 Postquam
2997 4941 3389 5019 perpetuum
3429 4933 3584 5000 fidei
3628 4933 3952 5000 obiectum
3997 4953 4140 4998 esse
4181 4930 4376 4997 Chri-

2426 5031 2602 5085 stum
2659 5021 2730 5084 in
2785 5021 3076 5087 confesso
3125 5031 3226 5085 est
3239 5072 3254 5098 ‚
3310 5020 3466 5102 quid
3517 5041 3639 5105 per
3691 5019 3890 5086 fidem
3934 5038 4374 5100 assequamur,

2425 5106 2618 5173 aliter
2661 5107 2828 5173 scire
2871 5126 3006 5171 non
3050 5125 3415 5189 possumus,
3459 5126 3657 5189 quam
3700 5106 3757 5172 si
3793 5107 3864 5169 in
3905 5103 3932 5167 i
4009 5123 4125 5167 um
4159 5103 4375 5167 intue-

2425 5214 2634 5258 amur.
2721 5192 2875 5277 Ipse
2917 5201 3136 5257 autem
3179 5190 3326 5258 ideo
3370 5191 3557 5259 nobis
3599 5212 3640 5255 a
3681 5204 3870 5274 patre
3956 5195 4138 5268 atus,
4191 5195 4271 5252 ut
4301 5188 4374 5252 in
