4984 5975
602 322 727 384 343
2245 307 2939 377 'CATEOHJSMUS.
4487 315 4604 378 344

601 505 852 571 hibebit
891 507 943 586 (Ι
996 502 1143 568 Cor.
1189 505 1286 580 13,
1329 505 1456 584 12).
1528 500 1756 566 Gmtra
1789 500 2036 584 reprobi
2080 519 2153 564 ac
2197 499 2399 581 impii,
2443 499 2556 579 qui
2660 497 2942 560 tationes
3023 496 3301 580 denique
3356 497 3568 562 cordis
3630 499 3839 562 nostri
3895 518 4120 565 omnes
4187 519 4406 564 coram
4470 500 4602 582 ipso

603 594 845 658 sincera
867 588 1073 654 Deum
1107 588 1232 668 fide
1265 608 1371 652 nec
1405 587 1802 669 quaesierint,
1828 607 1935 652 nec
1957 586 2270 665 coluerint,
2307 584 2554 666 quando
2660 580 3083 660 effundimus,
3121 582 3472 667 diligenter
3505 584 4035 668 prospiciendum
4071 591 4173 649 est
4205 584 4414 662 nobie,
4450 606 4602 667 quo-

604 678 844 742 nullam
887 675 956 737 in
998 673 1135 740 Deo
1179 693 1253 738 ac
1290 692 1474 756 reyno
1511 674 1650 737 eius
1677 678 1931 753 partem
1963 671 2238 736 habitum?
2273 675 2438 750 sunt,
2483 671 2555 733 in
2660 668 2782 732 ties
2826 665 3184 732 Dominum
3230 670 3631 748 invocamus,
3678 679 3752 734 ut
3792 670 3866 733 in
3909 670 4176 735 intimos
4209 670 4424 736 cordis
4460 691 4603 737 nos-

603 768 856 827 mortem
890 758 1347 836 immortalem,
1386 780 1462 823 ac
1487 756 2048 840 incorruptibilem
2071 756 2557 840 corruptionem
2660 754 2746 817 tri
2800 774 3094 819 recessus
3148 754 3647 833 descendamus,
3703 764 3769 820 et
3807 754 3989 833 inde,
4048 776 4180 820 non
4217 776 4302 820 ex
4344 763 4603 840 gutture

602 868 742 911 cam
795 844 1065 912 diabolis
1119 844 1541 910 coniicientur.
1638 841 1716 910 Ut
1772 849 1950 909 extra
2002 864 2175 909 omne
2225 842 2553 925 glaudium,
2662 845 2776 903 aut
2828 838 3085 922 lingua,
3153 840 3374 904 Deum
3431 840 3851 924 appellemus.
3944 842 4233 907 Tametsi
4298 842 4477 906 enim
4538 843 4607 907 in

601 933 902 1010 virtatem,
947 952 1019 996 ac
1062 935 1299 996 caetera
1333 932 1515 1013 reyni
1553 929 1824 996 coelestis
1867 930 2043 1008 bona,
2090 929 2357 995 adernis
2400 932 2555 992 tene-
2664 926 2953 989 oratione
2995 924 3227 1009 lingua
3267 926 3596 992 interdum
3641 927 3962 1007 conducit,
4013 930 4154 993 sive
4197 934 4271 993 ut
4311 949 4500 993 mens
4539 929 4607 993 in

600 1019 732 1083 bris
746 1069 763 1097 ,
821 1022 1182 1098 aeternoque
1236 1017 1518 1081 cruciatu
1571 1015 1883 1094 damnati,
1954 1035 2156 1080 verme
2211 1012 2557 1079 inmortali
2661 1010 2791 1074 Dei
2853 1010 3309 1095 cogitationem
3365 1011 3623 1077 intenta
3677 1013 3816 1079 eius
3870 1015 4178 1079 exercitio
4226 1014 4603 1092 retineatur,

602 1104 1001 1180 arrodantur,
1027 1107 1084 1166 et
1103 1104 1247 1186 i9=ne
1281 1101 1546 1167 ardeant
1579 1099 2074 1185 inexstinquibili
2111 1100 2265 1183 (Ics.
2293 1103 2392 1176 66,
2421 1099 2553 1180 24).
2663 1096 2800 1162 sive
2843 1103 2918 1161 ut
2968 1117 3121 1180 pars
3176 1097 3290 1162 illa
3344 1099 3579 1178 nostri,
3638 1097 4111 1182 praedicandae
4154 1099 4426 1165 Domini
4470 1100 4603 1184 glo-

2084 1230 2087 1234 .
2661 1182 2798 1245 riae
2840 1182 3252 1264 peculiariter
3296 1182 3636 1263 destinata,
3683 1185 3877 1250 simul
3920 1205 4070 1252 cum
4106 1184 4316 1262 corde,
4357 1185 4429 1249 in
4473 1207 4605 1250 me—

1220 1304 1451 1387 QUID
1497 1305 1644 1371 SIT
1690 1305 1918 1372 SPES
2663 1265 2931 1331 ditanda
2996 1265 3267 1333 Domini
3343 1269 3635 1335 bonitate
3711 1280 4085 1354 occupetur:
4209 1268 4324 1335 uid
4391 1277 4605 1336 tamen

1923 1355 1937 1370 ⁸
2002 1396 2012 1408 -
2663 1352 2806 1418 sine
2874 1353 3092 1418 animo
3147 1354 3385 1434 valeat,
3466 1357 3794 1421 Dominus
3848 1378 3964 1441 per
4013 1378 4174 1441 prop
4223 1363 4398 1422 etam
4452 1357 4601 1440 (Ies.

778 1443 854 1508 Si
904 1443 1076 1524 fides,
1099 1445 1150 1526 ¹)
1205 1449 1274 1506 ut
1316 1443 1608 1508 auditum
1664 1448 1780 1522 est,
1837 1446 2004 1507 certa
2048 1446 2137 1505 est
2183 1441 2256 1504 de
2298 1441 2560 1505 veritate
2606 1479 2611 1488 ·
2664 1442 2765 1517 29,
2813 1442 2887 1503 13
2900 1463 2916 1517 ;
2976 1439 3217 1504 Matth.
3266 1446 3361 1520 15,
3403 1447 3434 1503 7
3478 1445 3562 1526 s.)
3618 1440 4004 1522 declaravit,
4063 1443 4452 1527 gravissima
4508 1443 4601 1508 ul-

599 1530 726 1597 Dei
759 1531 1116 1610 persuasio,
1160 1530 1323 1610 quod
1364 1549 1470 1594 nec
1512 1530 1766 1593 mentiri
1803 1527 1995 1605 nobis,
2033 1547 2141 1592 nec
2171 1525 2406 1610 fallere,
2450 1548 2558 1591 nec
2664 1525 2840 1589 tione
2890 1523 2964 1587 in
3017 1545 3240 1590 omnes
3282 1527 3699 1624 promulgata
3741 1530 3851 1612 qui
3908 1528 4099 1594 corde
4145 1529 4228 1594 ab
4270 1529 4407 1610 ipso
4453 1529 4603 1593 alie-

599 1618 791 1681 irrita
844 1635 973 1682 esse
1026 1621 1237 1697 queat.-
1290 1617 1403 1696 qui
1455 1613 1616 1680 hanc
1672 1615 2099 1680 certitudinem
2142 1618 2553 1694 conceperunt,
2661 1611 2815 1690 nati,
2860 1608 3050 1675 labiis
3093 1633 3243 1676 eum
3288 1623 3630 1678 nonorant.
3704 1613 3898 1695 Quod
3951 1615 4009 1680 si
4050 1636 4211 1680 vera
4253 1614 4466 1679 oratio
4508 1615 4607 1678 ni-

604 1708 751 1780 [pag.
790 1705 896 1779 33]
940 1701 1134 1766 simul
1164 1701 1443 1781 profecto
1482 1705 1849 1781 exspectant,
1884 1700 2033 1782 fore,
2079 1704 2150 1764 ut
2180 1700 2555 1781 promissio·
2661 1696 2757 1760 hil
2817 1693 2997 1761 aliud
3050 1717 3191 1761 esse
3249 1698 3439 1764 debet
3452 1751 3466 1779 ,
3530 1721 3725 1783 quam
3793 1700 4086 1766 sincerus
4142 1700 4347 1766 animi
4401 1702 4606 1765 nostri

601 1808 707 1853 nes
763 1806 915 1851 suas
969 1787 1153 1852 Deus
1196 1791 1500 1866 praestet,
1558 1807 1745 1867 quae,
1799 1805 2011 1850 eorum
2054 1785 2368 1867 opinione,
2429 1806 2553 1849 non
2603 1801 2608 1932 Ι
2659 1801 2909 1859 sensus,
2953 1781 3037 1846 ad
3061 1784 3281 1847 Deum
3325 1786 3666 1864 accessuri,
3697 1788 3875 1850 omni
3910 1787 4155 1871 gloriae
4197 1795 4460 1850 nostrae
4503 1808 4606 1852 co·

599 1874 729 1938 nisi
768 1892 949 1938 verae
991 1892 1120 1937 esse
1152 1877 1433 1953 poss-mit.
1516 1872 1593 1936 Ut
1635 1873 1703 1935 in
1749 1890 1996 1935 summa
2039 1870 2202 1935 nihil
2245 1870 2426 1935 aliud
2467 1871 2556 1935 sit
2729 1868 3002 1946 tatione,
3068 1871 3244 1933 omni
3300 1872 3600 1954 propriae
3657 1872 3995 1956 dignitatis
4040 1873 4372 1956 opinione,
4430 1873 4604 1936 omni

600 1978 771 2040 spes,
830 1978 1021 2040 quam
1064 1977 1277 2022 eorum
1317 1959 1711 2037 exspectatio,
1768 1978 1926 2039 quae
1968 1978 2106 2021 vere
2148 1977 2190 2021 a
2233 1955 2370 2021 Deo
2403 1977 2554 2037 pro·
2602 1957 2608 2004 Ι
2657 1889 2934 2035 denique
2989 1955 3197 2019 nostri
3246 1955 3482 2021 fiducia
3542 1956 3930 2023 decedamus
3973 1966 4256 2041 oportet:
4300 1957 4605 2040 quemad-

600 2045 799 2109 missa
837 2043 994 2124 fides
1044 2042 1323 2109 credidit.
1411 2043 1520 2109 Ita
1572 2043 1729 2124 fides
1769 2042 1980 2108 Deum
2022 2062 2298 2107 veracem
2340 2042 2551 2119 credit,
2601 2035 2607 2118 ί
2659 2037 2927 2103 modum
2983 2061 3022 2104 a
3078 2041 3397 2124 propheta
3452 2041 3721 2127 (Daniel
3772 2048 3830 2122 9,
3897 2048 3932 2108 5
3974 2045 4103 2128 ss.)'
4162 2042 4603 2122 admonemur,

601 2150 745 2210 spes
783 2134 1090 2210 exspectat
1129 2133 1197 2192 ut
1241 2129 1312 2193 in
1354 2131 1646 2210 temporis
1672 2130 1983 2196 occasione
2007 2130 2324 2194 veritatem
2367 2148 2553 2193 suam
2601 2163 2607 2190 t
2659 2145 2799 2189 non·
2846 2125 2919 2189 in
2973 2125 3241 2191 iustitiis
3295 2128 3536 2194 nostris
3580 2129 3852 2195 fundere
3909 2150 4163 2212 preces,
4217 2127 4333 2196 sed
4377 2130 4449 2193 in
4488 2130 4607 2193 mi-

601 2214 899 2280 exhibeat.
983 2214 1178 2280 Fides
1225 2215 1444 2292 credit,
1512 2215 1688 2279 nobis
1742 2235 1872 2278 esse
1913 2219 2162 2295 patrem
2176 2239 2195 2278 .·
2261 2233 2402 2295 spes
2446 2233 2552 2277 ex·
2660 2208 3027 2276 sericordiis
3082 2213 3224 2278 eius
3270 2215 3556 2298 magnis,
3627 2224 3701 2281 ut
3753 2214 3867 2279 ille
3912 2235 4033 2281 nos
4087 2223 4352 2298 propter
4408 2225 4609 2280 semet

600 2306 845 2381 spectat,
892 2306 961 2365 ut
1002 2321 1067 2365 se
1107 2300 1291 2364 talem
1330 2321 1477 2383 crya
1518 2321 1630 2364 nos
1675 2320 1914 2381 semper
1950 2306 2144 2383 yerat.
2203 2298 2399 2364 Fides
2441 2300 2554 2364 da—
2658 2297 2876 2380 ipsum
2921 2296 3247 2380 exaudiat,
3293 2306 3369 2364 ut
3412 2321 3609 2384 super
3653 2322 3771 2365 nos
3814 2302 4189 2367 invocatum
4226 2309 4329 2365 est
4369 2321 4605 2366 nomen

600 2393 730 2451 tam
753 2386 926 2453 nobis
967 2387 1163 2451 vitam
1196 2389 1510 2451 aeternam
1530 2387 1746 2451 credit.-
1788 2406 1932 2466 spes
1974 2390 2293 2467 exspectat,
2332 2390 2399 2448 ut
2434 2385 2552 2449 ali-
2658 2383 2814 2447 eius.
2896 2382 3123 2464 Neque
3182 2405 3334 2450 vero
3393 2386 3499 2452 hic
3554 2386 3854 2451 miseriae
3911 2395 4171 2453 nostrae
4224 2407 4456 2454 sensus
4497 2387 4605 2452 de-

600 2472 847 2554 quando
901 2472 1196 2537 reveletur
1211 2497 1231 2551 ,-
1279 2471 1438 2551 fides
1476 2472 1951 2552 fundamentum
1986 2478 2074 2537 est
2091 2523 2105 2551 ,
2141 2473 2245 2536 cai
2279 2490 2421 2551 spes
2454 2473 2553 2535 in·
2660 2478 2908 2534 terrere
2965 2489 3083 2533 nos
3127 2469 3209 2535 ab
3252 2492 3512 2537 accessu
3551 2472 3823 2537 Domini
3868 2471 4075 2552 debet,
4121 2474 4430 2556 quoniam
4474 2493 4608 2538 non

600 2557 853 2622 cambit.-
895 2577 1037 2639 spes
1076 2557 1281 2638 fidem·
1318 2557 1450 2631 alit,
1496 2577 1569 2622 ac
1610 2559 1886 2622 sustinet.
1979 2557 2150 2622 Nam
2195 2562 2266 2622 ut
2307 2577 2554 2637 cccspec-
2659 2555 2964 2619 instituta
3009 2564 3108 2620 est
3151 2558 3383 2634 oratio,
3430 2579 3559 2640 qua
3600 2579 3720 2622 nos
3765 2567 4150 2642 arroganter
4193 2578 4417 2624 coram
4462 2559 4604 2623 Deo

601 2649 734 2709 tare
780 2665 821 2707 a
845 2644 983 2709 Deo
1027 2663 1201 2708 nemo
1245 2643 1590 2725 quidquam
1613 2649 1830 2725 potest,
1877 2645 2010 2708 nisi
2053 2644 2163 2725 qui
2187 2643 2380 2725 prius
2416 2644 2553 2707 eius
2660 2639 3036 2718 efferamus,
3083 2651 3199 2705 aut
3241 2641 3489 2725 aliquid
3531 2651 3828 2709 nostrum
3873 2665 4112 2728 magno
4157 2645 4603 2710 aestimemus:

545 2787 553 2794 .
588 2731 933 2811 promissis
974 2730 1333 2808 crediderit,
1393 2731 1485 2794 ita
1524 2747 1753 2794 rursus
1800 2730 1950 2809 fidei
1992 2734 2242 2794 nostrae
2284 2727 2554 2794 imbecil-
2660 2724 2777 2791 sed
2819 2745 2947 2807 qua
2992 2740 3246 2792 nostras
3295 2732 3441 2808 [pag.
3468 2733 3574 2809 35]
3622 2730 4026 2796 calamitates
4061 2731 4491 2796 confiteamur
4532 2751 4608 2795 ac

601 2815 850 2892 litatem
900 2837 971 2879 ne
1012 2814 1172 2879 velat
1201 2815 1377 2895 fessa
1411 2816 1703 2892 concidat,
1739 2817 2040 2880 sustineri
2079 2835 2152 2879 ac
2183 2815 2395 2897 foveri,
2432 2833 2555 2898 pa-
2604 2833 2608 2900 3
2661 2810 3100 2893 deploremus:
3146 2813 3692 2895 quemadmodum
3737 2816 3856 2881 filii
3898 2815 4070 2899 apud
4112 2827 4419 2898 parentes
4455 2837 4607 2882 suas

601 2902 819 2964 tienter
862 2901 1166 2981 sperando
1209 2905 1263 2964 et
1306 2902 1725 2982 exspectando,
1772 2906 2014 2983 oportet.

2660 2897 3100 2979 querimonias
3144 2899 3555 2966 familiariter
3599 2900 3950 2984 deponunt.
4023 2900 4204 2982 Quin
4249 2902 4357 2967 hic
4392 2902 4607 2985 potius

2658 3004 2891 3048 sensus
2946 2984 3133 3050 nobis
3187 2987 3399 3052 instar
3452 2987 3721 3054 calcaris
3774 3008 3850 3053 ac
3911 2988 4159 3054 stimuli
4211 3009 4352 3053 esse
4398 2988 4605 3068 debet,

1239 3107 1364 3172 DE
1412 3104 1889 3172 ORATIONE
2603 3080 2608 3107 '
2657 3089 2785 3152 quo
2840 3070 3054 3135 acrius
3122 3069 3205 3136 ad
3272 3073 3632 3139 orationem
3697 3074 4063 3139 incitemur.
4174 3074 4325 3139 Duo
4387 3082 4609 3139 autem

1895 3156 1909 3171 “
2602 3160 2607 3233 Ι
2657 3164 2814 3220 sunt
2858 3176 3024 3238 quae
3068 3156 3149 3221 ad
3193 3160 3505 3225 orationis
3541 3158 3828 3226 studium
3869 3160 4293 3225 vehementer
4328 3181 4449 3225 nos
4484 3161 4609 3224 im-

771 3243 989 3308 Homo
1031 3264 1185 3308 vera
1218 3243 1346 3309 fide
1384 3243 1582 3326 probe
1627 3245 1989 3321 institutus,
2027 3243 2214 3309 facile
2258 3245 2429 3327 prim
2439 3264 2551 3308 um
2600 3246 2607 3313 ζ
2655 3239 2898 3324 pellere
2943 3241 3251 3309 debeant:
3307 3245 3671 3311 mandatum
3697 3249 3744 3328 ¹)
3790 3245 3943 3324 Dei,
3988 3267 4105 3327 quo
4147 3265 4328 3311 orare
4358 3248 4611 3328 praeci-

587 3331 911 3412 perspicit,
929 3332 987 3413 2)
1045 3351 1237 3410 quam
1292 3330 1377 3395 sit
1431 3329 1724 3394 bonorum
1781 3330 2057 3394 omnium
2098 3350 2324 3412 cycnus
2365 3335 2551 3411 atque
2599 3316 2635 3387 Ἦ
2643 3328 2776 3409 pit:
2818 3333 2874 3391 et
2908 3330 3278 3409 promissio,
3315 3352 3442 3412 qua
3470 3331 3797 3413 pollicetur
3832 3332 4271 3412 impetraturos
4303 3332 4611 3414 quidquid

599 3417 829 3495 manis,
874 3436 1179 3497 quamam
1221 3416 1344 3480 sai
1399 3417 1610 3481 omma
1653 3416 1858 3480 desim
1898 3415 2126 3480 salutis
2165 3417 2547 3482 adiumenta.
2598 3396 2604 3483 Ξ
2641 3413 3032 3495 petierimus.
3120 3415 3379 3500 Insigni
3422 3418 3602 3481 enim
3657 3417 4062 3482 motatione
4112 3417 4439 3500 fruamur,
4493 3416 4607 3499 qui

604 3503 841 3583 Quare,
882 3504 945 3567 si
976 3503 1312 3583 praesidia
1352 3503 1596 3583 quaerit
1648 3502 1869 3582 quibus
1912 3501 2163 3582 inopiae
2219 3522 2373 3567 suae
2414 3522 2550 3566 suc-
2653 3520 2795 3565 eum
2834 3500 3121 3567 invocant
3161 3521 3235 3565 ac
3277 3504 3621 3584 requirunt,
3667 3504 3828 3585 quod
3861 3503 4212 3585 intelliyant
4245 3504 4337 3567 sic
4370 3505 4607 3588 ayendo

595 3592 829 3666 currat,
872 3594 1050 3653 extra
1093 3608 1160 3653 se
1201 3593 1378 3652 exeat
1418 3592 1661 3669 oportet,
1707 3593 1764 3652 et
1806 3587 2065 3652 aliunde
2109 3608 2184 3652 ea
2228 3588 2351 3653 sibi
2391 3609 2547 3653 com—
2596 3658 2600 3681 .
2651 3607 2719 3651 se
2762 3607 2940 3668 ayere
2980 3608 3111 3653 rem
3155 3587 3255 3652 illi
3289 3594 3625 3671 acceptam:
3672 3587 3906 3654 deinde
3941 3589 4082 3653 eius
4121 3589 4401 3654 veritate
4436 3591 4607 3669 freti,

583 3679 783 3756 paret.
866 3675 1162 3739 Rursum
1207 3673 1553 3738 Dominum
1595 3692 1726 3738 sese
1767 3673 1930 3738 ultro
1971 3694 2045 3739 ac
2095 3673 2436 3740 liberaliter
2476 3675 2547 3737 in
2596 3716 2599 3725 -
2653 3693 2722 3736 se
2767 3671 3146 3737 exauditum
3192 3674 3275 3737 iri
3317 3685 3492 3740 certo
3537 3673 3893 3740 confidunt.
3982 3675 4216 3751 Petite,
4263 3674 4494 3757 inquit,
4539 3687 4609 3742 et

598 3758 842 3825 Christo
898 3759 1272 3825 exhibentem
1326 3758 1832 3841 contemplatur,
1888 3779 1963 3824 ac
2017 3760 2086 3823 in
2139 3780 2216 3824 eo
2273 3760 2548 3825 coelestes
2594 3816 2597 3833 ,
2651 3757 2911 3823 dabitur
2956 3759 3168 3838 vobis,
3230 3759 3484 3843 pulsate
3529 3770 3596 3825 et
3640 3760 3995 3843 aperietur,
4052 3760 4349 3843 quaerite
4394 3770 4462 3824 et
4502 3763 4607 3827 in·

594 3867 822 3910 omnes
865 3845 1184 3911 thesauros
1226 3846 1631 3926 aperientem:
1675 3851 1744 3909 ut
1784 3845 2074 3910 dilectum
2114 3845 2293 3910 illum
2331 3845 2545 3925 tilium
2593 3850 2597 3861 '
2650 3844 2926 3909 venietis
2971 3845 3164 3927 (Luc.
3213 3850 3307 3922 ll,
3348 3846 3435 3929 9).
3509 3847 3600 3911 Et
3643 3845 3819 3912 Psal.
3871 3851 3952 3911 50
3999 3847 4089 3930 (v.
4137 3846 4275 3929 15):
4356 3846 4604 3915 Invoca

594 3950 780 3996 suum
834 3935 956 3995 tota
1014 3932 1154 3995 eius
1194 3930 1351 4011 fides
1391 3931 1731 4010 intueatur,
1789 3931 1867 3995 ab
1910 3932 2050 4010 ipso
2093 3936 2215 3995 tota
2259 3933 2398 3997 eius
2440 3952 2545 3996 esc-
2647 3950 2755 3993 me
2798 3930 2869 3993 in
2915 3927 3019 3994 die
3063 3931 3499 3997 necessitatis:
3547 3954 3774 3998 eruam
3812 3942 3893 4008 te,
3941 3942 4009 3997 et
4042 3931 4436 4016 glorificabis
4478 3956 4604 4000 me.

594 4016 883 4097 spectatio
915 4018 1195 4096 pendeat,
1243 4018 1312 4080 in
1351 4018 1489 4098 ipso
1530 4021 1655 4081 tota
1697 4036 1839 4098 spes
1880 4017 2016 4081 eius
2057 4017 2304 4082 haereat
2347 4024 2404 4081 et
2446 4039 2545 4081 ac-
2592 4020 2596 4039 ·
2647 4015 2781 4081 Ubi
2834 4015 3031 4080 etiam
3086 4015 3249 4082 duas
3303 4018 3616 4083 orationis
3671 4026 3892 4101 partes
3937 4018 4242 4096 breviter,
4304 4018 4419 4083 sed
4472 4020 4605 4086 ele-

592 4102 882 4183 qaiescat.
949 4101 1184 4165 Restat
1225 4122 1397 4186 ergo,
1445 4108 1516 4166 ut
1558 4103 1629 4165 in
1675 4103 1811 4183 ipso
1854 4108 2139 4184 quaerat,
2185 4109 2243 4168 et
2283 4103 2361 4167 ab
2403 4105 2543 4184 ipso
2592 4074 2596 4187 ξ
2648 4110 2881 4185 gauter
2923 4102 3302 4184 complexus
3339 4111 3467 4168 cst:
3514 4105 3989 4169 invocationem
4035 4125 4150 4168 seu
4193 4104 4603 4186 petitionem,

581 4185 877 4268 precibus
919 4187 1217 4266 postulet,
1276 4188 1437 4269 quod
1479 4189 1549 4252 in
1593 4190 1727 4268 ipso
1781 4209 1911 4253 esse
1952 4189 2186 4254 didicit.
2275 4189 2542 4270 Alioqui
2592 4202 2596 4263 ι
2648 4195 2715 4252 et
2755 4187 3115 4271 gratiarum
3161 4190 3498 4255 actionem.
3565 4190 3797 4255 Priore
3842 4189 4056 4255 cordis
4099 4191 4309 4255 nostri
4350 4190 4606 4263 deside-

593 4276 752 4339 scire
805 4272 1045 4353 Deum,
1103 4271 1399 4337 bonorum
1453 4275 1729 4338 omnium
1785 4275 2108 4338 dominum
2161 4294 2235 4341 ac
2291 4275 2544 4358 laryito-
2590 4278 2596 4307 ¹
2646 4274 2745 4337 ria
2780 4273 2953 4357 apud
2987 4271 3206 4339 Deum
3245 4274 3657 4358 deponimus,
3700 4275 3907 4340 altera
3953 4276 4093 4340 eius
4141 4298 4300 4360 erga
4334 4298 4455 4341 nos
4494 4276 4606 4343 be-

592 4379 741 4438 rm,
787 4359 896 4439 qui
933 4378 1047 4422 nos
1088 4359 1175 4424 ad
1212 4380 1277 4423 se
1305 4361 1687 4442 poscendam
1719 4361 1963 4425 invitet.-
2007 4362 2220 4441 ipsum
2253 4381 2393 4426 vero
2436 4381 2543 4426 nec
2591 4380 2596 4431 t
2648 4361 2901 4425 nefacta
2943 4362 3499 4444 recognoscimus,
3548 4370 3819 4444 utraque
3864 4370 4083 4427 autem
4128 4362 4197 4426 in
4242 4384 4368 4427 usu
4413 4363 4603 4430 nobis

593 4444 790 4523 adire,
833 4463 941 4508 nec
987 4448 1134 4522 [pag.
1159 4449 1266 4524 34]
1292 4465 1559 4527 poscere,
1601 4447 1753 4511 adeo
1787 4466 1906 4509 non
1928 4448 2266 4529 prodesset,
2303 4451 2372 4510 ut
2393 4467 2543 4527 per·
2648 4446 3056 4517 continenter
3099 4467 3240 4513 esse
3281 4447 3488 4514 debet.
3558 4450 3772 4512 Tanta
3817 4448 3991 4512 enim
4037 4468 4259 4512 rerum
4295 4451 4603 4531 angustia

592 4531 736 4596 inde
778 4530 850 4595 id
888 4529 1176 4612 futurum
1218 4532 1319 4607 sit,
1367 4553 1439 4596 ac
1481 4534 1541 4596 si
1584 4533 1728 4612 quis
1771 4532 2114 4597 indicatwm
2157 4531 2538 4612 thesaurum,
2646 4551 2768 4597 nos
2814 4530 3097 4614 undique
3133 4542 3326 4618 urget
3358 4555 3433 4599 ac
3467 4535 3723 4615 premit,
3762 4540 3837 4597 ut
3871 4534 4038 4599 satis·
4062 4534 4151 4599 sit
4184 4553 4420 4599 causae
4455 4554 4600 4598 om-

592 4616 770 4680 lmmi
808 4617 1114 4696 sepultum
1157 4637 1229 4680 ac
1271 4617 1600 4698 defossum,
1641 4617 1924 4702 neyliyat.
2494 4676 2501 4685 ,
2591 4626 2594 4651 ¹
2647 4617 2858 4695 nibus,
2895 4619 3092 4683 etiam
3128 4619 3567 4695 sanctissimis,
3608 4640 3724 4684 cur
3747 4619 4004 4684 assidue
4038 4629 4308 4703 gemant
4341 4641 4417 4685 ac
4450 4641 4601 4685 sus-

1996 4774 2000 4778 ,
2644 4703 2865 4786 pirent
2908 4702 2991 4767 ad
3035 4704 3272 4785 Deum,
3318 4704 3767 4787 supplicesque
3811 4706 4032 4789 ipsum
4075 4706 4395 4772 invocent.
4490 4705 4600 4771 Ad

763 4819 992 4901 QUID
1040 4821 1140 4885 IN
1181 4820 1658 4888 ORATIONE
1701 4794 2349 4890 SPEUTANnUM.
2645 4787 2808 4855 11880
2850 4798 3036 4854 tanta
3080 4811 3154 4855 80
3199 4799 3337 4854 team
3380 4791 3584 4855 effusa
3630 4789 4114 4857 benefactorum
4149 4789 4276 4855 Del
4322 4791 4602 4875 largitae

2590 4950 2594 4961 .
2645 4896 2765 4939 nos
2808 4894 3016 4958 paene
3059 4877 3292 4955 obruit,
3338 4883 3437 4940 tot
3480 4897 3553 4942 ac
3599 4883 3734 4940 tam
3768 4877 4067 4961 ingentia
4089 4877 4231 4942 eius
4254 4877 4596 4955 miracula,

763 4958 988 5041 Quum
1043 4960 1249 5023 oratio
1294 4958 1630 5025 cuiusdam
1673 4963 1847 5027 inter
1893 4984 2015 5027 nos
2059 4968 2126 5026 et
2168 4963 2388 5028 Deum
2432 4983 2538 5027 ar-
2643 4980 3165 5044 quaquaversum
3211 4970 3487 5045 spectes,
3546 4970 3920 5043 cernuntur,
3977 4973 4052 5028 ut
4094 4983 4437 5045 nunquam
4480 4985 4600 5028 no-

592 5046 766 5111 bitrii
811 5048 1024 5111 instar
1059 5042 1311 5122 habeat,
1351 5065 1475 5127 quo
1511 5056 1680 5125 vota,
1718 5047 1975 5132 gaudia,
2016 5049 2318 5132 suspiria,
2365 5049 2537 5131 cogi·
2643 5045 2757 5112 bis=
2786 5045 2959 5111 desit
2999 5045 3215 5111 laudis
3260 5067 3333 5113 ac
3377 5049 3734 5131 gratiarum
3778 5048 4052 5115 actionis
4096 5049 4384 5112 materia.

729 5238 785 5304 1)
826 5236 1009 5290 Instit.
1037 5252 1098 5304 p.
1135 5233 1252 5288 153.
1459 5232 1518 5299 2)
1559 5233 1703 5288 Ibid.
1735 5252 1790 5304 p.
1828 5233 1929 5288 157
1952 5250 2056 5305 seq.
2589 5260 2595 5297 t
2784 5234 2837 5299 l)
2880 5235 3064 5288 Initii.
3092 5252 3150 5302 p.
3189 5234 3291 5289 160
3324 5251 3427 5305 seq.
