4984 5975
367 295 470 359 129

366 480 477 545 tior
513 477 597 543 ad
639 477 1124 557 absolvendum,
1169 498 1365 562 quam
1401 476 1486 542 ad
1529 477 1999 544 damnandum.
2090 477 2287 560 Quod

366 567 539 632 etiam
583 563 838 648 legibus
867 565 1297 631 constitutum
1336 572 1467 630 est:
1513 563 1689 647 quod
1735 567 2024 632 sanctius
2069 562 2291 630 credat

365 663 460 717 tur
496 651 894 732 impunitum
933 649 1215 734 relinqui
1259 650 1512 716 facinus
1570 652 1895 728 nocentis,
1940 659 2136 734 quam
2191 651 2292 715 in-

366 743 690 802 nocentem
733 735 1049 801 damnari.
1564 761 1575 780 ·

525 839 607 905 Ut
645 839 975 920 manifeste
1016 840 1226 905 laesus
1268 841 1557 904 animum
1604 840 1674 904 in
1697 844 2001 921 potestate
2044 837 2289 926 habeat]

366 925 530 991 Haec
564 925 951 991 clementiae
986 934 1157 1004 sunt,
1196 934 1270 990 ut
1302 926 1608 1012 princeps
1645 946 1806 1008 quas
1852 926 2134 991 offensas
2178 945 2294 1009 po-

366 1021 478 1077 test
525 1012 700 1076 iuste
745 1007 1109 1089 vindicare,
1168 1011 1341 1076 ultro
1400 1010 1747 1089 condonet,
1795 1019 1862 1076 et
1916 1011 2124 1076 dolori
2178 1032 2293 1076 suo

362 1097 636 1180 imperet,
681 1116 764 1160 ue
798 1097 1116 1161 ultionem
1152 1097 1583 1179 concupiscat.
1660 1095 1964 1162 Dicimur
2000 1097 2293 1162 animum

362 1184 420 1246 in
456 1190 775 1265 potestate
816 1181 1073 1260 habere,
1120 1204 1323 1265 quum
1367 1182 1547 1247 nullo
1571 1183 1810 1249 affectu
1856 1184 2179 1266 rapimur,
2227 1189 2295 1247 et

360 1268 752 1417 passionibus
775 1268 977 1333 animi
1001 1289 1133 1333 non
1164 1290 1389 1335 sumus
1424 1269 1704 1348 obnoxii,
1740 1279 2085 1353 propterea
2120 1266 2293 1352 quod

399 1353 713 1419 uiusmodi
760 1354 1277 1437 perturbationes
1315 1353 1654 1420 arbitrium
1715 1355 1901 1420 nobis
1944 1366 2011 1419 et
2054 1353 2291 1418 volun-

366 1441 495 1505 tatis
530 1439 901 1505 libertatem
938 1440 1254 1505 adimunt.
1323 1439 1488 1505 Cato
1523 1441 1593 1505 in
1627 1442 1922 1506 oratione
1956 1461 2075 1523 pro
2110 1439 2293 1505 Rho-

365 1525 711 1591 diensibus:
737 1525 884 1606 Quo
908 1527 1153 1591 maiore
1176 1547 1371 1608 opere
1395 1524 1543 1592 dico
1568 1525 1955 1609 suadeoque,
1993 1527 2087 1590 uti
2129 1524 2291 1592 haec

364 1630 453 1675 res
490 1611 742 1696 aliquot
783 1610 922 1676 dies
966 1612 1347 1694 proferatur,
1395 1610 1551 1676 dum
1595 1635 1676 1678 ex
1721 1620 1908 1683 tanto
1943 1610 2180 1696 gaudio
2223 1613 2290 1678 in

365 1705 736 1780 potestatem
771 1706 1069 1763 nostram
1104 1696 1466 1763 redeamus,

520 1800 1046 1882 Quemadmodum
1092 1821 1214 1865 non
1253 1805 1341 1865 est
1381 1802 1597 1885 mayni
1649 1800 1880 1888 animi]
1932 1802 2296 1886 Aptissima

364 1886 759 1969 comparatio.
806 1884 1393 1967 Quemadmodum,
1417 1887 1647 1969 inquit,
1682 1886 1847 1954 haec
1879 1897 2298 1972 praepostera

362 1970 718 2050 liberalitas,
754 1990 920 2055 quae
956 1973 1168 2036 aufert
1206 1971 1369 2052 aliis,
1404 1971 1578 2055 quod
1612 1973 1757 2072 aliis
1790 1974 2127 2057 largiatur,
2164 1996 2294 2040 non

365 2065 710 2142 estmagno
733 2057 953 2122 animo
978 2055 1208 2142 digna:
1232 2058 1328 2123 ita
1349 2057 1512 2123 haec
1533 2080 1763 2124 veniae
1808 2059 2087 2125 facilitas
2131 2081 2296 2144 quae

367 2142 592 2208 alienas
634 2143 919 2209 offensas
967 2141 1304 2222 condonat,
1352 2164 1486 2220 non
1530 2153 1631 2209 est
1670 2143 1869 2229 digna
1911 2144 2296 2211 clementiae

366 2226 555 2294 titulo.
645 2227 872 2310 Quum
917 2237 1138 2295 autem
1190 2230 1302 2313 qui
1354 2229 1566 2294 alieno
1620 2228 1960 2313 dispendio
2019 2231 2298 2297 benefici

364 2311 553 2379 videri
594 2315 841 2394 volunt,
877 2315 950 2378 in
994 2314 1221 2380 eadem
1257 2316 1393 2380 sint
1432 2315 1775 2394 iniustitia,
1822 2337 1898 2381 ac
1940 2317 1996 2382 si
2040 2318 2111 2382 iu
2155 2338 2295 2382 rem

363 2420 527 2464 suam
549 2452 563 2479 ,
606 2400 892 2466 alienam
931 2408 1348 2480 convertant,
1395 2400 1561 2465 nihil
1606 2401 1859 2467 faciunt
1908 2401 2100 2468 laude
2154 2402 2296 2488 dig-

366 2506 519 2551 num.
611 2484 787 2551 Vide
822 2485 1205 2553 Ciceronem
1252 2484 1438 2554 Offic.
1486 2486 1540 2552 I.

509 2588 617 2655 De
658 2588 863 2654 alieno
909 2587 1217 2676 liberalis]
1260 2589 1461 2655 Hunc
1504 2590 1720 2656 locum
1763 2591 1925 2657 citat
1977 2592 2298 2658 Erasmus

364 2673 423 2738 in
461 2672 871 2742 Chiliadibus
911 2675 1088 2741 inter
1129 2675 1571 2758 proverbiales
1615 2678 1999 2743 sententias:
2059 2679 2168 2745 cui
2210 2677 2299 2745 si-

364 2761 499 2827 mile
548 2768 647 2827 est
688 2780 953 2827 carmen
997 2761 1271 2827 Homeri
1320 2767 1467 2840 [pag.
1512 2768 1658 2843 122]
1706 2760 1943 2848 Odyss.
1990 2783 2059 2849 q:

918 2856 1059 2914 Ἐπεὶ
1094 2862 1241 2920 οὗτος
1276 2862 1558 2930 ἐπίσχεσις
1592 2858 1713 2916 οὔδ’
1744 2863 1953 2928 &lentim

718 2923 1039 3001 Ἀλλοτρίων
1070 2934 1433 3001 χαρίσασθαι.

362 3016 514 3084 Nam
562 3040 668 3084 res
703 3018 935 3104 largiri
977 3020 1225 3086 alienas
1270 3019 1456 3085 nulla
1496 3042 1602 3087 res
1644 3031 1842 3102 vetat,
1891 3044 2100 3107 neque
2142 3044 2301 3090 vero

366 3104 546 3189 viget.
618 3105 870 3170 Eadem
911 3106 1109 3171 verba
1143 3107 1382 3189 repetit
1427 3105 1682 3172 Seneca
1724 3107 1893 3173 libro
1918 3109 2006 3174 H.
2054 3109 2299 3193 Epist:

364 3188 499 3255 Non
519 3202 624 3256 est
644 3189 819 3275 quod
838 3192 1097 3256 mireris
1118 3192 1410 3257 animum
1444 3214 1686 3270 meum,
1726 3193 1939 3260 adhuc
1974 3193 2055 3260 de
2090 3196 2301 3261 alieno

364 3273 637 3343 liberalis
678 3299 843 3342 sum.
932 3278 1065 3342 Pro
1106 3276 1331 3343 eodem
1380 3278 1703 3363 Apuleius
1739 3279 1908 3345 libro
1953 3279 2111 3347 VII.
2155 3282 2299 3347 Me-

366 3362 670 3446 tamorph.
710 3360 882 3426 dixit
915 3362 1145 3427 ludere
1179 3361 1259 3427 de
1294 3362 1507 3429 alieno
1534 3366 1728 3431 corio.
1798 3364 2050 3432 Contra
2070 3366 2300 3433 Oicero

366 3444 461 3512 lib.
486 3447 612 3514 ΠΙ,
650 3449 710 3514 E
759 3450 896 3513 ist:
934 3446 1162 3529 Quum
1195 3456 1263 3513 et
1299 3460 1542 3516 natura
1585 3471 1846 3535 semper
1889 3451 1974 3517 ad
2015 3453 2300 3536 largien-

365 3528 509 3598 dum
553 3556 635 3599 ex
742 3535 885 3599 'eno
929 3534 1167 3599 fuerim
1206 3536 1582 3601 restrictior.

522 3620 611 3685 In
653 3620 853 3686 alieno
894 3619 1099 3686 dolore
1137 3619 1417 3708 facilem]
1464 3620 1546 3687 Id
1590 3631 1692 3688 est
1726 3621 2182 3708 indulgentem
2235 3631 2302 3689 et

366 3705 769 3785 exorabilem,
806 3714 873 3770 et
906 3704 989 3770 ad
1037 3705 1504 3790 ignoscendum
1538 3719 1870 3791 paratum,
1915 3719 1993 3775 ut
2027 3708 2302 3794 Servius

368 3786 829 3876 interpretatur
861 3791 952 3857 H.
984 3791 1213 3857 Bucol.
1237 3793 1547 3878 Vergilii:

575 3895 647 3949 Et
682 3911 806 3964 quo,
845 3893 942 3948 sed
977 3894 1167 3949 faciles
1202 3894 1483 3964 Nymphae
1520 3897 1706 3965 risere,
1746 3898 1965 3967 sacello.

361 3974 535 4044 Idem
580 3979 701 4046 IV.
748 3979 1149 4063 Georgicon:

472 4081 656 4137 'rende
691 4091 884 4152 petens
920 4099 1125 4152 pacem,
1162 4092 1218 4138 et
1251 4083 1440 4139 faciles
1477 4100 1738 4140 venerare
1773 4085 2046 4155 Napaeae.

363 4164 773 4252 Tranquillus
794 4170 868 4233 in
900 4170 1197 4236 OEiberio:
1234 4169 1305 4236 Is
1337 4171 1504 4236 forte
1541 4179 1702 4237 tunc
1733 4172 1831 4238 M.
1868 4172 2060 4238 Lolio
2094 4173 2298 4239 offen-

362 4249 505 4346 sior,
546 4254 755 4321 facilis
789 4254 1264 4339 exorabilisque
1305 4258 1375 4321 in
1421 4257 1725 4323 vitricum
1767 4258 1908 4323 fuit.
1998 4259 2298 4325 Donatus

362 4356 427 4400 m
446 4338 806 4437 'Adelphost
830 4340 1094 4419 Facilis,
1131 4341 1316 4408 cuius
1349 4343 1448 4407 ira
1481 4342 1611 4408 cito
1645 4342 1954 4423 solvitur3
1991 4345 2296 4425 clemens,

363 4440 465 4504 qui
510 4446 639 4491 non
679 4428 808 4493 cito
844 4427 1165 4492 irascitur.

1049 4717 1353 4787 CAPUT
1397 4719 1590 4786 XXI.

537 4852 711 4921 Ultio
773 4855 942 4921 duas
1003 4876 1107 4922 res
1166 4863 1497 4939 praestare
1548 4858 1727 4923 solet:
1818 4862 1929 4923 aut
2006 4857 2298 4923 solatium

359 4937 1587 5034 afferteiquiaccepitinimiam,aut
1638 4945 1708 5009 in
1763 4942 2072 5025 reliquum
2128 4962 2299 5009 secu-

700 5025 1030 5110 Principis
1077 5029 1286 5094 maior
1337 5035 1428 5095 est
1474 5030 1756 5112 fortuna,
1815 5050 2005 5111 quam
2056 5034 2127 5094 ut
2180 5027 2297 5094 tali

358 5107 823 5195 colatioeyeat:
900 5113 1411 5195 manifestiorque
1475 5116 1603 5193 vis,
1682 5136 1871 5197 quam
1947 5120 2018 5180 ut
2093 5115 2296 5181 alieno

358 5194 1637 5281 naloopiotionevnsibiviaeiumquaerat.
1725 5190 1862 5268 Hoc
1905 5201 2059 5281 dico,
2104 5220 2295 5284 quum

564 5296 988 5368 Caluiniopera.
1071 5300 1179 5356 Vol.
1228 5300 1285 5356 V.

1598 290 1889 356 LIBER
1924 290 1977 355 I.
2069 289 2373 357 CAPUT
2405 291 2604 358 XIX.
2669 289 2829 356 XX.
2896 289 3094 356 XXI.

4235 297 4359 361 130

2396 479 2477 543 ab
2521 478 2928 562 inferioribus
2958 479 3192 561 petitus
3225 479 3611 562 violatusque
3656 485 3761 545 est.
3855 482 4027 546 Nam
4067 484 4144 563 si,
4201 504 4356 565 quos

2387 586 2584 647 pares
2622 566 2965 646 aliquando
3009 565 3228 630 habuit
3243 615 3258 644 ,
3300 565 3481 647 infra
3526 585 3593 630 se
3633 567 3830 648 videt,
3873 567 4034 634 satis
4074 570 4353 635 vindica-

2396 656 2502 715 tus
2541 656 2645 717 est.
2739 649 2968 734 Reyem
3000 656 3057 716 et
3088 670 3305 716 servus
3339 652 3575 730 occidit,
3612 656 3669 715 et
3699 672 3977 735 serpens,
4015 659 4071 717 et
4103 657 4353 738 saqitta.

2405 735 2694 802 Servavit
2736 736 2987 817 quidem
3026 757 3219 816 nemo,
3270 737 3404 801 nisi
3442 738 3652 803 maior
3709 759 3777 802 eo
3830 760 4012 820 quem
4067 744 4351 806 servavit.

2415 822 2520 889 Uti
2564 823 2772 904 itaque
2804 824 3085 888 anim08e
3121 823 3289 889 debet
3331 828 3501 887 tanto
3546 843 3798 887 munere
3838 825 4110 905 deorum,
4155 827 4355 892 dandi

2400 908 2847 989 auferendique
2880 909 3076 973 vitam
3095 913 3336 990 poten-9,
3378 909 3450 973 in
3493 907 3595 973 his
3625 912 4007 988 praesertim
4048 933 4204 992 quos
4237 915 4354 978 scit

2397 994 2743 1074 aliquando
2777 1014 2891 1059 suo
2923 995 3182 1078 fastiyio
3215 993 3536 1059 obstitisse.
3625 995 3763 1060 Hoc
3797 996 4134 1061 arbitrium
4166 999 4354 1080 adep-

2397 1083 2530 1159 tus,
2573 1080 2869 1145 ultionem
2909 1081 3202 1160 implevit,
3235 1080 3616 1162 perfecitque
3648 1086 3947 1162 quantum
3988 1104 4173 1148 verae
4202 1105 4355 1165 poe-

2397 1186 2520 1229 nae
2552 1167 2715 1230 satis
2748 1171 2899 1230 erat.
2971 1166 3263 1231 Perdidit
3297 1167 3462 1231 enim
3494 1167 3693 1231 vitam
3729 1168 3839 1248 qui
3872 1167 4053 1246 debet,
4094 1174 4149 1234 et
4182 1171 4356 1251 quis-

2397 1252 2543 1332 quis
2575 1272 2652 1316 ea·
2687 1252 2813 1317 alto
2847 1252 2932 1316 ad
2965 1252 3213 1316 inimici
3244 1252 3442 1332 pedes
3483 1251 3773 1329 abiectus,
3818 1253 4095 1319 alienam
4136 1256 4212 1320 de
4253 1276 4353 1320 ca-

2385 1338 2527 1417 pite
2569 1357 2682 1402 suo
2726 1337 3084 1419 reqiamque
3126 1338 3493 1401 sententiam
3539 1340 3928 1418 exspectavit,
3975 1340 4046 1405 in
4084 1347 4353 1406 servato-

2396 1423 2496 1487 ris
2538 1424 2643 1487 sui
2681 1422 2952 1504 yloriam
2985 1424 3166 1500 vivet,
3193 1423 3467 1503 plusque
3499 1424 3743 1487 nomini
3776 1426 3913 1489 eius
3954 1428 4214 1508 conferet
4256 1428 4352 1492 in-

2397 1508 2684 1586 columis,
2728 1529 2919 1590 quam
2972 1509 3034 1573 si
3074 1529 3152 1572 ex
3195 1508 3391 1573 oculis
3440 1508 3688 1574 ablatus
3739 1516 3908 1575 esset.
3997 1513 4353 1578 Assiduum

2399 1594 2567 1659 enim
2599 1594 3010 1674 spectacubum
3045 1595 3288 1660 alienae
3321 1595 3574 1682 virtutis
3609 1600 3729 1660 est.-
3771 1597 3843 1660 in
3885 1597 4196 1679 triumpho
4238 1601 4354 1664 cito

2398 1680 2745 1745 transisset.
2837 1678 2912 1744 Si
2946 1699 3087 1744 vero
3120 1701 3379 1762 reynum
3412 1700 3647 1761 quoque
3687 1701 3874 1746 suum
3912 1687 4040 1772 tuto
4082 1686 4354 1766 relinqui

2400 1766 2577 1846 apud
2609 1785 2752 1830 eum
2781 1767 3005 1845 potuit,
3053 1767 3384 1847 reponique
3425 1787 3492 1831 eo
3533 1767 3699 1831 unde
3741 1768 4074 1847 deciderat,
4120 1772 4352 1855 inqenti

2399 1852 2768 1916 incremento
2804 1852 3012 1934 surqit
3044 1852 3190 1917 laus
3224 1852 3376 1930 eius,
3421 1854 3536 1934 qui
3569 1857 3880 1918 contentus
3918 1854 4061 1935 fuit,
4099 1876 4174 1919 ev
4214 1876 4354 1939 φερε

2400 1938 2557 2002 victo
2598 1936 2762 2001 nihil
2793 1942 3049 2018 praeter
3090 1938 3359 2020 ,qloriam
3401 1958 3660 2012 swmere.
3751 1939 3885 2003 Hoc
3927 1945 4014 2004 est
4053 1943 4241 2006 etiam
4275 1963 4351 2007 ex

2399 2023 2663 2087 victoria
2702 2043 2825 2088 sua
2866 2022 3284 2103 triumphare,
3329 2026 3662 2104 testamque
3703 2025 3867 2089 nihil
3902 2047 3969 2089 se
4010 2028 4174 2109 quod
4212 2028 4351 2110 diq-

2401 2128 2556 2172 num
2590 2115 2744 2174 esset
2776 2109 3038 2174 victoria
3071 2110 3243 2190 apud
3284 2110 3472 2174 victos
3506 2111 3832 2175 invenisse.
3903 2112 4060 2176 Cum
4094 2112 4350 2185 civibus.

2401 2199 2458 2258 et
2499 2195 2746 2277 iynotis,
2783 2200 2967 2276 atque
2999 2194 3343 2260 humilibus
3376 2215 3443 2259 eo
3476 2196 3860 2261 moderatius
3895 2200 4203 2280 ayendum
4246 2204 4352 2278 est,

2400 2299 2521 2361 quo
2565 2281 2830 2345 minoris
2871 2285 2961 2345 est
3001 2280 3317 2362 afflixisse
3365 2284 3514 2360 [pag.
3562 2286 3708 2360 123]
3756 2302 3872 2347 eos.
3969 2284 4354 2364 Quibusdam

2401 2365 2657 2431 libenter
2678 2385 2940 2447 parcae,
2971 2386 3013 2430 a
3056 2365 3428 2448 quibusdam
3463 2371 3520 2430 te
3559 2367 3880 2431 vindicare
3919 2368 4223 2449 fastidias
4238 2419 4253 2446 ‚
4297 2376 4356 2436 et

2401 2472 2527 2516 non
2558 2450 2742 2517 aliter
2760 2473 2953 2534 quam
2986 2450 3065 2516 ab
3098 2452 3485 2517 animalibus
3508 2453 3747 2532 parvis,
3792 2458 3849 2516 et
3867 2452 4229 2520 obterentem
4257 2456 4354 2519 in-

2403 2537 2839 2618 quinantibus,
2890 2539 3242 2603 reducenda
3274 2537 3509 2603 manus
3542 2543 3646 2604 est.
3735 2538 3829 2602 At
3867 2539 3941 2603 in
3981 2538 4083 2604 his
4126 2542 4239 2622 qui
4281 2542 4353 2606 in

2404 2643 2509 2688 ore
2548 2623 2823 2689 civitatis
2873 2624 3109 2688 servati
3154 2624 3492 2705 punitique
3543 2629 3751 2703 erunt,
3810 2626 4121 2690 occasione
4178 2631 4352 2691 notae
4473 2649 4482 2658 ’

2402 2709 2754 2775 elementiae
2785 2710 3082 2775 utendum
3121 2715 3225 2773 est.

2575 2829 2857 2894 Partitio
2892 2828 3073 2907 haec,
3109 2836 3186 2894 ut
3207 2828 3513 2906 diximus,
3552 2828 3636 2895 ad
3670 2830 3951 2912 primum
3990 2831 4357 2897 membrum

2402 2916 2655 3000 primae
2699 2934 2774 2980 ac
2812 2915 3201 2999 praecipuae
3243 2915 3613 2999 partitionis
3657 2914 4000 2980 referenda
4053 2925 4155 2981 est
4170 2968 4184 2995 ‚
4242 2917 4355 2983 ubi

2403 3023 2525 3068 rex
2569 3001 2714 3068 vult
2755 3002 3032 3067 iniurias
3074 3021 3224 3066 suas
3267 3000 3618 3067 vindicare.
3694 3001 3917 3086 Vulgo
3961 3003 4355 3069 subdivisio·

2405 3110 2559 3153 nem
2578 3094 2835 3153 vocant.
2903 3090 3391 3171 Argumentum
3435 3097 3537 3152 est
3570 3087 3742 3170 quod
3788 3089 4085 3154 rhetores
4117 3097 4357 3155 vocant

2405 3195 2487 3239 ex
2523 3175 2903 3252 remotione,
2938 3175 3010 3238 in
3045 3195 3173 3256 quo
3209 3173 3534 3239 tolluntur
3566 3181 3807 3256 parteS,
3843 3182 3918 3238 ut
3953 3182 4164 3239 totum
4198 3196 4356 3259 quo-

2404 3281 2530 3343 que
2564 3259 2861 3339 tollatur3
2905 3269 2984 3323 ut
3019 3259 3153 3323 hic:
3201 3261 3529 3343 appetitur
3562 3259 3727 3325 ultio
3764 3270 3877 3324 aut
3911 3259 3995 3324 ad
4030 3260 4353 3340 solatium,
4475 3262 4486 3271 “

2405 3358 2521 3411 aut
2554 3346 2638 3410 ad
2675 3346 3125 3425 securitatem3
3170 3354 3487 3410 neutrum
3519 3346 3797 3428 principi
3837 3346 4161 3423 convenit,
4199 3368 4356 3431 ergo

2405 3454 2527 3497 nec
2571 3430 2879 3496 vindicta.
4135 3450 4144 3469 ²

2583 3534 2892 3600 Solatiwm
2931 3535 3113 3616 affert
3155 3532 3285 3621 illi]
3341 3532 3598 3599 Eadem
3657 3534 4010 3616 partitione
4052 3554 4212 3599 usus
4255 3542 4356 3599 est

2406 3620 2637 3688 Oicero
2678 3620 2750 3685 in
2787 3620 3083 3685 oratione
3126 3641 3246 3703 pro
3293 3619 3625 3686 Cluentio:
3685 3619 4010 3684 Homines
4055 3618 4353 3685 inimicos

2405 3727 2558 3772 suos
2600 3713 2810 3771 morte
2844 3705 3014 3771 affici
3035 3706 3284 3783 volunt,
3328 3704 3437 3770 vel
3469 3705 3643 3790 quod
3677 3712 3997 3782 metuunt,
4038 3702 4145 3769 vel
4180 3703 4355 3786 quod

2405 3791 2718 3873 oderunt„
2777 3792 3079 3858 Priorem
3121 3799 3380 3875 partem
3424 3791 3646 3876 attigit
3689 3789 3975 3856 Callistr.
4019 3789 4061 3854 l.
4108 3790 4354 3872 capita-

2404 3878 2569 3943 lium
2625 3881 2672 3961 §.
2727 3878 3011 3943 famosos
3056 3878 3122 3942 ff.
3183 3876 3264 3944 de
3315 3878 3559 3960 poenis.
3648 3875 3742 3942 Ut
3795 3874 4053 3954 solatio,
4119 3875 4187 3940 in
4233 3876 4351 3955 uit,

2405 3965 2494 4030 sit
2532 3965 2828 4048 cognatis
2871 3969 2939 4028 et
2981 3963 3291 4029 affinibus
3333 3963 3894 4045 interemptorum,
3938 3960 4168 4026 eodem
4235 3982 4352 4028 oco

2528 4069 2618 4114 na
2657 4048 2933 4128 reddita,
3021 4069 3105 4114 uo
3149 4049 3437 4114 latrones
3480 4045 3830 4113 homicidia
3867 4046 4181 4113 fecerunt.
4264 4047 4355 4111 Et

2403 4070 2688 4202 &dius
2731 4135 2918 4219 Eleg.
2965 4071 3053 4199 ll:
4365 4186 4388 4199 .

2653 4241 2729 4293 At
2762 4246 2821 4292 tu
2857 4254 2924 4292 ne
2960 4236 3161 4303 dubita,
3197 4238 3399 4291 minuet
3433 4235 3666 4290 vindicta
3700 4235 3971 4290 dolorem:

2761 4306 3039 4376 Unguibus
3074 4307 3127 4359 in
3162 4305 3344 4360 vultus
3380 4306 3626 4374 protinus
3661 4305 3738 4358 ire
3774 4303 3917 4358 licet.

2576 4394 2713 4459 Aut
2753 4392 2825 4457 in
2866 4391 3176 4473 reliquum
3231 4386 3649 4476 securitatem]
3707 4387 3817 4454 Ad
3873 4389 4046 4455 hanc
4100 4394 4354 4473 partem

2403 4479 2741 4564 eleganter
2783 4478 3010 4543 allusit
3052 4475 3342 4555 Statius,
3397 4496 3603 4558 quum
3645 4482 3896 4540 metum
3939 4473 4068 4540 odii
4115 4496 4354 4559 paren·

2400 4572 2539 4630 tem
2582 4563 2955 4648 appellavit.
3173 4634 3178 4639 ,

2582 4665 2914 4749 Principis
2953 4666 3160 4730 maior
3200 4661 3316 4751 est]
3373 4663 3674 4742 Refellit,
3716 4662 3891 4763 quod
3933 4663 4206 4728 minime
4249 4683 4352 4728 re-

2400 4752 2883 4904 Ξέᾚνῗὲεέιῗ
2910 4747 4355 4935 εἷῖῗῧρῗέῗώεᾙὲᾚᾛέἐῖὲἓορᾝὲ

2401 4934 2537 4990 stas
2580 4933 2771 4990 extra
2813 4932 3327 4988 controversiam
3366 4928 3581 5005 posita
3624 4928 3726 4987 sit.
4279 4926 4300 4949 ‘
4379 4936 4386 4947 ⁶

2581 5022 2979 5111 Opinionem]
3037 5023 3646 5101 Existimationem,
3691 5024 3978 5106 passive,
4022 5021 4092 5085 id
4136 5028 4239 5086 est
4278 5028 4357 5085 ut

2399 5112 2600 5180 fidem
2644 5130 2916 5178 suarum
2960 5110 3206 5175 virium
3248 5130 3331 5193 po
3377 5110 3488 5176 ulo
3532 5109 3746 5176 faciat.
3836 5106 4068 5174 Oioero
4112 5108 4182 5171 in
4228 5106 4353 5169 'Po-

2401 5200 2593 5283 picis:
2659 5196 2740 5262 In
2808 5196 3072 5261 homine
3103 5196 3394 5261 ‘virtutis
3458 5195 3679 5278 opinio
3734 5191 3915 5259 valet
3977 5191 4354 5275 plurimum.
