4984 5975
90 270 160 333 iffi

59 523 207 595 ma

59 712 163 871 {A}

59 911 171 968 mu

59 997 176 1040 mm

59 1145 166 1241 tm

59 1320 203 1411 '¹⁸²¹ss

59 1406 119 1473 aa
156 1420 189 1497 J

633 259 747 321 161
2049 256 2340 322 LIBER
2383 256 2437 323 L
2529 257 2833 324 cAPU'r
2877 257 2995 323 vi„
3044 255 3199 322 vn
3759 322 3771 339 ,
4520 259 4638 321 162

639 450 944 527 tanquam
999 442 1070 509 id
1125 444 1290 526 quod
1329 445 1665 525 coustituit,
1708 444 2128 510 iustissimam
2169 445 2268 511 sit.
2358 443 2579 529 Ionos-

636 550 768 598 cere
808 533 1018 595 autem
1065 534 1180 611 est,
1237 550 1399 613 quae
1452 531 1702 598 iudicas
1743 530 2106 612 punienda,
2158 551 2284 596 uon
2323 532 2577 611 punire.

651 613 880 695 Venia,
946 614 1184 681 debitae
1233 636 1475 697 poenae
1537 616 1823 683 remissio
1882 621 1986 682 est.
2077 614 2421 683 Clementia
2472 616 2582 682 hoe

628 702 915 784 primum
955 706 1269 784 praestat,
1321 707 1393 767 ut
1444 722 1597 785 Quos
1649 702 1933 779 dimittit,
1990 702 2155 767 nihil
2202 701 2386 767 aliud
2436 701 2582 769 atos

627 788 769 870 pati
810 787 1092 855 debuisse
1133 790 1512 869 prommtiet.
1604 788 1862 853 Plenior
1903 793 1995 853 est
2047 808 2192 872 erqo
2244 789 2436 870 quam
2484 808 2582 852 ve-

636 874 763 950 nia,
806 877 862 938 et
898 873 1225 939 honestior.
1311 873 1415 939 De
1454 873 1635 939 verbo
1678 873 1782 957 (ut
1821 893 1960 939 mea
1998 873 2124 954 fert
2164 873 2399 956 opinio)
2444 893 2584 940 eon-

638 959 938 1024 troversia
991 964 1106 1039 est,
1160 959 1235 1025 de
1273 980 1343 1024 re
1384 958 1636 1043 quidem
1677 959 1969 1025 convenit.
2064 956 2333 1039 Sapiens
2376 959 2582 1024 multa

636 1045 925 1110 remittet.-
993 1045 1221 1111 multos
1262 1065 1505 1127 parum
1560 1044 1737 1125 sani,
1804 1045 1913 1110 sed
1961 1043 2271 1111 sauabibis
2323 1045 2580 1129 ingenii,

632 1130 913 1196 servabit.
1001 1131 1338 1214 Ayricolas
1377 1131 1563 1196 bonos
1595 1131 1968 1215 imitabitur,
2024 1131 2134 1211 qui
2176 1151 2298 1195 uon
2338 1135 2583 1197 tantum

634 1220 831 1281 rectas
853 1236 1275 1298 procerasque
1308 1216 1555 1281 arbores
1589 1217 1806 1296 colunt,
1840 1215 1951 1281 sed
1984 1215 2119 1281 illis
2153 1236 2389 1298 quoque
2423 1235 2584 1298 quas

634 1301 856 1382 aliqua
898 1301 1269 1383 depravavit
1309 1322 1521 1382 causa,
1566 1302 1956 1369 adminicula
1998 1302 2225 1386 quibus
2264 1306 2579 1386 reyantur,

630 1387 966 1469 amicant.
1053 1388 1249 1454 Alias
1290 1389 1742 1454 circumcidunt
1755 1438 1769 1466 ‚
1823 1408 1900 1453 ne
1930 1389 2369 1472 proceritatem
2411 1387 2583 1452 rami

616 1479 931 1553 premant.
1006 1474 1330 1555 Quasdam
1362 1474 1656 1555 infirmas
1687 1475 1838 1539 vitio
1871 1473 2008 1553 loci,
2043 1475 2349 1540 nutriunt.
2431 1473 2581 1555 Qut-

623 1558 897 1624 busdam
937 1561 1152 1626 aliena
1203 1559 1428 1625 umbra
1481 1558 1930 1637 laborantibus,
1988 1561 2221 1627 coelum
2274 1561 2582 1641 aperiunt.

618 1642 992 1710 Secundum
1024 1645 1174 1711 haec
1204 1644 1430 1711 videbit
1446 1645 1762 1727 perfectus
1794 1647 2052 1726 sapiens
2072 1646 2235 1727 quod
2264 1646 2584 1729 inyem‘mn

616 1751 756 1813 qua
815 1733 1056 1797 ratione
1102 1733 1504 1797 tractandum
1555 1733 1664 1811 sit,
1731 1732 1915 1797 donec
1971 1733 2041 1796 in
2095 1736 2328 1797 redum
2369 1752 2584 1812 prava

603 1817 969 1895 flectantur.
1461 1830 1465 1834 ’
2326 1844 2336 1853 ·

805 1900 1145 1987 Quidquid
1187 1902 1295 1969 hic
1340 1904 1636 1987 disputat
1678 1902 1958 1983 Seneca,
2012 1925 2145 1969 uno
2187 1886 2393 1969 verbo·
2431 1904 2584 1969 sub-

609 1989 809 2054 verti
851 1996 1084 2072 potest.
1173 1989 1236 2053 Ν
1239 2011 1323 2054 on
1367 1990 1542 2055 enim
1586 1988 1879 2073 procedit
1927 1995 2422 2074 argumentum:
2481 2010 2585 2055 re-

608 2074 819 2139 misit
859 2095 1141 2158 poenam
1191 2077 1493 2142 m'oritam
1506 2127 1521 2154 ,
1580 2096 1736 2160 ergo
1780 2075 2223 2158 praetermisit
2272 2073 2445 2157 quod
2488 2074 2587 2139 fa-

612 2181 783 2225 cere
828 2158 1072 2227 debuit.
1161 2161 1454 2227 Poenam
1509 2163 1685 2226 enim
1740 2159 2133 2227 condonavit
2188 2180 2342 2225 cum
2394 2158 2589 2225 laude

620 2246 1040 2327 clementiae,
1082 2267 1281 2331 quam
1315 2267 1468 2314 cum
1504 2246 1699 2313 laude
1733 2247 2109 2312 severitatis
2142 2247 2438 2330 irrogare
2470 2265 2588 2328 po·

625 2333 792 2396 tuit:
841 2345 907 2399 et
985 2333 1058 2398 ui
1093 2332 1406 2399 talionem
1443 2333 1652 2417 exigit
1693 2332 1775 2398 ab
1819 2341 2045 2398 autore
2079 2332 2376 2411 iniuriae,
2419 2330 2590 2396 nihil

630 2418 777 2502 agit
807 2354 985 2503 quod
1014 2418 1126 2484 ille
1161 2439 1297 2484 non
1330 2419 1674 2485 meruerit:
1714 2439 1834 2484 nec
1869 2426 2091 2483 tamen
2126 2417 2592 2501 praetermittit

640 2504 809 2585 quod
842 2505 1058 2572 facere
1095 2504 1336 2585 debuit,
1382 2506 1438 2568 si
1479 2504 1790 2570 iniuriam
1823 2503 2107 2569 inultam
2143 2524 2285 2569 6666
2319 2503 2587 2586 patitur.

2860 445 3080 512 Parcit
3120 445 3287 510 euim
3326 444 3610 534 sapiens]
3673 445 3859 511 Haec
3912 447 4133 511 omnia
4186 466 4263 510 eo
4317 450 4632 528 spectant,

2685 544 2762 598 ut
2793 531 3098 619 ostendat
3130 532 3495 615 sapientem
3530 531 3913 597 clementiae
3947 552 4104 596 suae
4139 551 4406 597 causam
4441 552 4634 616 posse

2685 618 2977 685 reddere.

2861 704 3011 770 Non
3043 703 3157 769 sub
3187 702 3465 784 formula
3483 700 3748 790 iudicat]
3786 702 3868 767 Id
3902 716 4006 768 est
4039 702 4121 768 ad
4156 703 4635 786 praescriptum

2688 790 2927 856 summi
2954 789 3157 889 juris,
3212 786 3759 889 quemadmodum
3804 786 4049 887 iudices
4063 839 4077 867 ,
4133 788 4242 871 qui
4288 809 4373 853 ex
4401 788 4638 888 ‘legum
4721 824 4726 831 ι

2684 882 3111 1028 ΨἩΠἪ
3125 873 4186 1043 &sufflammat
4209 895 4486 1043 53⁰3&
4519 874 4637 1025 {¹1¹3

2685 1046 2915 1112 durius
2977 1052 3093 1112 aut
3142 1045 3480 1111 remissius
3528 1046 3966 1111 constituatur
3981 1097 3997 1123 ,
4051 1066 4248 1130 quam
4293 1064 4489 1111 causa
4535 1044 4641 1112 (16-

2684 1132 2910 1216 poscit.
2966 1132 3104 1197 Nec
3137 1132 3314 1214 enim
3340 1140 3457 1196 aut
3479 1130 3851 1198 severitatis
3874 1139 3989 1196 aut
4012 1130 4393 1196 clementiae
4428 1131 4638 1215 gloria

2686 1216 3053 1285 affectanda
3094 1223 3221 1295 est,
3275 1217 3389 1283 sed
3433 1237 3754 1300 perpenso
3788 1216 4056 1295 iudicio,
4102 1224 4298 1300 prout
4340 1238 4638 1300 quaeque

2685 1326 2793 1371 res
2825 1303 3218 1387 expostulat,
3243 1302 3663 1368 statuendum
3687 1312 3803 1368 est.
3849 1301 4301 1384 Quintilianus
4332 1302 4498 1367 libro
4520 1302 4636 1367 V.:

2687 1389 3082 1473 Deprecatio
3114 1410 3266 1454 rara
3299 1387 3669 1465 admodum,
3708 1396 3776 1453 et
3808 1388 3979 1472 apud
4016 1409 4128 1453 eos
4164 1387 4334 1454 solos
4368 1387 4636 1467 iudices,

2685 1477 2797 1559 qui
2833 1473 3016 1539 nulla
3049 1482 3232 1540 certa
3263 1473 3472 1539 forma
3504 1474 3980 1557 pronunciandi
4015 1481 4342 1541 tenentur.

2868 1561 3099 1642 Quanti
3142 1560 3270 1625 vult
3309 1560 3635 1625 aestimare
3677 1558 3872 1647 litent]
3921 1561 4291 1653 Aestimare
4334 1561 4512 1624 enim
4555 1559 4636 1623 li-

2687 1655 2846 1723 tem,
2887 1667 3023 1710 non
3059 1646 3272 1711 solum
3306 1653 3408 1709 est
3440 1646 3778 1729 concipere
3812 1646 4264 1712 conclusiones
4288 1645 4373 1710 ad
4396 1644 4639 1711 damna

2690 1739 2756 1797 et
2798 1733 3135 1805 interesse,
3180 1741 3256 1795 ut
3289 1730 3650 1815 loquuntur
3670 1733 4088 1814 Pragmatici,
4136 1730 4251 1796 sed
4283 1732 4479 1797 etiam
4512 1732 4638 1797 cri-

2688 1817 3023 1883 minaliter
3065 1817 3437 1882 intendere:
3485 1838 3613 1900 qua
3656 1818 3906 1883 ratione
3941 1817 4107 1882 dixit
4129 1816 4360 1895 Cicero
4392 1818 4464 1881 in
4488 1837 4637 1885 ora-

2689 1905 2867 1969 tione
2920 1924 3039 1987 pro
3083 1902 3389 1969 Cluentio
3403 1953 3418 1981 ,
3478 1905 3823 1969 aestimare
3879 1903 4061 1968 litem
4116 1903 4362 1986 capitis.
4452 1901 4637 1968 Dici-

2689 1998 2802 2054 tur
2844 1997 3068 2054 autem
3118 1997 3259 2054 tam
3306 1988 3448 2072 ipse
3500 1988 3702 2055 iudex
3752 2010 3948 2072 quam
3993 1997 4173 2054 actor
4217 1988 4400 2053 litem
4440 1989 4637 2055 aesti-

2689 2095 2887 2139 mare.
2978 2073 3377 2139 Plutarchus
3435 2073 3592 2139 dicit
3635 2074 4018 2141 Ciceronem
4075 2081 4515 2140 accusatorem
4567 2075 4639 2138 111

2690 2181 2889 2226 661166
2911 2160 3141 2225 Verris
3186 2160 3373 2224 litem
3416 2161 3795 2226 aestimasse
3840 2161 4274 2243 septingentis
4318 2161 4639 2243 quinqua-

2691 2246 2877 2330 ginta
2912 2244 3201 2310 millibus
3247 2245 3582 2311 sestertiis.
3674 2246 3933 2311 Gellius
3976 2245 4145 2311 libro
4184 2246 4374 2311 XX:
4421 2246 4639 2311 Aesti-

2691 2340 2870 2396 mata
2910 2331 3027 2395 lite
3064 2330 3267 2395 iudex
3307 2331 3645 2396 hominem
3687 2332 4003 2414 pecuniae
4047 2330 4417 2397 damnabat.
4487 2330 4638 2396 Ole-

2689 2417 2938 2482 mentia
2992 2437 3147 2501 ergo
3201 2417 3504 2482 aestimat
3556 2417 3740 2482 litem
3796 2417 4025 2500 quanti
4064 2416 4234 2482 vult:
4291 2417 4445 2500 quia
4498 2417 4640 2481 61116

2692 2503 3021 2568 sententia
3078 2523 3211 2567 non
3266 2501 3459 2567 debet
3513 2502 3780 2568 limitari
3825 2500 3909 2566 ad
3953 2503 4223 2567 actionis
4268 2502 4636 2569 formulam.

2502 2895 2761 2951 Fluls

854 5251 1082 5317 σαιυῡιι·
1105 5276 1299 5333 ma.
1378 5262 1496 5317 vot.
1548 5259 1604 5314 ν.

4172 5257 4237 5310 11
