4984 5975
612 286 649 345 7
2337 238 2650 341 Pam
2658 271 2897 340 Amo,

611 477 934 554 pugnant,
980 466 1271 533 iudicare
1314 473 1695 549 potuerunt,
1740 465 1914 531 inter
1956 463 2306 548 primarios
2348 462 2567 527 latini·

616 557 773 621 tatis
824 575 1129 638 proceres
1190 559 1560 617 numerant.
1673 550 1900 617 Facile
1953 551 2080 619 fuit
2142 548 2351 614 Fabio
2416 569 2567 614 cum

617 641 818 707 larvis
876 641 1042 705 citra
1090 637 1385 722 pulveris
1445 637 1694 703 iactum
1758 636 2014 703 luctari.
2116 634 2334 700 Homo
2389 635 2568 699 enim

616 734 915 791 mortuus
959 745 1091 790 non
1134 722 1506 801 mordebat;
1552 724 1704 789 vivo
1747 722 2128 805 videntique
2171 719 2565 805 obstrepere,

618 833 749 878 non
791 813 950 877 item
995 809 1300 875 licuisset.
1390 808 1528 875 Nec
1571 816 1793 873 tamen
1829 829 1980 873 eum
2025 807 2120 873 ita
2155 806 2336 873 omni
2374 804 2570 871 laude

616 921 648 963 s
694 897 951 976 oliavit‚
1015 906 1090 960 ut
1152 915 1290 960 non
1345 894 1682 977 reliquerit
1735 894 1832 958 illi
1899 912 2224 960 summam
2283 890 2566 957 laudem.

671 981 961 1066 iquidem
1019 980 1102 1046 ab
1157 980 1391 1046 ultima
1442 980 1758 1046 memoria
1825 980 2068 1046 latinos
2121 984 2410 1045 oratores
2465 998 2571 1042 re-

616 1076 863 1152 petens,
909 1067 1167 1152 copiam
1207 1066 1406 1132 unius
1448 1066 1742 1133 Senecae
1786 1067 1958 1132 inter
2000 1085 2224 1130 omnes
2265 1062 2568 1130 celebrat.

616 1156 711 1220 Et
751 1176 870 1221 cur
912 1153 1019 1219 hic
1062 1151 1268 1219 verba
1308 1150 1714 1236 perdantur?
1805 1152 1941 1218 Res
1983 1151 2056 1215 in
2097 1157 2406 1234 promptu
2447 1156 2567 1215 est.

618 1239 814 1321 Quod
858 1239 944 1304 ad
983 1260 1089 1305 me
1133 1238 1388 1317 attinet,
1428 1259 1561 1303 non
1604 1238 1854 1323 pigebit
1892 1239 1966 1302 in
2007 1236 2299 1301 medium
2333 1234 2572 1300 afferre

617 1325 789 1410 quod
856 1325 1096 1403 sentio,
1163 1344 1298 1389 non
1361 1334 1440 1388 ut
1495 1323 1812 1408 religione
1877 1324 2098 1406 aliqua
2163 1321 2279 1388 obs
2349 1322 2362 1336 ‘

616 1412 917 1478 lectores:
980 1412 1247 1491 stabunt
1300 1411 1414 1493 qui
1455 1409 1683 1475 volent
1725 1416 1949 1475 nostro
2004 1407 2243 1473 iudicio
2260 1459 2273 1485 ,
2344 1406 2458 1472 alii
2501 1427 2571 1472 se

618 1500 640 1562 i
686 1499 743 1564 si
788 1496 1160 1571 consulent,
1219 1505 1335 1561 aut
1388 1494 1470 1561 de
1527 1495 1792 1560 cohorte
1849 1496 2232 1578 peritiorum
2287 1492 2570 1558 iudicem

620 1520 851 1649 fgrent.
943 1579 1016 1648 Si
1064 1580 1219 1665 quid
1264 1603 1384 1665 ego
1422 1579 1738 1666 intelligo,
1786 1581 1887 1646 vir
1930 1581 2054 1646 fuit
2096 1579 2378 1645 eximiae
2421 1599 2570 1643 eru-

620 1668 885 1734 ditionis
902 1720 918 1746 ,
977 1678 1044 1733 et
1094 1667 1377 1752 insignis
1416 1665 1773 1733 facundiae.
1866 1666 2082 1748 Quam
2127 1666 2305 1730 enim
2351 1685 2572 1730 rerum

621 1754 925 1839 peritiam
968 1753 1225 1837 assequi
1271 1773 1405 1819 non
1446 1755 1736 1837 potuerit
1775 1752 1935 1818 felix
1974 1751 2142 1817 illud
2186 1747 2569 1850 ingenium?

620 1842 684 1906 N
685 1848 913 1906 aturae
977 1840 1297 1925 mysteria
1346 1861 1512 1923 quae
1578 1838 1666 1904 ad
1715 1860 1861 1904 eam
1913 1838 2367 1923 philosophiae
2419 1857 2573 1919 par-

623 1936 756 1992 tem
803 1926 1150 2009 pertinent,
1196 1945 1392 2008 quam
1438 1924 1680 1990 Graeci
1721 1924 1822 2003 τὴν
1866 1922 2117 2008 φυσικῆν
2161 1932 2429 2001 vocant,
2488 1920 2571 1987 ad

623 2034 914 2096 unguem
951 2011 1246 2078 callebat.
1338 2009 1561 2092 Quum
1597 2031 1756 2077 vero
1800 2016 1859 2074 ἐν
1901 2018 2026 2085 τοῖς
2068 2008 2308 2088 ἠθικοῖς
2351 2028 2575 2073 versa-

622 2108 764 2175 tur,
821 2097 909 2164 ibi
965 2098 1374 2181 potissimum
1418 2106 1679 2182 regnat,
1727 2105 1794 2161 et
1836 2098 2025 2182 quasi
2066 2097 2140 2161 in
2185 2115 2415 2177 campo
2454 2113 2573 2158 suo

601 2185 853 2249 currit:
901 2183 1255 2249 dialecticis
1297 2182 1689 2262 instructus,
1737 2193 2058 2266 quantum
2103 2182 2265 2249 satis
2304 2187 2447 2246 erat
2489 2177 2575 2244 ad

618 2270 930 2336 orationis
973 2269 1240 2335 cultum.
1330 2268 1661 2334 Historias
1706 2280 1979 2347 veteres,
2023 2268 2277 2352 quoties
2321 2286 2406 2331 ex
2447 2286 2572 2330 usu

617 2354 802 2433 foret,
850 2355 1165 2420 memoria
1208 2355 1788 2437 complectebatur:
1829 2375 1959 2439 qua
1998 2362 2225 2420 tamen
2266 2369 2574 2418 nonnun-

617 2460 817 2524 quam
861 2441 1085 2524 lapsus
1125 2447 1254 2519 est,
1312 2440 1470 2505 dum
1516 2441 1641 2507 sibi
1695 2441 1977 2507 nimium
2020 2439 2337 2525 indulget.
2425 2437 2573 2503 Iam

617 2547 773 2593 vero
817 2548 1030 2592 sermo
1072 2547 1278 2610 purus
1323 2548 1399 2593 ac
1432 2526 1681 2593 nitidus
1725 2549 1918 2593 suum
1953 2527 2202 2594 scilicet
2235 2523 2574 2592 saeculum

617 2612 935 2678 redolens.
1023 2612 1255 2678 Genus
1312 2611 1570 2678 dicendi
1627 2613 1899 2697 elegans
1941 2632 2017 2678 ac
2060 2609 2392 2678 floridum:
2454 2609 2573 2674 sti-

615 2699 720 2763 lus
764 2698 1147 2764 illaboratus
1161 2749 1177 2775 ,
1234 2717 1310 2765 ac
1353 2698 1497 2763 sine
1542 2698 1875 2764 anxietate
1932 2700 2173 2763 fluens:
2232 2696 2575 2762 character

618 2782 982 2861 mediocris,
1024 2783 1234 2866 qualis
1273 2782 1736 2866 philosophum
1773 2783 1986 2850 decet:
2026 2782 2317 2866 assurgit
2350 2788 2571 2845 tamen

618 2866 978 2948 interdum,
1034 2876 1111 2933 ut
1153 2878 1469 2952 appareat
1521 2868 1970 2934 sublimiorem
2012 2869 2111 2933 illi
2152 2887 2393 2934 venam
2436 2886 2571 2930 non

619 2953 904 3020 defuisse
923 3005 938 3032 ,
986 2955 1043 3019 si
1087 2954 1472 3020 affectasset.
1564 2953 1933 3021 Verborum
1975 2955 2310 3021 luxuriam
2353 2971 2427 3018 ac
2473 2949 2573 3016 di-

618 3041 963 3106 cacitatem
998 3039 1290 3123 plerique
1324 3061 1549 3110 omnes
1581 3040 1680 3104 illi
1713 3042 2141 3125 exprobrant:
2179 3040 2365 3106 cuius
2400 3047 2576 3104 certe

619 3125 899 3190 nimium
943 3146 1085 3191 esse
1127 3127 1354 3192 fateor.
1442 3127 1756 3210 Haecque
1815 3126 2035 3193 dulcia
2078 3146 2221 3193 esse
2266 3124 2428 3190 vitia
2470 3123 2577 3188 in-

620 3217 945 3294 terpretor
958 3263 974 3291 ‚
1036 3210 1272 3294 quibus
1317 3211 1654 3279 abundare
1698 3211 2025 3280 Senecam
2083 3213 2175 3278 ait
2218 3207 2575 3291 Quintilia-

620 3317 765 3362 nus.
837 3297 1353 3380 Dispositionem
1398 3299 1598 3363 etiam
1635 3298 1953 3380 desidero,
1998 3319 2132 3365 non
2175 3303 2577 3381 postremam

620 3383 933 3449 orationis
976 3382 1208 3449 lucem.
1277 3381 1473 3464 Quod
1514 3384 1572 3451 si
1614 3385 1777 3462 vitia
1818 3406 1968 3451 cum
2009 3383 2368 3454 virtutibus
2415 3401 2577 3465 pen·
2627 3429 2631 3446 .

2620 468 2626 509 2

2625 819 2632 885 l

2626 1238 2632 1345 l

2674 482 2843 527 men.
2934 462 3109 527 Nam
3154 462 3406 527 Brutus
3463 470 3531 527 et
3587 462 3727 527 eius
3786 462 4089 546 aequales
4141 461 4325 529 nobis
4367 462 4618 529 excide-

2674 557 2847 615 runt.
2946 547 3028 612 Id
3089 549 3305 631 ipsum
3365 548 3791 630 experientur
3804 599 3819 626 ,
3878 548 3990 630 qui
4044 549 4250 615 bonas
4304 548 4499 614 horas
4550 549 4617 635 in

2674 634 2813 699 eius
2867 634 3143 700 lectione
3198 633 3632 711 collocabunt,
3695 655 3777 698 ex
3820 655 3951 717 qua
3994 634 4285 717 fructum
4341 634 4620 700 referent

2673 719 2870 785 simul
2913 740 2990 785 ac
3033 719 3454 802 voluptatem.
3543 719 3876 785 Futurum
3916 720 3986 784 in
4028 741 4245 786 meam
4292 718 4487 785 fldem
4521 741 4619 786 re-

2675 806 2874 888 cipio,
2930 814 3006 870 nt
3062 806 3317 870 nullum
3375 806 3713 889 impensae
3768 827 4002 889 operae
4164 806 4403 884 niteat,
4460 806 4619 871 dun-

2673 897 2865 956 taxat
2926 891 3037 974 qui
3104 900 3298 957 natus
3364 912 3494 956 non
3562 891 3652 956 sit
3712 891 3926 958 Musis
4078 889 4494 958 versantibus
4555 902 4621 957 et

2674 976 2946 1043 Gratiis.
3036 976 3184 1042 Tibi
3231 998 3385 1042 vero
3400 1028 3415 1055 ,
3460 976 3901 1042 illustrissime
3944 976 4200 1056 Olaudi,
4247 977 4371 1044 has
4414 976 4619 1042 homi-

2674 1063 2781 1129 nis
2845 1063 3028 1129 dotes
3091 1060 3430 1147 splendide
3494 1061 3872 1145 praedicare
3933 1062 4101 1128 nihil
4168 1084 4333 1147 opus
4400 1063 4618 1128 fuerit:

2673 1169 2794 1233 per
2841 1161 2905 1214 te
2948 1149 3086 1232 ipse
3129 1149 3342 1247 magis
3385 1149 3560 1231 sapis
3574 1200 3589 1227 ,
3658 1170 3855 1232 quam
3896 1158 3973 1215 ut
4013 1150 4405 1214 monitorem
4457 1146 4620 1214 desi-

2675 1234 2880 1300 deres.
2970 1234 3194 1300 Habes
3245 1244 3429 1299 mtus
3486 1256 3563 1300 ac
3619 1234 3794 1300 domi
3860 1235 3969 1321 (ut
4010 1233 4277 1317 dicitur)
4332 1233 4623 1300 vividum

2671 1319 2837 1386 illud
2883 1342 2958 1387 ac
3002 1319 3269 1386 liberale
3312 1321 3650 1403 ingenium
3665 1371 3681 1398 ,
3726 1319 4041 1388 iudicium
4083 1341 4231 1386 acre
4274 1328 4343 1386 et
4383 1320 4621 1404 reposi-

2675 1416 2836 1485 tum,
2882 1406 3268 1472 memoriam
3307 1404 3593 1485 uberem,
3640 1416 3708 1471 et
3750 1407 4021 1472 minime
4064 1408 4343 1473 fluxam:
4389 1405 4619 1491 quibus

2676 1490 2926 1558 accedit
2975 1493 3237 1577 copiosa
3290 1493 3361 1556 in
3415 1490 3648 1557 studiis
3702 1493 3944 1559 nostris
3988 1493 4388 1558 exercitatio.
4479 1492 4618 1569 His,

2675 1586 2753 1643 ut
2816 1578 2912 1643 ita
2973 1578 3203 1662 loquar
3216 1630 3231 1655 ,
3300 1577 3782 1645 consultoribus
3836 1579 4075 1657 fretus,
4138 1577 4330 1645 facile
4385 1580 4621 1662 poteris

2679 1663 3048 1730 discernere
3091 1662 3249 1747 quid
3293 1662 3542 1729 distent
3585 1684 3740 1731 aera
3780 1664 4056 1748 lupinis,
4098 1672 4168 1731 et
4208 1685 4407 1748 quam
4454 1664 4621 1730 bona

2678 1772 2832 1834 pars
2889 1750 3132 1815 latinae
3186 1749 3450 1833 linguae
3507 1759 3761 1816 constet
3800 1751 3871 1815 in
3914 1748 4184 1817 Seneca.
4275 1749 4625 1815 Commen-

2677 1836 2878 1901 tarios
2924 1845 3201 1914 nostros,
3247 1836 3361 1919 qui
3403 1837 3474 1900 in
3517 1834 3717 1901 fidem
3759 1857 3829 1903 se
3865 1846 4053 1902 tuam
4090 1837 4455 1916 conferunt,
4494 1855 4624 1901 non

2677 1921 2870 1987 aliter
2913 1922 3206 2006 accipies,
3252 1942 3327 1986 ac
3369 1924 3636 2006 frugum
3669 1930 4046 1988 nostrarum
4078 1921 4422 2006 primitias,
4465 1942 4625 2006 quae

2679 2008 2796 2074 tibi
2831 2009 2975 2073 iure
3009 2008 3369 2090 meritoque
3404 2018 3871 2074 consecrantur
3898 2015 4095 2091 atque
4130 2015 4622 2091 nuncupantur:

2677 2114 2813 2161 non
2857 2091 3002 2159 ideo
3046 2093 3276 2172 solum,
3321 2093 3477 2176 quia
3518 2115 3624 2159 me
3666 2093 3789 2160 tibi
3832 2102 4045 2162 totum
4086 2115 4360 2178 meaque
4408 2093 4626 2160 omnia

2678 2177 2899 2258 dohec,
2944 2201 3181 2245 verum
3223 2180 3425 2245 etiam
3466 2181 3679 2264 magis
3725 2180 3896 2264 quod
3939 2180 4119 2246 domi
4161 2188 4424 2247 vestrae
4468 2200 4624 2264 puer

2678 2264 3011 2343 educatus,
3052 2264 3287 2331 iisdem
3330 2274 3548 2332 tecum
3583 2266 3817 2332 studiis
3849 2267 4166 2347 initiatus,
4211 2268 4500 2351 primam
4530 2267 4626 2333 vi-

2678 2359 2785 2415 tae
2830 2365 2895 2417 et
2938 2352 3276 2417 literarum
3325 2351 3734 2439 disciplinam
3788 2353 4075 2419 familiae
4130 2360 4390 2419 vestrae
4449 2351 4624 2418 nobi·-

2678 2436 2969 2513 lissimae
3025 2444 3358 2520 acceptam
3417 2439 3646 2504 refero.
3734 2438 3966 2523 Neque
4010 2457 4166 2506 vero
4211 2440 4318 2507 hic
4360 2459 4625 2523 magno-

2678 2543 2836 2607 pere
2890 2522 3284 2589 contendam
3326 2544 3454 2606 quo
3508 2544 3725 2590 meam
3779 2525 3899 2590 tibi
3952 2523 4349 2591 industriam
4392 2543 4624 2616 appro-

2679 2610 2836 2675 bare
2900 2608 3146 2691 possim
3162 2659 3177 2686 ,
3233 2628 3431 2691 quam
3444 2661 3461 2688 ,
3528 2619 3605 2675 ut
3665 2611 3918 2676 ferebat
3969 2611 4427 2677 benevolentia
4478 2629 4627 2695 erga

2679 2715 2785 2759 me
2851 2702 2970 2759 tua
3034 2693 3421 2777 singularis,
3477 2695 3725 2762 iamdiu
3789 2696 4072 2781 benigne
4138 2696 4485 2781 amplexus
4538 2718 4622 2763 es.

2680 2780 2786 2845 Ab
2825 2779 2970 2845 aliis
3011 2778 3359 2846 lectoribus
3393 2788 3724 2866 utcunque
3760 2780 4220 2849 animadversa
4252 2783 4472 2863 fuerit,
4508 2782 4624 2848 etsi

2680 2886 2817 2930 non
2875 2865 3168 2930 omnium
3228 2874 3472 2948 puncta
3524 2867 3695 2935 ferre
3750 2869 4131 2954 contigerit,
4189 2869 4271 2935 ab
4315 2868 4623 2952 aequissi-

2680 2971 2789 3016 mo
2848 2958 3070 3018 tamen
3125 2973 3379 3037 quoque
3433 2955 3822 3021 arbitratore
3872 2976 4004 3020 non
4048 2955 4400 3039 pessimam
4447 2954 4625 3022 habi-

2680 3045 2826 3103 tum
2866 3037 2950 3102 iri
2995 3038 3161 3102 mihi
3205 3041 3487 3122 gratiam
3529 3040 3722 3124 plane
3764 3040 4036 3108 confide.
4102 3040 4277 3106 Nam
4310 3063 4519 3126 quum
4559 3041 4628 3105 in

2681 3130 2871 3189 tanta
2920 3124 3339 3208 ingeniorum
3392 3127 3712 3192 varietate
3765 3127 4071 3193 omnibus
4116 3127 4287 3194 velle
4340 3126 4622 3211 obsequi,

2684 3208 2973 3289 difficile,
3034 3209 3309 3277 fortasse
3352 3212 3552 3277 etiam
3593 3212 3966 3297 improbum
4009 3219 4211 3292 esset,
4267 3212 4442 3298 quod
4483 3211 4627 3279 reli·

2682 3317 2885 3378 quum
2930 3305 3075 3361 erat
3116 3296 3281 3361 mihi
3326 3300 3654 3381 proposui,
3700 3307 3779 3364 ut
3820 3298 4086 3383 optimis
4130 3319 4238 3363 me
4272 3318 4626 3364 accommo-

2685 3381 2930 3448 darem.
3031 3380 3115 3445 Id
3170 3403 3368 3465 quam
3424 3404 3736 3469 prospere
3793 3386 4092 3464 cesserit,
4160 3384 4273 3450 alii
4328 3384 4627 3461 viderint,

621 3489 863 3549 semus,
907 3469 1223 3552 quantula
1265 3470 1506 3535 erunt?
1579 3470 1759 3536 Illud
1801 3470 1995 3537 modo
2030 3474 2388 3546 succurrat,
2427 3468 2579 3532 nul-
2627 3479 2632 3526 i
2682 3467 2943 3551 quando
2994 3467 3076 3533 de
3118 3489 3225 3533 me
3279 3469 3418 3553 ipse
3461 3471 3604 3536 sine
3661 3472 4077 3556 arrogantiae
4120 3471 4333 3556 specie
4374 3470 4628 3555 magni-

618 3554 760 3619 lum
804 3576 1095 3639 unquam
1141 3557 1284 3622 sine
1327 3557 1524 3622 venia
1580 3556 1903 3640 placuisse
1957 3557 2314 3642 ingenium.
2407 3552 2578 3618 Nolo

620 3640 729 3705 hic
786 3639 1059 3708 haerere
1117 3640 1363 3708 dinifius
1378 3694 1394 3720 ,
1463 3664 1672 3707 unum
1726 3643 1848 3710 hoc
1909 3644 2110 3709 semel
2166 3642 2415 3708 dictum
2471 3640 2580 3719 sit,

621 3724 942 3793 Senecam
1009 3735 1308 3793 nostrum
1362 3748 1504 3794 esse
1564 3728 1844 3794 alterum
1901 3727 2264 3796 secundum
2318 3725 2581 3792 Cicero·
2630 3759 2635 3772 ·

625 3833 777 3876 nem
793 3861 808 3892 ‚
864 3825 931 3878 et
971 3813 1420 3897 philosophiae
1465 3823 1532 3880 et
1584 3814 1992 3898 eloquentiae
2051 3833 2360 3881 romanae
2405 3811 2581 3877 colu·
2634 3851 2638 3880 a

2628 3535 2633 3620 ι

2629 3779 2637 3830 1

2682 3554 2986 3621 ficentius
3031 3553 3354 3637 spondere
3398 3577 3531 3623 non
3572 3558 3802 3624 ausim.
3890 3557 4077 3622 Vale.

2902 3673 3207 3752 Parisiis,
3273 3676 3483 3758 pridie
3540 3676 3765 3741 Nonas
3824 3676 4120 3761 Apriles,
4179 3697 4351 3742 anno
4407 3665 4631 3742 salutis

2999 3769 3307 3826 0nostrae
3358 3765 3541 3827 1532.
