4984 5975
2146 277 2883 348 PROLEGOMENA.
4427 285 4538 352 LI

825 466 1071 530 Forma
1113 467 1313 532 etiam
1357 467 1571 549 paulo.
1596 470 1814 533 minor
1853 489 2047 552 quam
2101 466 2578 551 praecedentis.
2671 466 3155 556 Qua-terniones
3198 474 3481 549 quatuor
3523 488 3668 532 cum
3718 467 3986 533 dimidio
4045 469 4289 555 (a—e),
4344 474 4530 555 pagi-

513 597 640 642 nae
683 587 1064 642 numeratae
1111 583 1208 642 70.
1300 579 1567 644 Folium
1632 580 1940 645 ultimum
1994 600 2296 656 vacuum,
2364 578 2756 661 subscriptio
2821 578 3020 644 nulla.
3111 577 3323 643 Adest
3388 599 3643 661 quoque
3697 580 4150 645 Acrostichon.
4239 583 4529 648 Unicum

514 686 855 770 exemplar
896 691 1258 772 reperimus
1301 691 1375 753 in
1417 688 1812 756 bibliotheca
1856 689 2071 757 ducali
2115 689 2450 768 Gothana,
2498 692 2683 755 cuius
2727 690 3040 773 praefecti
3078 688 3248 753 illud
3290 710 3441 754 cum
3486 689 3633 754 aliis
3677 694 4009 768 κειμηλίοις
4052 691 4529 760 humanissime

511 799 856 866 nobiscum
900 801 1487 881 communicarunt,
1534 801 1773 884 quibus
1819 802 2018 867 etiam
2062 800 2144 867 ob
2186 801 2398 867 multo
2442 802 2809 886 insigniora
2850 799 3093 866 favoris
3138 800 3513 865 testimonia
3566 800 3836 884 posthac
3882 800 4216 868 laudanda
4256 803 4530 870 obstric-

512 911 803 978 tissimos
845 932 963 976 nos
1007 914 1409 994 profitemur.

820 1023 904 1088 In
948 1023 1241 1108 catalogo
1282 1023 1498 1090 Musei
1541 1025 1911 1091 Britannici
1953 1025 2199 1090 mentio
2241 1025 2320 1088 fit
2357 1023 2579 1088 tertiae
2621 1022 2931 1088 editionis
2975 1042 3148 1088 anno
3200 1025 3361 1086 1545
3385 1039 3388 1048 ·
3409 1022 3773 1106 evulgatae,
3820 1021 3901 1088 de
3936 1045 4083 1107 qua,
4130 1045 4334 1108 quum
4369 1026 4526 1096 alibi

510 1134 582 1199 in
628 1133 903 1199 eandem
946 1156 1082 1200 non
1124 1134 1566 1215 inciderimus,
1612 1135 1787 1219 quod
1830 1135 2124 1202 dicamus
2167 1156 2303 1200 non
2343 1133 2680 1200 habemus,
3227 1175 3236 1182 ι

822 1243 932 1309 Ad
973 1266 1207 1312 manus
1249 1253 1352 1311 est
1394 1246 1729 1329 exemplar
1772 1246 2147 1312 rarissimae
2199 1251 2458 1328 quartae
2513 1245 2814 1311 editionis
2857 1243 3032 1328 quod
3087 1264 3237 1309 cum
3288 1243 3587 1327 pluribus
3643 1244 3790 1309 aliis
3844 1245 4081 1310 libellis
4135 1246 4524 1315 calvinianis

512 1356 952 1439 Guelferbyto
997 1357 1187 1422 nobis
1232 1358 1508 1422 missum
1552 1365 1668 1424 est.
1757 1357 2018 1423 Titulus
2062 1358 2198 1423 fere
2241 1355 2416 1421 idem
2462 1365 2562 1422 est
2606 1377 2682 1421 ac
2726 1356 3078 1422 secundae:

819 1455 1188 1538 PETIT
1244 1454 1254 1558 Ι
1311 1478 1624 1532 TRAICTE
1670 1478 1772 1532 DE
1819 1478 1917 1531 LA
1964 1475 1973 1544 ι
2028 1478 2338 1534 SAINCTE
2394 1477 2587 1532 CENE
2639 1479 2741 1532 DE
2790 1469 2801 1553 Ι
2852 1474 3073 1532 nostre
3128 1465 3456 1551 seigneur
3508 1467 3697 1531 Iesus
3751 1467 3995 1533 Christ.
4256 1470 4523 1552 Auquel

512 1586 615 1644 est
655 1577 1065 1643 demonstres
1117 1576 1185 1642 la
1220 1600 1429 1663 vraye
1487 1579 1747 1645 institu-
1775 1580 1947 1665 ltion
1992 1581 2188 1662 profit
2232 1587 2299 1642 et
2340 1579 2554 1644 utilite
2597 1579 2654 1644 d'
2656 1579 2858 1645 icelle.
2947 1580 3233 1644 Ensem-
3259 1575 3401 1664 lble
3454 1577 3523 1642 la
3566 1599 3758 1643 cause
3808 1599 4153 1663 pourquoy
4196 1580 4526 1662 plusieurs

512 1688 629 1755 des
665 1690 675 1774 Ι
712 1689 1067 1754 Modernes
1111 1688 1433 1755 semblent
1475 1713 1555 1754 en
1602 1691 1789 1755 auoir
1832 1692 2030 1756 escrit
2069 1697 2078 1766 Ι
2116 1690 2577 1756 diversement.
2619 1690 2628 1774 Ι
2670 1697 3026 1763 (Emblema.)
3064 1697 3073 1765 Ι
3121 1693 3304 1752 1549.
3415 1747 3428 1761 ,

817 1801 1064 1866 Forma
1104 1801 1396 1879 minima,
1433 1801 1893 1884 quaterniones
1928 1808 2203 1885 quatuor
2237 1822 2388 1867 cum
2423 1801 2691 1866 dimidio
2735 1800 3025 1882 (A—E),
3070 1801 3348 1884 paginae
3383 1810 3765 1865 numeratae
3810 1805 3909 1877 70,
3945 1748 4254 1866 ultimum
4290 1802 4522 1868 folium

506 1912 1054 1998 vacuum.'1⁸ypi
1095 1911 1317 1994 pusilli
1360 1911 1474 1977 sed
1520 1910 1729 1976 nitidi.
1816 1913 1882 1977 N
1883 1932 2073 1977 omen
2120 1911 2514 1998 typographi
2559 1917 2827 1977 tacetur.
2898 1910 3247 1976 Emblema
3289 1918 3390 1976 est
3430 1910 3651 1993 palma
3691 1911 3950 1993 qualem
3995 1915 4362 1980 accuratius
4407 1913 4522 1979 de-

505 2022 891 2105 scripsimus
933 2022 1138 2087 Tomo
1172 2021 1298 2086 ΠΙ.
1349 2043 1495 2107 pag.
1531 2023 1683 2089 XL.
1724 2030 1791 2088 et
1837 2044 2037 2106 supra
2071 2024 2276 2088 Tomo
2312 2023 2394 2088 V.
2431 2044 2577 2106 pag.
2623 2021 2735 2100 X„
2785 2022 2900 2089 sed
2935 2043 3087 2087 cum
3122 2021 3506 2107 epigraphe:
3551 2021 3915 2088 PRESSA
3956 2023 4521 2089 VALENTIOR.

505 2133 719 2201 Adest
753 2154 1005 2217 quoque
1048 2153 1313 2198 carmen
1349 2133 1773 2200 acrostichon.
1862 2133 2085 2200 Habet
2130 2134 2291 2201 haec
2337 2134 2494 2199 hinc
2539 2131 2696 2198 inde
2750 2134 3083 2200 variantes
3133 2132 3442 2199 lectiones
3488 2155 3649 2216 quas
3707 2156 3825 2199 suo
3868 2133 4007 2199 loco
4042 2134 4522 2201 annotabimus.

819 2245 1070 2310 Textus
1116 2244 1391 2328 gallicus
1438 2252 1756 2310 tractatus
1805 2245 1885 2311 de
1931 2245 2156 2311 Coena
2207 2245 2451 2329 legitur
2497 2246 2568 2309 in
2624 2242 2909 2309 editione
2953 2245 3218 2309 Bezana
3284 2266 3431 2329 pag.
3490 2248 3860 2322 175-195;
3929 2245 4000 2309 in
4058 2245 4408 2311 Stoeriana
4451 2268 4524 2331 p.

507 2358 866 2435 199—222,
905 2362 973 2421 et
1006 2355 1470 2421 Gosseliniana
1503 2377 1650 2440 pag.
1710 2361 1911 2421 181—-
1921 2361 2064 2421 210.

811 2468 1055 2532 Latine
1094 2466 1372 2532 eundem
1420 2467 1622 2534 vertit
1664 2467 1930 2533 Calvini
1965 2466 2216 2551 collega
2256 2466 2398 2531 Nic.
2446 2465 2563 2533 des
2599 2466 2864 2533 Gallars
2899 2485 3072 2530 anno
3123 2469 3304 2530 1545.
3396 2463 3584 2546 Quae
3618 2467 3830 2532 versio
3866 2467 4067 2532 semel
4112 2475 4373 2532 tantum
4418 2490 4520 2534 se-

502 2579 790 2665 paratim
822 2597 1064 2643 excusa
1107 2578 1309 2644 fuisse
1353 2577 1645 2657 videtur,
1680 2585 1906 2661 postea
1936 2577 2164 2643 latinis
2208 2583 2615 2644 tractatuum
2650 2577 3025 2660 corporibus
3068 2575 3374 2642 omnibus
3423 2577 3702 2642 inserta:
3750 2582 3912 2641 1552
3959 2599 4101 2662 pag.
4150 2582 4522 2659 129—147;

508 2694 674 2754 1576
710 2709 862 2775 pag.
905 2693 1143 2769 1—143
1186 2693 1346 2753 1597
1393 2709 1540 2774 pag.
1574 2693 1809 2770 1-133
1860 2693 2016 2754 1611
2066 2708 2212 2774 pag.
2245 2692 2479 2768 1—11;
2528 2693 2686 2753 1671
2726 2709 2874 2772 pag.
2906 2692 3086 2753 1-9,
3160 2675 3488 2753 Editionis
3529 2687 3844 2771 principis
3876 2688 4214 2773 exemplar
4256 2690 4527 2756 unicum

502 2823 592 2868 ex
623 2800 1015 2867 bibliotheca
1047 2802 1232 2885 regia
1272 2799 1776 2884 stuttgardiena
1809 2800 2147 2866 nobiscum
2181 2800 2659 2866 humanissime
2701 2801 3251 2866 communicatum
3296 2798 3709 2878 contulimus,
3746 2801 3930 2866 cuius
3966 2801 4199 2867 titulus
4240 2800 4350 2865 hic
4395 2814 4526 2869 est:

814 2898 1415 2984 LIBELLVS
1470 2905 1482 3010 Ι
1536 2912 1664 2977 DE
1709 2910 2023 2978 oonNA
2057 2910 2421 2992 nofflNI,
2464 2912 2473 2995 ι
2514 2913 2578 2999 A
2611 2909 2968 2976 IoANNn
3003 2908 3421 2977 oAnvnvo
3461 2909 3471 2995 ι
3509 2909 3762 2994 pridem
3791 2910 4051 2978 Gallina
4073 2912 4301 2999 ling-ua
4320 2913 4524 2997 serip-

506 3033 634 3091 tus.
674 3026 686 3110 Ι
722 3026 788 3091 N
791 3047 919 3092 unc
964 3025 1215 3092 veroin
1239 3025 1564 3090 Latinum
1598 3046 1705 3090 ser
1728 3032 1738 3108 Ι
1760 3044 2026 3089 monem
2069 3044 2439 3089 conuersus.
2484 3025 2492 3108 Ι
2535 3031 2886 3098 (Emblema.)
2925 3032 3280 3087 GENEVAE
3320 3021 3330 3107 Ι
3368 3032 3514 3086 PER
3547 3032 3638 3086 10.
3677 3033 4082 3089 GIRARDVM.
4120 3025 4128 3110 Ι
4176 3030 4359 3090 1545.

815 3138 1063 3202 Forma
1087 3143 1189 3202 est
1221 3136 1555 3209 octonaria
1588 3137 1817 3201 minor.
1880 3133 2360 3216 quaterniones
2395 3141 2552 3202 sunt
2573 3145 2852 3219 quatuor
2890 3153 3037 3198 cum
3059 3132 3328 3198 dimidio
3367 3133 3658 3219 (A—E),
3700 3135 3981 3219 paginae
4015 3145 4399 3203 numeratae
4426 3143 4528 3217 71,

507 3249 745 3314 ultima
785 3269 1011 3315 vacua.
1095 3246 1445 3314 Emblema
1485 3256 1586 3313 est·
1635 3246 1906 3313 Girardi
1954 3246 2209 3332 gladius
2258 3248 2601 3312 flammeus
2655 3268 2808 3313 cum
2854 3267 2978 3312 sua
3024 3245 3384 3329 epigraphe
3431 3244 3790 3325 notissima,
3836 3248 4024 3313 cuius
4058 3254 4284 3313 tamen
4317 3250 4531 3315 forma

506 3380 663 3425 cum
688 3359 873 3424 nulla
893 3380 1119 3424 earum
1139 3356 1447 3425 convenit
1479 3380 1641 3441 quas
1666 3359 1889 3442 plures
1923 3360 2055 3423 iam
2079 3360 2150 3423 in
2184 3360 2386 3425 variis
2420 3358 2606 3424 libris
2643 3356 2971 3422 adhibitas
3007 3356 3484 3438 descripsimus.
3536 3355 3854 3422 Gladium
3888 3380 4021 3423 una
4055 3366 4239 3423 tenet
4271 3381 4528 3440 manus,

504 3469 818 3554 adagium
861 3471 954 3536 sic
1001 3470 1387 3554 dispositum
1429 3470 1703 3555 legitur:
1760 3470 1955 3536 NON
2001 3470 2229 3536 V'ENI
2260 3469 2586 3537 PAOEM
2634 3467 2645 3554 Ι
2692 3466 3109 3533 ΜΙΤΤΕΒΕ
3153 3466 3256 3532 IN
3300 3467 3485 3532 'PER
3509 3466 3518 3551 Ι
3541 3468 3777 3549 RAM,
3834 3468 4016 3535 SED
4063 3470 4528 3537 GLADIVM.

508 3582 760 3647 Textus
815 3581 1166 3648 exhibetur
1230 3602 1375 3666 pag.
1418 3585 1582 3645 7—7
1595 3587 1646 3646 1.
1748 3582 2045 3647 Titulum
2104 3582 2403 3665 sequitur
2449 3602 2596 3666 pag.
2647 3565 2814 3644 3-5
2862 3577 3143 3645 Gallasii
3195 3578 3512 3660 praefatio
3556 3601 3684 3662 qua
3744 3579 3866 3647 hoc
3909 3579 4048 3646 loco
4101 3583 4352 3647 inserta
4386 3604 4531 3647 rem

506 3713 649 3758 non
688 3693 990 3758 inutilem
1012 3694 1299 3758 facturos
1337 3715 1456 3758 nos
1500 3694 1903 3760 confidimus.
1976 3692 2481 3760 Observandum
2519 3702 2741 3756 tamen
2785 3689 3205 3774 praefationis
3259 3698 3328 3755 et
3371 3690 3687 3756 versionis
3724 3700 4019 3757 autorem
4044 3714 4283 3758 nomen
4329 3714 4529 3759 suum

508 3804 704 3869 modo
745 3804 938 3889 plane
974 3803 1293 3888 singulari
1333 3805 1406 3869 in
1445 3805 1726 3870 editione
1770 3807 2063 3888 principe
2101 3805 2521 3887 expressisse,
2561 3806 2838 3871 scilicet:
2887 3802 2967 3867 N.
3028 3800 3356 3866 Lasius.

1566 4028 1573 4031 -
1682 3976 2064 4071 Nicolaus
2126 3977 2532 4072 Gallasius
2582 3979 2744 4096 piis
2805 3973 3222 4095 lectoribus
3281 3971 3367 4065 S.

827 4139 1140 4205 Libellum
1171 4138 1333 4203 hune
1353 4140 1616 4221 pietatis
1655 4144 1713 4203 et
1744 4141 2054 4205 doetrinae
2077 4139 2338 4221 plenum
2374 4145 2515 4204 ante
2559 4161 2759 4205 annos
2799 4143 3071 4224 quinque
3093 4120 3422 4209 'Calvinus
3456 4142 3710 4223 scripsit
3741 4139 3991 4222 vulgari
4030 4159 4323 4219 sermone,
4367 4141 4532 4206 nude

500 4256 572 4317 et
628 4250 765 4317 sine
807 4250 936 4316 ullo
979 4255 1300 4332 apparatu
1318 4301 1332 4330 ‚
1386 4256 1636 4315 venuste
1692 4256 1895 4316 tamen
1937 4272 2010 4316 ao
2050 4252 2414 4332 perspicue,
2475 4252 2694 4317 ordine
2736 4254 2925 4317 etiam
2978 4253 3249 4320 adhibito
3292 4259 3350 4318 et
3391 4258 3554 4318 certa
3598 4250 3852 4316 docendi
3905 4251 4144 4315 ratione
4187 4250 4418 4331 quibus
4459 4253 4531 4315 in

511 4362 774 4443 seriptis
815 4362 954 4426 suis
991 4363 1087 4427 uti
1122 4362 1285 4427 solet.
1376 4361 1678 4442 Cupiebat
1709 4363 1874 4427 enim
1916 4363 2148 4428 nostris
2188 4361 2553 4428 bominibus-0
2587 4383 2660 4427 ac
2693 4365 3037 4447 praecipue
3076 4365 3398 4431 illiteratis
3439 4363 3782 4441 subvenire,
3840 4381 4105 4443 quorum
4147 4364 4403 4428 animus
4449 4362 4532 4429 ob

514 4474 967 4539 controversias
1008 4474 1186 4553 illas,
1239 4494 1398 4555 quae
1438 4475 1601 4538 inter
1644 4452 1904 4556 {naonos
1942 4476 2110 4539 viros
2151 4476 2423 4558 aqitatae
2465 4480 2673 4554 erant,
2731 4475 2824 4540 ita
2864 4477 3184 4542 aestuabat
3223 4474 3626 4552 dubitatione,
3683 4478 3752 4537 ut
3794 4474 3949 4554 quid
3992 4475 4397 4556 potissimum
4440 4495 4533 4538 se-

508 4589 848 4667 querentur
888 4585 1260 4668 iquorwrent.
1357 4585 1488 4666 Quo
1543 4586 1792 4666 quidem
1849 4586 1942 4649 ita
1998 4585 2175 4650 nobis
2212 4586 2462 4668 profuit
2503 4591 2572 4651 ut
2623 4607 2746 4651 non
2799 4592 3040 4653 tantum
3083 4587 3359 4668 imperiti
3398 4605 3472 4649 ae
3511 4585 3720 4662 rudeS,
3764 4585 3874 4649 secl
3914 4585 4103 4649 etiam
4136 4586 4296 4650 docti
4338 4605 4531 4666 quam

450 4736 461 4751 κ
498 4695 782 4779 plurimi
835 4715 1135 4779 magnam
1175 4717 1241 4761 se
1278 4717 1354 4761 ex
1394 4716 1461 4761 eo
1494 4696 1823 4761 utilitatem
1865 4697 2118 4778 adeptos
2159 4717 2289 4763 esse
2319 4697 2660 4779 fateantur.
2750 4697 3060 4764 Permulti
3102 4698 3270 4762 enim
3311 4696 3422 4778 qui
3464 4696 3667 4761 adbuc
3708 4696 4099 4779 vaqabantur
4141 4697 4375 4775 incerti,
4421 4696 4532 4762 hoo

502 4805 770 4889 perlecto
812 4806 1012 4872 libello
1054 4809 1147 4873 ita
1192 4808 1688 4888 conquieverunt,
1746 4812 1818 4872 ut
1848 4809 2081 4888 positis
2136 4810 2612 4875 contentionibus
2653 4810 2967 4874 veritatem
3010 4809 3139 4874 Dei
3183 4813 3572 4891 aquescerent
3628 4813 3684 4872 et
3737 4809 4253 4889 amplecterentur.
4340 4806 4534 4873 Docet

514 4919 684 4985 enim
716 4918 829 5001 pie
869 4918 1017 4999 quis
1068 4920 1153 4984 sit
1191 4924 1723 4985 sacramentorum
1773 4939 1962 4998 usne,
2021 4925 2326 5001 quantum
2369 4921 2462 4985 eis
2507 4921 2905 4986 tribuendum
2923 4971 2937 4993 ,
2995 4925 3128 4984 tum
3171 4920 3242 4984 in
3297 4941 3415 5001 quo
3461 4921 3842 5002 offenderunt
3884 4920 3938 4985 ii
3983 4920 4095 5001 qui
4136 4919 4289 5001 plus
4338 4938 4533 4999 aequo

514 5030 685 5112 ipsis
740 5028 1037 5108 tribuere,
1094 5031 1203 5112 qui
1255 5031 1401 5095 item
1450 5030 1766 5097 detrahere
1820 5031 2160 5097 voluerunt.
2251 5030 2478 5113 Itaque
2531 5052 2723 5115 quum
2773 5031 3044 5096 viderem
3097 5032 3258 5097 hunc
3305 5031 3577 5098 libellum
3630 5031 3816 5097 etiam
3870 5031 4138 5096 literatis
4189 5029 4345 5094 usui
4399 5048 4533 5094 esee

498 5159 715 5223 posse,
759 5160 832 5205 ae
860 5137 1189 5223 plerosque
1230 5162 1352 5207 non
1395 5142 1685 5226 vulyaree
1716 5144 1887 5208 viros
1901 5194 1916 5223 ,
1961 5143 2185 5225 quibus
2218 5142 2435 5208 nullus
2476 5143 2731 5229 linquae
2772 5147 3017 5208 nostrae
3059 5150 3219 5209 usus
3262 5148 3381 5223 est,
3427 5144 3616 5209 latine
3658 5143 3962 5223 scriptum
4004 5141 4390 5218 desiderare,
4434 5158 4534 5203 me

4045 5243 4126 5299 G*
