4984 5975
527 1789 539 1800 .
630 1743 712 1809 ab
773 1742 1044 1807 ecclesia
1097 1762 1238 1806 esse

621 271 746 333 391

622 459 727 523 bis
750 457 1049 542 linguam
1084 456 1599 540 magniloquam:
1645 465 1763 520 aut
1804 456 2283 538 aliquantulum
2326 456 2408 521 ab
2452 456 2582 521 ista

624 542 1186 628 magniloquentia
1243 541 1362 606 tibi
1419 549 1785 625 temperare
1841 542 2197 623 oportebat.
2264 540 2434 606 Nolo
2480 549 2598 606 ta-·

623 650 780 693 men
816 629 889 692 in
930 627 1209 709 singulis
1255 628 1605 707 immorari,
1642 627 1771 692 nisi
1807 626 1977 710 quod
2020 639 2085 691 te
2124 635 2431 710 reputare
2467 649 2580 695 cu-

624 714 763 796 pio,
820 735 1017 796 quam
1072 712 1158 778 sit
1210 711 1621 790 indecorum,
1680 733 1767 777 ne
1822 711 2033 779 dicam
2086 712 2442 792 illiberale,
2486 713 2585 777 ita

624 819 871 863 vexare
924 800 1341 865 immerentes
1392 799 1620 863 multis
1678 797 1896 864 verbis
1911 850 1926 874 ,
1984 820 2151 881 quae
2199 797 2399 865 verbo
2451 820 2584 864 uno

624 885 853 949 statim
896 884 1105 949 refelli
1148 892 1409 966 queant.
1481 882 1881 967 Quanquam
1931 885 2078 952 leve
2134 891 2234 949 est
2284 884 2585 950 homines

624 971 886 1036 afficere
932 970 1191 1048 iniuria,
1238 977 1471 1053 praeut
1515 980 1615 1035 est
1666 970 2031 1054 indignitas
2085 976 2312 1035 tantae
2356 977 2585 1036 contu-

623 1056 893 1135 meliae,
932 1077 1129 1138 quae,
1173 1056 1283 1121 ubi
1319 1054 1403 1119 ad
1447 1078 1713 1121 causam
1756 1057 1975 1136 venis,
2021 1054 2287 1122 Christo
2333 1063 2399 1121 et
2444 1056 2585 1121 eius

628 1141 829 1208 verbo
874 1141 989 1206 abs
1036 1150 1101 1206 te
1136 1142 1481 1225 irrogatur.

801 1226 997 1309 Quod
1049 1227 1472 1293 Genevenses
1537 1234 1764 1292 nostra
1830 1224 2310 1309 praedicatione
2375 1226 2586 1292 edocti

628 1319 747 1394 [fol.
807 1318 915 1393 23]
973 1314 1054 1377 ab
1108 1312 1221 1376 illa
1276 1333 1575 1377 errorum
1630 1313 1939 1390 colluvie,
1996 1313 2067 1376 in
2120 1334 2251 1395 qua
2306 1311 2586 1378 demersi

624 1401 919 1477 fuerant,
963 1399 1045 1462 ad
1086 1399 1421 1481 puriorem
1463 1399 1789 1482 evangelii
1833 1397 2197 1462 doctrinam
2242 1420 2312 1462 88
2356 1406 2583 1463 contu-

620 1484 865 1563 lerunt,
904 1483 1327 1549 defectionem
1373 1506 1412 1548 a
1446 1483 1572 1549 Dei
1613 1486 1921 1560 veritate3
1965 1483 2136 1565 quod
2175 1504 2214 1546 a
2256 1484 2585 1567 pontificis

627 1571 886 1635 romani
921 1569 1270 1655 tyrannide
1306 1592 1375 1635 se
1415 1568 1855 1647 vindicarunt,
1892 1577 1967 1633 ut
2007 1569 2204 1652 paulo
2246 1568 2582 1634 meliorem

624 1657 935 1722 ecclesiae
955 1657 1237 1722 formam
1270 1678 1309 1720 a
1358 1653 1445 1718 ud
1480 1677 1548 1720 se
1584 1657 2087 1731 constituerent,
2121 1653 2584 1720 discessionem

1343 1741 1476 1805 ieie.
1556 1739 1892 1824 Agedum,
1949 1748 2299 1823 utrumque
2354 1737 2585 1804 ordine

627 1827 1055 1893 excutiamus.
1122 1828 1203 1890 In
1238 1827 1635 1908 praefatione
1670 1835 1889 1890 autem
1923 1825 2041 1890 illa
2075 1833 2207 1904 tua,
2265 1847 2431 1908 quae
2476 1847 2585 1891 ae-

626 1912 1307 1978 ternae-beatitudinis
1342 1912 1796 1977 excellentiam
1831 1911 2284 1995 praedicando,
2319 1912 2586 1977 tertiam

627 2001 886 2066 circiter
909 1999 1222 2080 epistolae
1246 2007 1499 2080 partem
1523 2004 1809 2079 occupat,
1848 1997 2333 2080 responsionem
2369 2018 2586 2061 meam

629 2085 745 2150 diu
771 2084 1059 2162 haerere,
1086 2103 1495 2165 nequaquam
1531 2103 1764 2165 operae
1801 2085 2084 2166 pretium
2119 2090 2235 2148 est.
2294 2083 2588 2148 Tametsi

631 2171 811 2235 enim
845 2170 1103 2234 futurae
1140 2179 1570 2251 aeternaeque
1605 2171 1779 2235 vitae
1823 2168 2300 2235 commendatio
2336 2189 2443 2233 res
2489 2179 2590 2234 est

629 2256 850 2340 digna,
885 2277 1050 2337 quae
1071 2267 1263 2320 nocte
1287 2253 1524 2337 diuque
1548 2255 1815 2321 auribus
1840 2255 2088 2320 nostris
2110 2256 2384 2330 insonet,
2421 2276 2588 2336 quae

629 2342 889 2407 assidue
912 2342 1229 2405 memoria
1263 2348 1616 2423 repetatur,
1655 2342 1722 2404 in
1747 2361 1875 2422 qua
1896 2339 2271 2405 meditanda
2292 2341 2433 2405 sine
2453 2341 2588 2404 fine

628 2448 1080 2493 exerceamur:
1140 2424 1219 2491 de
1276 2448 1354 2492 ea
1411 2433 1635 2490 tamen
1681 2427 1898 2492 nescio
1942 2447 2072 2508 qua
2116 2425 2196 2489 de
2241 2445 2441 2491 causa
2477 2425 2588 2491 hic

626 2533 1001 2579 sermonem
1024 2511 1183 2578 adeo
1208 2512 1625 2595 protraxeris,
1664 2513 1792 2578 nisi
1814 2520 1891 2576 ut
1914 2519 1978 2576 te
2001 2511 2217 2593 aliquo
2248 2511 2588 2594 religionis

623 2597 864 2664 indicio
908 2597 1415 2663 commendares
1481 2595 1641 2663 Sive
1685 2605 1924 2674 autem,
1970 2604 2047 2661 ut
2089 2617 2350 2684 omnem
2395 2596 2475 2661 de
2521 2603 2587 2661 te

629 2684 1110 2751 dubitationem
1164 2684 1428 2748 tolleres
1445 2735 1458 2760 ,
1497 2683 1726 2748 testari
1771 2682 2038 2748 voluisti
2080 2691 2147 2745 te
2184 2682 2264 2746 de
2308 2681 2590 2765 gloriosa

628 2768 808 2852 apud
854 2770 1073 2833 Deum
1103 2770 1267 2833 vvita
1321 2768 1490 2834 serio
1551 2769 1837 2852 cogitare
1850 2792 1865 2847 3
1912 2769 2050 2833 sive
2094 2768 2404 2832 censuisti
2447 2775 2588 2831 tam

626 2856 829 2937 longa
872 2856 1012 2918 eius
1047 2853 1610 2920 commendatione
1650 2851 2027 2918 excitandos
2062 2851 2589 2934 vellicandosque

629 2961 773 3007 8888
809 2960 918 3005 808
955 2938 1040 3004 8(1
1073 2959 1235 3023 (11108
1283 2937 1611 3017 scribebas
1648 2937 1824 3022 (nolo
1868 2937 2046 3003 enim
2092 2938 2388 3005 divinare
2431 2936 2588 3020 quid

632 3025 756 3091 tibi
791 3024 1042 3089 consilii
1065 3024 1310 3103 fuerit),
1355 3022 1425 3088 id
1459 3031 1682 3089 tamen
1717 3044 1950 3107 parum
1987 3031 2089 3089 est
2123 3022 2585 3107 theologicum,

628 3111 966 3176 hominem
998 3112 1095 3175 ita
1128 3109 1249 3174 sibi
1294 3109 1422 3191 ipsi
1465 3107 1784 3186 addicere,
1829 3120 1905 3181 ut
1949 3129 2086 3172 non
2109 3109 2375 3173 interim
2402 3110 2587 3192 prin-

629 3197 875 3280 cipium
928 3196 1053 3261 hoc
1103 3195 1200 3260 illi
1265 3195 1434 3259 vitae
1478 3194 1857 3260 formandae
1890 3194 2316 3277 praestituas‚
2342 3194 2392 3276 ¹)
2436 3194 2587 3258 illu-

629 3280 938 3349 strandae
958 3281 1231 3345 Domini
1252 3280 1498 3365 gloriae
1534 3280 1843 3346 studium.
1906 3281 2051 3346 Deo
2087 3280 2283 3359 enim,
2306 3302 2439 3345 non
2470 3301 2587 3345 no-

630 3369 749 3447 bis,
787 3369 925 3432 nati
967 3367 1288 3450 imprimis
1322 3388 1567 3432 sumus.
1629 3365 1993 3448 Siquidem,
2031 3364 2588 3449 quemadmodum

632 3454 715 3519 ab
769 3476 845 3519 80
899 3455 1235 3517 fluxerunt
1289 3452 1538 3531 omnia,
1596 3460 1664 3517 et
1715 3452 1784 3517 in
1829 3474 1905 3519 80
1947 3452 2340 3530 consistunt,
2387 3452 2481 3517 ita
2513 3451 2585 3516 in

628 3562 779 3606 eum
802 3538 1033 3605 referri
1063 3537 1319 3618 debent,
1342 3538 1558 3621 inquit
1589 3538 1840 3603 Paulus
1877 3538 2100 3623 (Rom.
2150 3543 2241 3616 11,
2282 3537 2411 3616 36).
2470 3536 2602 3603 Sic·

629 3625 922 3710 quidem,
941 3626 999 3702 2)
1056 3625 1293 3705 fateor,
1348 3624 1677 3689 Dominus
1731 3625 1902 3708 ipse,
1962 3645 2088 3707 quo
2146 3623 2427 3689 nominis
2482 3624 2584 3687 sui

630 3713 908 3797 gloriam
972 3711 1185 3794 magis
1232 3709 1815 3776 commendabilem
1880 3709 2258 3774 hominibus
2319 3710 2583 3787 faceret,

630 3799 771 3863 eius
804 3796 1284 3880 promovendae
1320 3804 1514 3877 atque
1557 3796 2054 3878 amplificandae
2090 3794 2381 3859 studium
2418 3802 2604 3885 tem-x

630 3884 915 3966 peravit,
960 3891 1035 3947 ut
1077 3902 1226 3947 cum
1282 3889 1511 3946 nostra
1549 3880 1760 3946 salute
1800 3890 2118 3965 perpetuo
2162 3879 2584 3946 coniunctum

630 3969 813 4033 foret.
879 3969 972 4031 At
1009 3988 1212 4114 qluum
1256 3966 1579 4044 docuerit,
1634 3966 1798 4031 illud
1843 3968 2060 4049 ipsum
2102 3980 2401 4049 oportere
2445 3987 2583 4030 om-

632 4074 788 4119 nem
833 4053 1016 4116 cuius
1047 4051 1175 4116 'bet
1217 4051 1371 4117 boni
1415 4058 1481 4117 et
1525 4052 1848 4117 commodi
1891 4053 2101 4117 nostri
2147 4073 2374 4116 curam
2410 4052 2584 4135 cogi-

632 4139 1074 4219 tationemque
1120 4137 1460 4217 excedere,
1510 4147 1578 4203 et
1620 4137 1940 4202 naturalis
1981 4138 2274 4220 aequitas
2317 4134 2386 4198 id
2428 4158 2586 4219 (1110-

632 4247 759 4307 (1118
818 4224 1045 4301 dictet,
1088 4244 1222 4286 11011
1266 4222 1465 4288 tribui
1501 4225 1645 4289 Deo
1680 4222 1853 4306 quod
1897 4244 2091 4287 suum
2136 4230 2265 4300 est,
2308 4222 2437 4285 nisi
2480 4243 2586 4287 re-

633 4310 755 4375 bus
779 4308 1083 4374 omnibus
1112 4310 1535 4390 praeferatur,
1572 4309 1911 4391 christiani
1954 4317 2128 4373 certe
2161 4307 2451 4373 hominis
2487 4314 2589 4373 est

646 4500 1041 4509 ——-.———-—

775 4633 835 4700 1)
876 4630 970 4685 Sic
1003 4633 1263 4687 editiones
1299 4635 1647 4705 antiquiores,
1685 4634 1819 4700 Ary.
1863 4632 1996 4687 Gen.
2032 4639 2083 4686 et
2121 4632 2376 4687 Galla-sii.
2433 4633 2586 4687 Besa

639 4700 778 4755 1576
813 4702 1145 4755 mendacii.-
1180 4707 1530 4771 praestimat,
1566 4704 1725 4773 quod
1747 4703 2000 4770 deinceps
2034 4708 2307 4755 servatum
2343 4708 2446 4768 est,
2483 4705 2590 4757 etsi

636 4787 752 4825 non
801 4772 1181 4824 necessarium.
1259 4772 1453 4826 Gallus
1503 4774 1641 4826 satis
1691 4773 1943 4827 obscure.-
1996 4771 2114 4825 cela
2163 4778 2283 4825 sent
2328 4787 2435 4839 peu
2484 4787 2585 4826 son

640 4857 771 4908 vray
808 4839 1134 4909 theologica,
1172 4839 1238 4894 de
1276 4848 1394 4894 tant
1416 4842 1627 4895 vouloir
1661 4841 1967 4897 astreindre
1997 4838 2246 4920 l'homme
2281 4841 2315 4893 a
2346 4856 2585 4909 soymes·

640 4908 1257 5031 Ξὲιὶρὲἓὲῃῖᾟῗᾱέἒὲἑ
1291 4910 1494 5031 ῗέΐέιῖζ
1524 4908 2403 5032 ἓξᾶὲἰῗὲἰεῗῐαίἓῗὲἑῗὲᾰοὲἓξέἓ
2434 4925 2583 5029 {2⁰11

640 5046 842 5100 lustror
887 5045 941 5099 la
988 5045 1157 5115 gloire
1205 5046 1275 5100 du
1321 5045 1596 5115 Seigneur.
1669 5044 1734 5099 Si
1765 5046 1899 5115 quid
1935 5045 2191 5112 vicimus,
2232 5044 2583 5098 Cardinalem

640 5116 741 5170 hoc
774 5115 990 5167 nomine
1026 5117 1299 5182 vituperat
1344 5114 1490 5184 quod
1534 5113 2021 5175 eudaemonismum
2068 5113 2325 5169 docuerit.
2521 5112 2583 5176 2)

640 5184 740 5239 Sic
774 5183 893 5238 sola
920 5184 1184 5252 princeps
1218 5200 1339 5239 eum
1374 5185 1618 5238 versione
1645 5185 1877 5252 millies,
1914 5180 2050 5236 1540
2084 5197 2253 5251 seqq„-
2297 5180 2584 5249 Siquidem.

2361 263 2892 332 RESPONSIO

4494 271 4599 334 392

2684 455 2881 520 altius
2924 453 3383 533 conscendere,
3427 475 3623 537 quam
3667 453 3751 518 ad
3793 452 4235 536 quaerendam
4275 460 4339 518 et
4375 474 4602 538 compa-

2684 539 2963 605 randam
2994 542 3252 605 animae
3287 561 3446 606 suae
3482 539 3775 605 salutem.
3830 538 4061 621 Itaque
4098 539 4422 604 neminem
4453 549 4604 607 recta

2684 628 2928 710 pietate
2969 625 3297 692 imbutum
3340 626 3478 691 fore
3519 637 3695 708 pute,
3741 647 3782 689 a
3824 645 3952 707 quo
3995 645 4129 688 non
4174 623 4445 708 insipida
4475 647 4603 693 cen-

2688 719 2912 777 seatur
2966 719 3104 775 tam
3157 711 3357 795 longa
3410 722 3478 777 et
3533 720 3839 777 accurata
3882 708 3966 774 ad
4008 708 4301 776 studium
4343 711 4605 779 coelestis

2689 799 2865 864 vitae
2921 798 3317 877 exhortatio,
3378 819 3544 880 (11188
3589 797 3924 861 hominem
3966 796 4228 879 penitus
4271 796 4336 860 in
4377 816 4443 862 se
4482 798 4602 880 ipso

2689 883 2995 962 detineat,
3034 903 3156 947 nec
3191 882 3276 948 ad
3310 882 3852 948 sanctificandum
3887 882 4018 946 Dei
4053 902 4311 959 nomen,
4353 882 4455 946 vel
4495 904 4608 948 uno

2689 970 2917 1048 verbo,
2965 969 3191 1053 erigat.
3258 969 3421 1034 Post
3476 969 3646 1033 hanc
3700 988 3855 1034 vero
3910 966 4478 1033 sanctificationem
4541 968 4606 1033 li·

2659 1053 2918 1119 -benter
2961 1055 3080 1120 tibi
3136 1055 3488 1134 assentior,
3532 1074 3667 1118 non
3712 1051 3891 1118 aliud
3935 1059 4073 1117 tota
4114 1052 4257 1118 vita
4297 1052 4475 1117 nobis
4513 1053 4610 1119 de-

2687 1141 2844 1205 bere
2900 1162 3042 1206 esse
3098 1140 3534 1224 propositum,
3592 1160 3790 1222 quam
3832 1148 3910 1203 ut
3951 1137 4038 1202 ad
4071 1158 4420 1220 supernam
4450 1139 4610 1204 illam

2689 1227 3100 1291 vocationem
3155 1225 3640 1291 contendamus.
3719 1224 3920 1288 Hunc
3987 1224 4164 1289 enim
4219 1222 4509 1289 omnibus
4553 1234 4611 1290 81

2689 1312 2878 1377 factis
2933 1322 3000 1375 et
3055 1311 3248 1377 dictis
3302 1320 3368 1375 et
3423 1310 3921 1393 cogitationibus
3965 1309 4207 1374 nostris
4250 1317 4611 1392 perpetuum

2691 1419 2959 1480 scopum
3011 1397 3386 1479 praestituit
3439 1397 3639 1461 DeuS.
3719 1396 3859 1462 Nec
3918 1416 4076 1459 sane
4118 1393 4297 1460 aliud
4339 1402 4460 1472 est,
4501 1417 4610 1479 quo

2688 1481 2953 1547 beluam
3011 1483 3206 1547 homo
3261 1482 3637 1560 antecellat,
3699 1481 3824 1546 nisi
3879 1480 4236 1564 spiritualis
4291 1501 4437 1545 cum
4489 1481 4611 1546 Deo

2691 1569 3208 1646 communicatio,
3246 1571 3317 1632 in
3347 1589 3529 1651 spem
3563 1567 3793 1632 beatae
3814 1566 3995 1631 illius
4019 1567 4439 1630 aeternitatis
4492 1566 4611 1630 Nec

2688 1654 2825 1718 fere
2879 1653 3059 1718 aliud
3116 1655 3370 1738 agimus
3425 1650 3843 1719 concionibus
3896 1653 4165 1729 nostris,
4212 1652 4343 1715 nisi
4385 1660 4456 1715 ut
4493 1674 4612 1716 om·

2687 1740 2873 1805 nium
2918 1741 3170 1804 animos
3213 1740 3296 1804 ad
3340 1737 3825 1803 meditationem
3868 1737 4285 1820 studiumque
4331 1737 4464 1801 eius
4503 1738 4612 1801 eri·

2688 1847 2940 1910 gamus.
3017 1825 3164 1894 Hoc
3220 1823 3473 1907 quoq‘ue
3528 1824 3644 1889 tibi
3702 1845 3836 1892 non
3891 1844 4087 1906 aegre
4143 1822 4450 1901 concedo,
4499 1844 4612 1887 non

2690 1911 2957 1976 aliunde
2991 1931 3131 1976 esso
3165 1912 3433 1994 gravius
3476 1909 3675 1974 saluti
3714 1917 3978 1973 nostrae
4059 1908 4396 1986 ericulum,
4439 1930 4611 1990 (1118111

2691 2016 2731 2059 8
2773 2005 3192 2079 praepostero
3230 2000 3349 2074 [fol.
3391 1999 3498 2074 24]
3538 2014 3974 2078 perversoque
4088 1994 4148 2059 ei
4189 1993 4389 2060 cultu.
4451 1994 4613 2059 Haec

2692 2084 2869 2146 enim
2908 2092 3064 2147 sunt
3104 2083 3316 2165 prima
3360 2081 3748 2160 rudimenta,
3795 2080 4028 2162 quibus
4062 2079 4350 2144 solemus
4387 2079 4465 2144 ad
4497 2080 4614 2162 pie-

2691 2175 2891 2233 tatem
2913 2168 3276 2245 instituere,
3313 2172 3475 2250 (11108
3512 2166 3777 2232 Christo
3800 2167 4103 2230 volumus
4138 2167 4472 2248 acquirere
4503 2164 4614 2230 dis-

2692 2252 2962 2335 cipulos,
2987 2275 3070 2317 ne
3092 2261 3357 2332 temere,
3392 2274 3467 2318 ac
3489 2274 3609 2336 pro
3630 2274 3750 2317 sua
3768 2250 4057 2328 libidine,
4091 2272 4343 2316 novum
4363 2250 4617 2333 aliquem

2689 2337 2820 2404 Dei
2861 2339 3109 2403 cultum
3153 2339 3278 2405 sibi
3316 2335 3601 2422 fingant:
3648 2337 3762 2402 sed
3806 2337 3984 2401 hunc
4028 2358 4233 2400 unum
4275 2336 4620 2420 legitimum

2695 2445 2838 2489 esse
2877 2427 3109 2502 sciant,
3155 2425 3268 2508 qui
3311 2445 3352 2487 a
3396 2424 3714 2507 principio
3750 2423 3874 2487 fuit
3910 2421 4007 2486 illi
4042 2422 4457 2505 approbatus.
4517 2421 4620 2486 Af-

2691 2510 2962 2576 ferimus
3021 2510 3230 2588 enim,
3269 2509 3441 2592 quod
3499 2530 3683 2574 sacro
3734 2507 3997 2573 oraculo
4046 2507 4109 2590 (1
4155 2506 4339 2592 Sam.
4386 2513 4486 2584 15,
4521 2505 4617 2587 22)

2694 2603 3010 2660 testatum
3072 2602 3199 2659 est:
3269 2595 3703 2660 obedientiam
3774 2614 3915 2659 esse
3972 2593 4258 2676 quolibet
4330 2592 4620 2659 sacrificio

2692 2682 3253 2764 praestantiorem.
3316 2679 3622 2762 Denique
3675 2678 3885 2743 modis
3936 2676 4239 2743 omnibus
4299 2677 4619 2744 assuefaci-

2692 2783 2870 2843 111118,
2929 2772 3003 2829 111
3044 2787 3180 2830 11118
3217 2763 3471 2831 colendi
3518 2764 3648 2829 Dei
3690 2764 3919 2848 regula
3961 2765 4281 2842 contenti,
4330 2785 4519 2848 quam
4551 2784 4622 2827 ex

2689 2850 2869 3001 mlius
2914 2871 3026 2916 ore
3070 2851 3333 2929 habent,
3377 2851 3850 2917 commentitios
3895 2872 4119 2916 omnes
4163 2848 4384 2915 cultus
4425 2849 4619 2914 valere

2691 2937 2764 3002 iu
2810 2943 2982 3002 eant.

2860 3019 3150 3087 Proi⁴nde
3194 3044 3395 3105 quum
3438 3029 3511 3087 tu
3557 3023 3758 3101 hanc,
3816 3021 4151 3101 Sadolete‚
4201 3021 4619 3087 voluntariam

2694 3109 3163 3173 confessionem
3205 3106 3504 3187 edideris,
3548 3110 3792 3173 iactum
3834 3115 3937 3173 est
3978 3108 4092 3174 abs
4136 3115 4201 3172 te
4245 3106 4621 3172 defensionis

2691 3214 2877 3259 meae
2935 3192 3454 3259 fundamentum.
3521 3194 3697 3259 Nam
3754 3194 3811 3259 81
3860 3195 4121 3272 fateris,
4166 3194 4293 3258 hoc
4338 3190 4623 3258 horribile

2691 3300 2833 3346 8888
2877 3280 3134 3345 animae
3170 3280 3465 3358 exitium,
3511 3278 3622 3345 ubi
3648 3279 3872 3363 pravis
3900 3277 4317 3363 opinionibus
4360 3279 4430 3343 in
4465 3298 4623 3342 men·

2690 3364 2945 3430 dacium
2990 3367 3390 3431 convertitur
3429 3365 3656 3432 divina
3698 3366 3959 3444 veritas,
4004 3387 4182 3430 nunc
4227 3372 4487 3429 tantum
4526 3382 4626 3427 no-

2688 3451 2791 3517 bis
2835 3460 3134 3534 superest
3149 3504 3165 3531 ,
3213 3472 3527 3534 quaerere
3569 3458 3722 3516 utra
3764 3450 4030 3516 tandem
4074 3470 4227 3533 pars
4272 3450 4522 3516 cultum
4558 3445 4624 3511 il-

2688 3537 2829 3602 lum
2873 3536 3022 3615 Dei,
3068 3538 3181 3620 qui
3220 3559 3390 3603 1111118
3424 3545 3526 3603 881
3558 3537 3909 3622 legitimus,
3946 3536 4244 3601 retineat.
4318 3533 4464 3616 Quo
4496 3553 4627 3600 eum

2687 3623 2860 3706 parti
2903 3630 3160 3688 vestrae
3217 3644 3490 3701 asseras,
3535 3624 3841 3702 assumis,
3885 3622 4323 3687 certissimam
4366 3641 4502 3687 esse
4541 3620 4625 3702 ip-

2690 3709 2826 3773 sius
2859 3708 3173 3791 regulam,
3218 3729 3383 3790 quae
3420 3709 3500 3775 ab
3545 3708 3819 3774 ecclesia
3863 3707 4352 3789 praescribitur.
4422 3704 4625 3786 Quan-

2689 3815 2904 3876 quam,
2952 3816 3026 3860 ac
3070 3795 3126 3858 si
3168 3795 3288 3858 tibi
3325 3794 3433 3860 hic
3477 3793 3959 3872 obsisteremus,
4007 3792 4295 3875 qualiter
4338 3794 4410 3856 in
4451 3791 4626 3855 rebus

2689 3879 2904 3944 dubiis
2959 3881 3102 3944 fieri
3158 3880 3350 3957 solet,
3405 3881 3803 3944 sententiam
3857 3880 4051 3944 istam
4105 3878 4179 3941 in
4234 3876 4625 3944 deliberatio-

2689 3987 2844 4029 nem
2879 3984 3165 4030 revocas.
3232 3966 3377 4049 Ego
3415 3974 3651 4044 autem,
3692 3963 4017 4043 Sadolete,
4055 3965 4210 4046 quia
4245 3965 4490 4029 frustra
4527 3959 4624 4024 de-

2690 4049 2926 4115 sudare
2968 4058 3034 4115 te
3070 4048 3289 4129 video,
3348 4051 3470 4115 hac
3523 4061 3588 4116 te
3646 4050 3996 4116 sublevabo
4051 4049 4372 4115 molestia.
4449 4046 4625 4112 Falso

2692 4137 2869 4201 enim
2906 4137 3211 4219 opinaris,
3249 4138 3330 4201 ab
3365 4158 3443 4202 ea
3479 4135 3730 4201 colendi
3766 4135 3899 4201 Dei
3932 4136 4204 4213 ratione,
4243 4156 4442 4218 quam
4475 4153 4625 4198 sem·

2690 4244 2808 4305 per
2842 4221 3214 4288 observavit
3256 4221 3528 4287 ccclesia
3571 4221 3904 4300 catholica,
3950 4243 4068 4287 nos
4112 4221 4435 4286 abducere
4479 4216 4626 4283 velle

2690 4306 3001 4390 populum
3058 4307 3522 4386 christianum,
3579 4307 3693 4373 sed
3745 4308 3816 4371 in
3872 4306 4180 4374 ecclesiae
4224 4306 4490 4371 nomine
4533 4299 4625 4368 vel

2690 4393 3133 4471 hallucinaris,
3161 4393 3267 4458 vel
3290 4405 3465 4459 certe
3489 4394 3700 4459 sciens
3722 4413 3796 4457 ac
3814 4394 4040 4459 volens
4062 4393 4284 4458 fucum
4306 4390 4482 4456 facie.
4515 4389 4624 4453 At—

2691 4499 2816 4561 que
2851 4479 2922 4543 in
2957 4478 3081 4545 hoc
3116 4479 3381 4561 quidem
3422 4480 3779 4562 posteriore
3821 4486 3888 4544 te
3934 4500 4093 4542 mox
4135 4474 4622 4565 deprehendam.

2689 4564 2874 4628 Fieri
2895 4570 3116 4629 tamen
3140 4572 3370 4647 potest,
3408 4572 3482 4628 ut
3504 4564 3743 4630 alicubi
3765 4560 3960 4629 etiam
3984 4564 4265 4630 aberres.
4321 4563 4625 4633 Primum,

2689 4649 2761 4714 in
2784 4650 2922 4714 eius
2947 4648 3323 4715 definitione
3344 4651 3827 4732 praetermittis
3867 4649 4037 4732 quod
4061 4658 4126 4715 te
4151 4648 4234 4714 ad
4254 4656 4502 4714 rectam
4531 4645 4622 4709 in·

2691 4720 3126 4820 telligentiam
3160 4756 3299 4799 non
3329 4757 3561 4818 parum
3597 4735 3972 4803 adiuvisset.
4041 4735 4266 4816 Quum
4295 4733 4456 4798 dicis
4489 4749 4622 4825 88111

2690 4842 2850 4899 8888,
2886 4842 3053 4904 (11188
3087 4823 3268 4886 0111111
3303 4828 3599 4886 anteacto
3635 4830 3944 4905 tempore,
3980 4829 4058 4886 ut
4087 4819 4425 4899 hodierno,
4457 4834 4622 4881 omm

2690 4908 2760 4971 in
2783 4908 3049 4991 regione
3072 4920 3416 4985 terrarum,
3442 4906 3512 4970 in
3524 4906 3789 4972 Christo
3813 4928 3943 4973 una
3966 4917 4035 4971 et
4045 4894 4479 4981 consentiens,
4501 4919 4620 4966 uno

2688 4991 2935 5058 Christi
2971 4993 3203 5075 spiritu
3247 4991 3483 5074 ubique
3529 5004 3596 5057 et
3627 5014 3885 5076 semper
3920 4993 4166 5059 directa
4197 5001 4326 5057 est:
4383 4989 4493 5054 ubi
4526 4986 4619 5050 hic

2692 5074 2982 5143 verbum'
3006 5077 3297 5153 Domini,
3344 5079 3628 5143 maxime
3679 5080 4020 5163 perspicua
4063 5086 4216 5143 nota
4257 5076 4392 5153 1118,
4441 5090 4622 5157 (1118111

2685 5165 2827 5247 11188
2848 5163 3191 5241 Dominus,
3212 5163 3283 5226 in
3305 5163 3574 5230 ecclesia
3597 5163 4017 5249 designanda,
4036 5164 4228 5230 toties
4250 5162 4442 5227 nobis
4462 5177 4621 5226 com-
