4984 5975
565 315 691 379 299
1274 382 1287 393 ,
2267 304 2732 373 6131610111
2773 307 2866 373 11.
4435 309 4575 411 „³0⁰

564 500 918 577 audebunt,
956 517 1118 582 quos
1152 495 1553 562 detestabilis
1586 494 2011 574 idololatriae,
2050 501 2117 559 et
2150 517 2286 559 non
2322 496 2517 561 unius

564 584 889 668 sacrilegii
910 590 1169 648 autores
1206 602 1349 648 esse
1385 580 1684 647 constat?
1747 581 1959 647 Taceo
1995 580 2322 664 reliquum
2357 581 2517 646 anni

564 681 839 754 tempus,
867 668 1012 751 'quo
1056 667 1283 752 procul
1319 690 1358 733 a
1392 668 1529 733 suis
1564 666 1852 733 ecclesiis
1888 665 2209 745 absentee,
2256 686 2378 749 per
2411 667 2515 731 vi-

564 756 774 824 carios
818 776 985 834 suos,
1029 752 1473 820 furacissimos
1515 752 1876 835 praedones
1892 804 1909 831 ,
1954 753 2218 835 rapinas
2234 802 2250 830 ,
2297 750 2514 835 direp-

564 843 796 919 tiones,
831 840 1303 925 populationes,
1339 838 1684 905 latrocinia
1716 858 1909 903 omne
1941 848 2163 922 genus
2184 845 2512 917 exercent,

565 928 802 1011 quibus
858 923 1324 993 enumerandis
1367 923 1674 990 volumen
1726 946 1933 989 unum
1989 945 2121 989 non
2166 923 2513 990 sufficeret.

562 1013 657 1078 Et
709 1019 864 1077 sunt
919 1017 1066 1097 [pag.
1119 1016 1228 1090 66]
1285 1009 1447 1075 adeo
1502 1008 1874 1094 prodigiosa
1926 1010 2220 1088 nomina,
2279 1010 2515 1092 quibus

563 1098 999 1249 ffiilationes
1042 1096 1189 1162 illas
1236 1116 1387 1246 61136
1426 1103 1879 1245 praetexunt&i
1920 1102 2003 1195 ut
2040 1094 2408 1246 ’ng-{lllimit
2430 1094 2513 1159 ab

804 1203 924 1250 auc
1024 1203 1107 1247 ue
1172 1202 1247 1248 ca
1349 1202 1479 1247 0616
1601 1202 1674 1246 ra
1880 1202 1972 1246 016
2035 1203 2106 1245 111
2408 1201 2508 1244 ur.

564 1204 802 1353 Atque?
824 1276 902 1334 ut
923 1204 1155 1335 151116006
1198 1203 1345 1332 111116
1360 1318 1378 1346 ,
1423 1274 1489 1331 et-
1530 1201 1632 1330 tldt
1748 1267 1940 1332 randi
1985 1273 2161 1331 artes
2205 1200 2512 1332 digsasnimu-

564 1355 804 1433 lemus,
850 1375 979 1438 quo
1020 1362 1241 1418 tamen
1283 1353 1427 1417 iure
1468 1354 1684 1435 praeri
1730 1352 1905 1431 iunt,
1931 1427 1935 1431 ‚
1961 1350 2134 1435 quod
2175 1361 2515 1434 pastorum

565 1441 898 1507 alimentis
939 1438 1342 1505 destinatum
1385 1437 1571 1503 erat?
1727 1459 1889 1503 uum
1945 1438 2122 1502 enim
2179 1435 2514 1502 reddenda

566 1528 694 1591 erit
726 1525 1009 1608 principi
1041 1531 1380 1609 pastorum
1418 1524 1605 1601 ratio,
1650 1522 1972 1607 quomodo
2006 1544 2370 1606 expensum
2404 1522 2514 1588 1116

565 1612 902 1679 sceleratis
935 1610 1299 1676 latronibus
1335 1610 1518 1687 feret,
1588 1608 1717 1674 uod
1750 1608 1969 1692 probis
2005 1610 2375 1692 sanctisque
2399 1630 2514 1691 pa-

566 1696 852 1762 storibus
904 1697 977 1761 in
1031 1695 1275 1761 laboris
1319 1695 1535 1777 stipen
1585 1696 1718 1759 'um
1759 1692 1989 1761 cedere
2031 1693 2278 1760 voluit?
2368 1693 2514 1760 Sci-

563 1782 720 1848 licet
763 1802 896 1847 non
938 1781 1261 1865 cogitant,
1316 1781 1448 1844 iam
1492 1780 1649 1845 011111
1692 1781 1774 1846 ab
1818 1781 1959 1863 ipso
2003 1800 2081 1845 ea
2123 1779 2204 1844 de
2244 1801 2318 1845 re
2361 1799 2513 1863 pro-

563 1868 954 1947 nunciatum
988 1888 1129 1933 esse
1165 1866 1319 1951 (Ies.
1361 1871 1461 1945 56,
1508 1870 1642 1947 10):
1688 1866 1801 1931 ubi
1838 1884 2033 1931 canes
2068 1865 2514 1931 somnolentos

564 1961 703 2019 tam
746 1973 972 2019 severe
1017 1952 1337 2036 obiurgat,
1384 1952 1496 2035 qui
1530 1954 1735 2035 quum
1780 1952 1947 2016 muti
1992 1950 2145 2030 sint,
2193 1958 2260 2017 et
2293 1950 2377 2016 ad
2417 1951 2514 2014 la-

565 2036 877 2105 trandum
917 2038 1164 2122 ignavi,
1210 2039 1629 2103 saturitatem
1670 2044 1893 2101 tamen
1936 2037 2258 2104 nesciunt.

732 2124 1096 2189 Enimvero
1129 2123 1343 2188 maius
1382 2122 1543 2188 mihi
1580 2130 1916 2189 certamen
1951 2144 2103 2188 cum
2133 2122 2387 2206 reliqua
2409 2143 2513 2187 sa-

562 2208 902 2276 cerdotum
965 2209 1183 2287 turba,
1249 2216 1448 2292 atque
1513 2209 1619 2283 (ut
1681 2210 1840 2292 ipsis
1902 2205 2162 2291 quidem
2220 2207 2510 2290 videtur)

563 2295 771 2360 multo
805 2294 1135 2361 difficilius
1168 2301 1390 2361 restat.
1457 2295 1631 2360 Nam
1666 2314 1948 2378 quorum
1982 2294 2344 2360 sacerdotia
2378 2315 2515 2361 non

563 2400 642 2447 ea
693 2388 850 2448 sunt
908 2378 1302 2459 conditione,
1373 2387 1447 2446 ut
1499 2379 1791 2448 ecclesiis
1846 2389 2187 2463 pastorum
2243 2381 2513 2445 nomine

561 2467 690 2549 ipsi
721 2466 1139 2550 praesideant
1181 2467 1340 2551 (quo
1376 2488 1413 2531 e
1448 2486 1689 2551 genere
1723 2464 1882 2532 sunt
1912 2464 2213 2550 prodigia
2244 2466 2360 2531 illa
2394 2487 2513 2531 no-

562 2552 819 2618 minum
862 2552 1181 2632 abbatiae,
1224 2552 1573 2635 prioratus,
1616 2550 2046 2634 praebendae,
2091 2551 2511 2634 capellaniae,

565 2637 922 2704 decanatus
964 2639 1123 2702 item
1136 2688 1152 2716 ,
1205 2638 1697 2720 praepositurae
1710 2690 1724 2714 ,
1782 2636 2232 2701 thesaurariae
2276 2637 2514 2720 aliique

563 2725 822 2802 infiniti,
868 2733 942 2787 ut
986 2732 1240 2801 vocant,
1284 2724 1697 2805 personatus)
1746 2720 1929 2786 nulla
1963 2723 2215 2786 ratione
2249 2723 2376 2788 sibi
2412 2722 2513 2787 vi-

564 2807 804 2873 dentur
844 2806 1164 2891 impediri,
1210 2809 1556 2890 quominus
1600 2815 1668 2873 et
1711 2815 1980 2872 teneant
2020 2806 2135 2871 illa
2177 2815 2246 2872 et
2287 2828 2516 2873 corum

564 2899 910 2976 proventu,
938 2895 987 2977 ¹)
1024 2913 1141 2957 ceu
1174 2894 1346 2958 iusto
1379 2893 1791 2975 patrimonio,
1828 2890 1902 2955 in
1937 2912 2099 2974 quos
2120 2893 2516 2971 1116611ιῇ16-

559 2980 653 3044 rit
683 2983 982 3061 sumptus
1017 2977 1389 3043 abutantur.
1461 2976 1596 3043 Sed
1632 2975 1711 3043 de
1747 2983 2072 3059 proventu
2104 2998 2296 3044 mox:
2333 2999 2515 3044 nunc

564 3072 827 3129 tantum
869 3062 1191 3128 eiusmodi
1234 3062 1481 3145 pedicis
1523 3085 1610 3129 an
1652 3063 1786 3128 illis
1829 3083 1900 3128 se
1934 3063 2267 3146 implicare
2302 3063 2513 3144 liceat,

566 3147 1071 3214 consideremus.
1161 3146 1378 3213 Audio
1432 3149 1588 3232 quid
1641 3171 1759 3233 pro
1816 3167 1887 3213 se
1941 3147 2163 3214 dicant
2228 3150 2511 3230 abbates,

565 3235 626 3299 si
669 3234 780 3316 qui
837 3241 994 3298 sunt
1037 3234 1147 3317 qui
1205 3255 1246 3298 a
1286 3233 1485 3300 verbo
1529 3235 1658 3300 Dei
1711 3255 1844 3299 non
1899 3234 2098 3299 alieni
2140 3234 2354 3300 videri
2398 3257 2512 3301 ve-

562 3319 719 3384 lint:
756 3325 1168 3401 praesentem
1190 3339 1413 3384 rerum
1448 3326 1694 3386 statum
1714 3317 1837 3386 sibi
1874 3341 2006 3385 non
2041 3321 2277 3400 minus,
2314 3341 2512 3405 quam

562 3406 808 3489 optimo
866 3405 1102 3487 cuique
1154 3406 1536 3488 improbari,
1593 3412 1787 3489 atque
1830 3414 1907 3470 ut
1948 3412 2154 3472 totam
2196 3406 2511 3473 monasti-

561 3512 701 3569 cen,
748 3510 949 3573 quam
992 3497 1242 3556 scatere
1277 3493 1455 3556 omni
1489 3492 1828 3574 impietate
1864 3499 2128 3571 norunt,
2174 3493 2510 3559 abomina-

560 3575 726 3641 tioni
759 3574 1035 3655 habent,
1072 3577 1167 3641 ita
1200 3597 1347 3641 eam
1382 3599 1452 3643 se
1485 3577 1758 3643 minime
1792 3577 2028 3643 fovere.
2088 3578 2317 3662 Neque
2351 3598 2510 3643 vero

560 3683 680 3744 per
721 3682 792 3727 se
834 3670 1028 3742 stare,
1076 3683 1206 3745 quo
1250 3663 1474 3728 minus
1513 3673 1741 3747 pereat
1780 3683 1856 3728 ac
1893 3662 2264 3729 deiiciatur:
2310 3664 2368 3730 si
2402 3684 2511 3729 res

560 3748 633 3812 in
677 3766 798 3812 sna
837 3753 1159 3830 potestate
1203 3749 1331 3815 sita
1372 3749 1568 3828 foret,
1624 3750 1768 3814 eius
1812 3748 2017 3813 animi
2061 3750 2394 3832 specimen
2438 3769 2511 3814 se

560 3832 867 3898 edituros.
935 3831 1131 3914 Quod
1162 3841 1388 3901 autem
1428 3835 1679 3900 fructus
1719 3855 1757 3898 e
1798 3833 2148 3917 paludibus
2190 3834 2322 3901 illis
2355 3856 2510 3918 pro-

559 3919 901 3984 venientes
960 3918 1305 4003 colligunt,
1364 3941 1499 3986 non
1554 3926 1780 3984 tamen
1833 3918 1978 3984 ideo
2021 3941 2091 3985 se
2133 3920 2203 3985 in
2246 3920 2512 3986 illarum

560 4023 766 4068 coeno
807 4004 1191 4085 provolvere
1206 4058 1222 4086 ,
1282 4005 1398 4072 sed
1452 4004 1739 4071 oblatam
1794 4027 1833 4070 a
1875 4006 2162 4071 Domino
2203 4004 2509 4073 benedic·

562 4090 811 4153 tionem
850 4107 985 4152 non
1027 4108 1362 4171 spernere:
1409 4092 1532 4157 hac
1574 4091 1844 4155 interim
1885 4092 2284 4157 conscientia
2327 4112 2512 4158 secu-

562 4194 692 4253 ros,
736 4172 911 4256 quod
954 4173 1203 4241 nullius
1244 4178 1477 4262 flagitii
1522 4176 1629 4244 vel
1690 4182 1951 4241 autores
1995 4183 2179 4256 sunt,
2220 4176 2328 4243 vel
2369 4178 2511 4242 fau·

564 4267 756 4325 tores.
823 4258 1010 4324 Haec
1052 4259 1109 4325 si
1153 4264 1319 4328 serio
1352 4261 1823 4346 praedicarent,
1869 4282 1957 4326 an
1991 4262 2131 4327 eius
2166 4285 2365 4347 quam
2399 4263 2513 4328 de-

564 4345 797 4409 testari
832 4364 901 4410 se
938 4344 1142 4424 aiunt,
1186 4348 1544 4431 impietatis
1581 4347 1912 4432 principes
1945 4346 2175 4412 haberi
2207 4356 2512 4432 pateren-

566 4428 717 4493 tur?
784 4431 885 4495 Ac
928 4451 1062 4494 non
1101 4434 1314 4517 magis
1356 4431 1521 4500 eam'
1546 4435 1640 4501 sic
1683 4440 1817 4497 toto
1862 4433 2081 4498 animo
2127 4454 2511 4501 aversaren-

566 4521 695 4593 tur,
737 4521 817 4578 nt
858 4536 899 4579 a
938 4515 1214 4583 minima
1247 4520 1444 4584 etiam
1479 4518 1977 4604 participatione
2010 4521 2273 4601 penitus
2308 4543 2378 4587 se
2413 4521 2512 4586 di-

564 4599 950 4665 moverent?
1039 4600 1218 4683 Quid
1261 4611 1483 4670 autem
1524 4614 1628 4672 est
1670 4603 1869 4671 abbas
1884 4656 1900 4684 ,
1945 4605 2073 4670 11161
2114 4607 2514 4673 monasticae

565 4686 1047 4835 sugerstitionis
1090 4709 1353 4772 praeses
1374 4699 1592 4775 ‘atque
1632 4689 1959 4757 assertor?
2049 4690 2337 4758 Proinde
2379 4714 2513 4759 non

565 4771 635 4836 vi
681 4790 777 4850 60,
835 4790 955 4836 cur
998 4773 1357 4856 vituperari
1399 4776 1888 4844 monachismus
1931 4775 2190 4857 debeat,
2246 4786 2323 4841 ut
2375 4800 2512 4844 non

564 4856 782 4939 prima
820 4877 980 4923 voce
1012 4859 1384 4942 impetatur
1434 4862 1545 4927 ille
1558 4914 1573 4940 ,
1630 4863 1740 4945 qui
1797 4863 2177 4928 monasterii
2232 4863 2514 4931 admini-

566 4942 952 5008 strationem
1004 4966 1138 5010 non
1193 4966 1379 5012 secus
1422 4968 1497 5012 ac
1540 4968 1681 5013 rem
1725 4955 2019 5014 sanctam
2064 4949 2326 5034 recipit:
2383 4951 2514 5017 nisi

709 5217 768 5284 1)
808 5214 943 5270 15⁷6
976 5234 1145 5290 παρη·
1178 5227 1491 5289 proventus.

2620 494 2786 559 forte
2826 492 3253 559 annuendum
3296 495 3356 558 ei
3400 494 3722 574 ducimus,
3767 494 3880 580 qui
3924 492 4234 559 damnata
4275 494 4568 577 piratica,

2619 579 3090 662 archipiratam
3133 577 3376 645 laudet.
3468 579 3646 661 Quid
3662 581 3693 643 ⁶?
3785 582 3894 645 An
3938 600 4098 658 non,
4144 601 4573 664 quaecunque

2617 666 2691 729 in
2732 664 2993 731 foetidis
3033 665 3166 730 illis
3200 664 3555 731 fornicibus
3600 670 3749 745 [pag.
3776 671 3883 746 67]
3926 674 4334 749 peraguntur
4368 667 4569 732 sacri-

2616 750 2808 834 legia,
2857 751 3163 833 auspiciis
3198 748 3528 834 ductuque
3564 750 3877 816 abbatum
3911 751 4416 835 perpetrantur?
4481 753 4573 817 Et

2618 838 2765 920 quis
2807 837 2942 901 iam
2982 836 3114 901 illis
3159 835 3500 919 displicere
3544 834 3794 916 credet,
3854 858 4020 920 quae
4063 836 4327 902 nomine
4372 846 4572 903 nutu-

2618 943 2743 1005 que
2779 942 3007 986 eorum
3040 921 3406 1005 geruntur?
3465 919 3632 1003 Quis
3654 923 3982 1006 specimen
4007 929 4358 1005 exspectet,
4395 921 4573 988 unde

2619 1006 2744 1073 sibi
2785 1008 3140 1090 improbari
3183 1006 3516 1073 declarent
3529 1058 3545 1086 ,
3602 1028 3770 1095 quae
3829 1016 4074 1091 quanta
4130 1014 4403 1091 possunt
4455 1030 4572 1092 ap-

2615 1092 2997 1176 probatione
3042 1093 3480 1158 confirmant?
3569 1092 3716 1157 Iam
3758 1093 3931 1176 quod
3974 1094 4248 1159 otiosam
4293 1094 4447 1173 sibi,
4506 1103 4576 1159 et

2619 1179 2763 1245 sine
2818 1199 3016 1245 onere
3060 1177 3450 1263 dignitatem
3504 1178 3816 1263 obtigisse
3871 1186 4134 1261 putant,
4192 1180 4265 1243 in
4307 1200 4383 1245 eo
4427 1181 4573 1263 qui-

2618 1262 2770 1328 dem
2813 1264 3119 1348 opinione
3163 1263 3497 1329 falluntur.
3589 1263 3758 1345 Quis
3803 1265 3982 1329 enim
4026 1263 4294 1344 dubitet,
4343 1285 4575 1330 eorum

2617 1370 3149 1433 unumquemque
3178 1358 3511 1432 pastorem
3544 1351 3614 1414 in
3649 1371 3768 1415 suo
3804 1350 4075 1434 collegio
4110 1348 4345 1415 debere
4427 1371 4574 1416 rae-

2617 1443 2793 1501 stare
2809 1486 2825 1512 ,
2887 1430 3018 1502 cui‘
3049 1433 3337 1519 regendo
3395 1435 3595 1501 abbas
3653 1442 3754 1500 est
3811 1435 4251 1501 constitutus?
4407 1457 4574 1520 eque

2617 1521 2796 1585 enim
2840 1521 2970 1586 alia
3011 1520 3384 1587 conditione
3428 1528 3818 1605 cooptantur
3860 1522 3934 1585 in
3972 1541 4122 1586 eum
4158 1521 4392 1600 locum,
4440 1523 4574 1589 11161

2616 1613 2693 1670 111
2736 1599 3077 1689 pasto'ritia
3119 1605 3556 1672 sollicitudine
3601 1606 4069 1691 defungantur:
4117 1617 4186 1670 et
4227 1607 4354 1686 1111,
4413 1607 4575 1673 dum

2616 1713 2858 1757 munus
2924 1693 3187 1770 ineunt,
3265 1689 3332 1755 id
3396 1694 3611 1774 ipsum
3679 1698 4087 1758 sacramento
4162 1693 4570 1761 confirmant.

2618 1775 2695 1843 Si
2737 1798 2775 1842 e
2817 1776 3017 1862 vulgo
3061 1778 3389 1861 quispiam
3431 1777 3513 1843 de
3557 1777 3811 1843 abbatis
3855 1777 4068 1843 officio
4105 1778 4570 1863 interrogetur,

2617 1863 2948 1946 extemplo
2992 1861 3428 1946 respondebit,
3475 1862 3816 1929 monachis
3858 1866 4007 1929 esse‘
4041 1863 4233 1929 illum
4267 1863 4568 1948 modera-

2614 1956 2828 2014 torem
2869 1951 3187 2032 positum:
3246 1950 3357 2032 qui
3398 1970 3567 2031 pura
3618 1947 3917 2014 doctrina
3957 1951 4201 2015 sanctis
4244 1971 4328 2015 116
4371 1951 4566 2021 mori-

2617 2035 2739 2101 bus
2782 2036 2901 2099 toti
2944 2034 3216 2119 collegio
3260 2040 3529 2117 praeeat
3542 2085 3558 2113 ,
3613 2033 3812 2099 rudes
3866 2035 4190 2100 instituen
4236 2056 4308 2101 os
4363 2046 4568 2116 curet,

2617 2119 3073 2204 delinquentes
3095 2120 3390 2204 castiget,
3422 2128 3719 2185 errantes
3749 2121 3821 2183 in
3844 2120 4024 2187 viam
4043 2119 4329 2187 reducat.
4383 2120 4572 2187 Haec

2616 2227 2820 2289 quum
2861 2206 2936 2269 in
2979 2206 3190 2271 triviis
3245 2215 3384 2270 tam
3441 2204 3682 2271 diserte
3724 2205 3807 2271 de
3849 2227 4076 2271 eorum
4118 2227 4393 2273 munere
4438 2208 4572 2274 dis-

2617 2299 2954 2379 serantur„
2986 2311 3183 2376 quam
3225 2291 3458 2357 frivole
3498 2291 3928 2371 mentiuntur,
3976 2291 4146 2357 nihil
4186 2288 4274 2357 ad
4315 2313 4387 2358 se
4421 2314 4572 2376 per-

2615 2378 2845 2456 tinere,
2884 2377 3097 2460 qualis
3133 2378 3219 2442 sit
3251 2376 3724 2442 monachorum
3760 2376 3937 2443 vita?
3978 2398 4190 2462 neque
4229 2398 4350 2443 sua
4382 2379 4574 2462 quid-

2617 2483 2815 2547 quam
2869 2463 3141 2542 referre,
3198 2483 3398 2545 quam
3452 2463 3540 2528 sit
3596 2469 3710 2527 aut
3763 2462 3962 2546 probe
4005 2465 4394 2547 composita,
4454 2474 4577 2531 aut

2614 2547 2869 2630 perdite
2912 2546 3277 2613 effrenata?
3337 2548 3433 2613 Ut
3474 2556 3695 2613 autem
3739 2547 3807 2612 id
3851 2556 4064 2613 totum
4099 2548 4180 2615 de
4225 2549 4574 2616 hominum

2615 2632 2857 2699 iudicio
2901 2631 3207 2697 eludant:
3263 2635 3420 2716 quia
3474 2640 3695 2697 tamen
3750 2633 3914 2700 fidos
3968 2654 4038 2700 se
4079 2634 4218 2700 fore
4274 2644 4574 2718 pastores

2616 2717 2992 2784 solennibus
3035 2719 3255 2784 verbis
3300 2716 3709 2799 deierarunt,
3756 2741 3876 2784 sua
3916 2729 4094 2786 certe
4138 2722 4574 2804 promissione

2618 2802 3134 2887 obstringuntur.
3224 2804 3476 2869 Eorum
3519 2825 3674 2887 ergo
3717 2826 3946 2870 curam
3978 2806 4176 2891 longe
4220 2828 4260 2870 a
4302 2828 4372 2872 se
4417 2810 4574 2873 reii-

2619 2890 2809 2966 016111,
2854 2908 3016 2974 quos
3058 2889 3130 2953 in
3173 2889 3375 2954 fidem
3416 2890 3907 2975 custodiamque
3949 2912 4157 2971 suam,
4201 2892 4426 2957 Deum
4468 2902 4572 2959 at-

2618 2995 2744 3059 que
2788 2974 3084 3041 homines
3127 2976 3310 3059 prius
3356 2976 3648 3042 attestati
3663 3029 3677 3055 ‚
3724 2977 4198 3061 susceperunt?
4287 2978 4423 3045 Ubi
4465 3002 4572 3047 re·

2617 3061 2944 3140 verentia,
3004 3082 3134 3144 qua
3185 3082 3428 3127 nomen
3483 3083 3678 3128 suum
3721 3065 4027 3147 usurpari
4069 3063 4398 3131 Dominus
4442 3066 4572 3131 im-

2617 3146 2916 3230 peravit?
3005 3147 3140 3214 Ubi
3180 3147 3608 3213 iurisiurandi
3649 3148 3895 3232 religio,
3948 3148 4117 3214 nulli
4157 3171 4289 3215 non
4331 3151 4570 3218 barba-

2616 3233 2754 3298 riae
2788 3240 3197 3299 sacrosancta
3212 3230 3244 3296 ⁶?
3303 3233 3438 3299 Ubi
3470 3235 3942 3316 promissorum
3963 3235 4227 3316 veritas,
4263 3257 4420 3319 pars
4441 3236 4571 3304 hu-

2615 3319 2950 3384 manitatis
3006 3318 3382 3402 potissima?
3461 3320 3703 3384 Porcos
3757 3320 3883 3385 sibi
3935 3321 4313 3388 commissos
4357 3323 4568 3404 aiunt,

2658 3423 2895 3469 uorum
2938 3404 3246 3488 explendi
3284 3412 3442 3470 sunt
3462 3414 3746 3484 ventres,
3791 3426 3929 3470 non
3963 3405 4166 3471 animi
4200 3406 4566 3475 excolendi.

2671 3488 2753 3554 ed
2796 3490 3094 3556 homines
3135 3492 3321 3557 Dens
3377 3491 3650 3570 creavit,
3706 3511 3867 3574 quos
3920 3500 4176 3575 oportet
4218 3514 4258 3558 a
4299 3493 4571 3561 beluina

2613 3576 2760 3654 illa,
2816 3576 2888 3640 in
2933 3596 3131 3659 quam
3174 3575 3686 3660 degenerarunt,
3743 3577 4002 3644 feritate
4018 3628 4033 3658 ,
4078 3576 4163 3643 ad
4202 3578 4570 3646 humanam

2613 3660 3208 3741 mansuetudinem,
3253 3661 3501 3744 optima
3544 3661 3890 3746 disciplina
3932 3665 4245 3731 revocari.
4312 3666 4410 3730 At
4445 3664 4571 3731 du-

2614 3748 2750 3812 rior
2792 3754 2895 3813 est
2931 3746 3283 3827 barbaries,
3330 3768 3531 3830 quam
3564 3769 3733 3831 quae
3769 3746 4069 3815 doctrina
4106 3750 4570 3817 emolliendam

2618 3853 2690 3898 66
2741 3831 3067 3915 praebeat.
3157 3832 3296 3899 Gur
3351 3854 3508 3918 ergo
3556 3834 3896 3916 provincia
3950 3856 4082 3900 non
4137 3856 4211 3901 se
4262 3837 4570 3920 protinus

2618 3918 2940 3996 abdicant,
2985 3919 3092 3985 0111
3131 3939 3203 3985 66
3245 3919 3531 4001 impares
3574 3939 3717 3985 esse
3762 3920 4176 4004 agnoscunt?

2788 4003 3161 4083 Hactenus,
3218 4025 3385 4087 quae
3427 4006 3695 4090 propria
3736 4005 4211 4089 quodammodo
4253 4007 4574 4075 abbatum

2617 4097 2824 4168 erant,
2862 4092 3246 4173 persequuti
3281 4110 3534 4157 sumus:
3572 4113 3749 4158 nunc
3787 4113 3953 4174 quae
3986 4092 4236 4158 habent
4268 4114 4571 4160 commu-

2616 4178 2727 4241 nia
2768 4197 2919 4242 cum
2955 4175 3206 4259 reliqua
3247 4176 3379 4256 illa,
3425 4198 3623 4260 quam
3669 4198 3879 4260 nuper
3920 4179 4385 4259 recensuimus,
4436 4180 4570 4245 ool-

2615 4263 2811 4342 luvie,
2834 4282 2985 4340 une,
3011 4269 3087 4325 ut
3107 4261 3362 4340 dicitur,
3387 4263 3560 4328 fasce
3582 4264 3777 4329 simul
3800 4263 4322 4347 complectamur.
4383 4263 4570 4347 Quo-

2616 4351 2794 4414 niam
2853 4356 3074 4414 autem
3132 4348 3237 4413 sin
3471 4348 3869 4433 flagitiorum
3913 4351 4161 4432 species
4177 4403 4192 4429 ,
4282 4372 4408 4416 uae
4449 4372 4570 4417 ne—

2615 4434 2827 4500 fandis
2879 4434 3024 4500 istis
3067 4435 3244 4500 omni
3291 4456 3368 4500 us
3411 4433 3788 4501 sacerdotiis
3832 4443 4146 4518 perpetuo
4190 4456 4267 4502 co
4397 4445 4566 4517 rent,

2617 4541 2910 4587 seorsum
2936 4529 3261 4599 excutere,
3298 4528 3364 4585 et
3398 4517 3629 4584 ordine
3664 4519 4012 4601 explicare,
4047 4542 4250 4605 prope
4283 4523 4568 4590 immen-

2591 4627 2764 4672 ·sum
2806 4606 3036 4670 fuerit:
3083 4606 3248 4670 mihi
3294 4606 3451 4671 satis
3494 4606 3623 4670 erit
3657 4606 4037 4687 ostendisse,
4075 4607 4336 4672 nullum
4376 4630 4569 4692 pem·

2616 4701 2725 4757 tus
2757 4712 2844 4756 ex
2877 4692 3184 4757 universo
3218 4712 3494 4756 numero
3528 4692 3737 4755 teneri
3779 4711 3991 4775 posse,
4035 4691 4205 4777 quod
4238 4715 4371 4760 non
4410 4694 4568 4760 abo-
4667 4711 4672 4716 ·

2617 4778 2946 4843 minandis
2981 4776 3231 4843 duobus
3275 4777 3633 4861 sacrilegiis
3667 4784 3946 4845 constet:
3984 4800 4111 4862 quo
4153 4781 4368 4863 pretio
4411 4781 4569 4845 nul-

2616 4864 2751 4929 lam
2789 4864 3052 4929 omnino
3086 4863 3464 4928 felicitatem
3499 4861 3818 4928 redimere
3851 4872 4082 4948 pectus
4123 4866 4572 4932 christianum

2619 4955 2766 5029 [pag.
2815 4954 2923 5029 68]
2980 4950 3318 5014 sustineat.
3387 4948 3680 5034 Vulgare
3734 4949 3906 5015 inter
3960 4973 4069 5017 eos
4136 4952 4572 5034 proverbium

2617 5045 2734 5114 est,
2781 5047 3046 5120 propter
3086 5034 3374 5101 officium
3415 5034 3724 5102 beneficio
3768 5057 3838 5101 se
3871 5038 4017 5114 frui,
4061 5044 4128 5102 et
4171 5037 4405 5103 honori
4441 5059 4569 5104 suo

2616 5143 2874 5207 semper
2909 5141 3047 5186 esse
3084 5119 3417 5185 adnexum
3454 5143 3637 5187 onus.
3705 5118 4100 5207 Quanquam
4144 5133 4370 5189 autem
4403 5144 4567 5190 one-

2617 5208 2709 5272 ris
2765 5208 2949 5273 varia
3003 5212 3159 5271 sunt
3216 5227 3488 5291 genera,
3535 5207 3657 5274 hoc
3702 5217 3924 5273 tamen
3979 5206 4280 5274 omnibus
4323 5229 4564 5293 perpe-
