<?xml version="1.0" encoding="UTF-8"?>
<!DOCTYPE html PUBLIC "-//W3C//DTD XHTML 1.0 Transitional//EN"
    "http://www.w3.org/TR/xhtml1/DTD/xhtml1-transitional.dtd">
<html xmlns="http://www.w3.org/1999/xhtml" xml:lang="en" lang="en">
 <head>
  <title>
</title>
<meta http-equiv="Content-Type" content="text/html;charset=utf-8" />
  <meta name='ocr-system' content='tesseract 3.04.00' />
  <meta name='ocr-capabilities' content='ocr_page ocr_carea ocr_par ocr_line ocrx_word'/>
</head>
<body>
  <div class='ocr_page' id='page_1' title='image "./ioanniscalvinio14unkngoog_0188.png"; bbox 0 0 4984 5975; ppageno 0'>
   <div class='ocr_carea' id='block_1_1' title="bbox 604 272 729 334">
    <p class='ocr_par' dir='ltr' id='par_1_1' title="bbox 604 272 729 334">
     <span class='ocr_line' id='line_1_1' title="bbox 604 272 729 334; baseline 0 0"><span class='ocrx_word' id='word_1_1' title='bbox 604 272 729 334; x_wconf 76' lang='lat'><strong>251</strong></span> 
     </span>
    </p>
   </div>
   <div class='ocr_carea' id='block_1_2' title="bbox 601 448 2559 3544">
    <p class='ocr_par' dir='ltr' id='par_1_2' title="bbox 601 448 2559 3544">
     <span class='ocr_line' id='line_1_2' title="bbox 604 448 2555 543; baseline -0.006 -17"><span class='ocrx_word' id='word_1_2' title='bbox 604 457 962 543; x_wconf 76' lang='lat' dir='ltr'><strong>quidquam</strong></span> <span class='ocrx_word' id='word_1_3' title='bbox 1011 455 1348 539; x_wconf 86' lang='lat' dir='ltr'><strong>intelligit,</strong></span> <span class='ocrx_word' id='word_1_4' title='bbox 1403 453 1683 537; x_wconf 88' lang='lat' dir='ltr'><strong>qualiter</strong></span> <span class='ocrx_word' id='word_1_5' title='bbox 1725 469 1916 516; x_wconf 90' lang='lat' dir='ltr'><strong>nosse</strong></span> <span class='ocrx_word' id='word_1_6' title='bbox 1959 455 2231 532; x_wconf 79' lang='lat' dir='ltr'><strong>oportet.</strong></span> <span class='ocrx_word' id='word_1_7' title='bbox 2320 448 2422 514; x_wconf 83' lang='lat' dir='ltr'><strong>Ac</strong></span> <span class='ocrx_word' id='word_1_8' title='bbox 2465 448 2555 514; x_wconf 88' lang='lat' dir='ltr'><strong>si-</strong></span> 
     </span>
     <span class='ocr_line' id='line_1_3' title="bbox 605 533 2557 624; baseline -0.007 -12"><span class='ocrx_word' id='word_1_9' title='bbox 605 544 973 611; x_wconf 74' lang='lat' dir='ltr'><strong>mulacrum</strong></span> <span class='ocrx_word' id='word_1_10' title='bbox 1023 540 1288 624; x_wconf 91' lang='lat' dir='ltr'><strong>quidem</strong></span> <span class='ocrx_word' id='word_1_11' title='bbox 1339 538 1509 604; x_wconf 88' lang='lat' dir='ltr'><strong>nihil</strong></span> <span class='ocrx_word' id='word_1_12' title='bbox 1564 556 1707 602; x_wconf 82' lang='lat' dir='ltr'><strong>esse</strong></span> <span class='ocrx_word' id='word_1_13' title='bbox 1763 534 2089 601; x_wconf 86' lang='lat' dir='ltr'><strong>concedit:</strong></span> <span class='ocrx_word' id='word_1_14' title='bbox 2154 533 2269 600; x_wconf 90' lang='lat' dir='ltr'><strong>sed</strong></span> <span class='ocrx_word' id='word_1_15' title='bbox 2322 541 2557 599; x_wconf 88' lang='lat' dir='ltr'><strong>contra</strong></span> 
     </span>
     <span class='ocr_line' id='line_1_4' title="bbox 605 615 2555 711; baseline -0.008 -12"><span class='ocrx_word' id='word_1_16' title='bbox 605 630 842 708; x_wconf 91' lang='lat' dir='ltr'><strong>obiicit,</strong></span> <span class='ocrx_word' id='word_1_17' title='bbox 888 626 1136 711; x_wconf 91' lang='lat' dir='ltr'><strong>aliquid</strong></span> <span class='ocrx_word' id='word_1_18' title='bbox 1178 647 1321 692; x_wconf 90' lang='lat' dir='ltr'><strong>esse</strong></span> <span class='ocrx_word' id='word_1_19' title='bbox 1353 615 1855 689; x_wconf 79' lang='lat' dir='ltr'><strong>&#39;simulacrorum</strong></span> <span class='ocrx_word' id='word_1_20' title='bbox 1884 620 2163 686; x_wconf 89' lang='lat' dir='ltr'><strong>cultum:</strong></span> <span class='ocrx_word' id='word_1_21' title='bbox 2210 619 2395 685; x_wconf 89' lang='lat' dir='ltr'><strong>cuius</strong></span> <span class='ocrx_word' id='word_1_22' title='bbox 2440 620 2555 684; x_wconf 92' lang='lat' dir='ltr'><strong>ob-</strong></span> 
     </span>
     <span class='ocr_line' id='line_1_5' title="bbox 605 705 2553 794; baseline -0.008 -11"><span class='ocrx_word' id='word_1_23' title='bbox 605 714 804 784; x_wconf 86' lang='lat' dir='ltr'><strong>eundi</strong></span> <span class='ocrx_word' id='word_1_24' title='bbox 844 713 1125 779; x_wconf 74' lang='lat' dir='ltr'><strong>indoctis</strong></span> <span class='ocrx_word' id='word_1_25' title='bbox 1167 711 1293 794; x_wconf 92' lang='lat' dir='ltr'><strong>ipsi</strong></span> <span class='ocrx_word' id='word_1_26' title='bbox 1335 719 1596 777; x_wconf 80' lang='lat' dir='ltr'><strong>autores</strong></span> <span class='ocrx_word' id='word_1_27' title='bbox 1638 717 1875 774; x_wconf 85' lang='lat' dir='ltr'><strong>essent.</strong></span> <span class='ocrx_word' id='word_1_28' title='bbox 1965 706 2029 771; x_wconf 86' lang='lat' dir='ltr'>N</span> <span class='ocrx_word' id='word_1_29' title='bbox 2030 727 2115 771; x_wconf 92' lang='lat' dir='ltr'><strong>on</strong></span> <span class='ocrx_word' id='word_1_30' title='bbox 2157 712 2277 783; x_wconf 91' lang='lat' dir='ltr'><strong>est,</strong></span> <span class='ocrx_word' id='word_1_31' title='bbox 2319 705 2553 787; x_wconf 87' lang='lat' dir='ltr'><strong>inquit,</strong></span> 
     </span>
     <span class='ocr_line' id='line_1_6' title="bbox 605 789 2555 876; baseline -0.007 -8"><span class='ocrx_word' id='word_1_32' title='bbox 605 805 682 868; x_wconf 80' lang='lat' dir='ltr'><strong>in</strong></span> <span class='ocrx_word' id='word_1_33' title='bbox 727 801 1031 867; x_wconf 89' lang='lat' dir='ltr'><strong>omnibus</strong></span> <span class='ocrx_word' id='word_1_34' title='bbox 1086 797 1376 864; x_wconf 86' lang='lat' dir='ltr'><strong>scientia.</strong></span> <span class='ocrx_word' id='word_1_35' title='bbox 1468 793 1757 876; x_wconf 75' lang='lat' dir='ltr'><strong>Quidam</strong></span> <span class='ocrx_word' id='word_1_36' title='bbox 1798 813 1957 858; x_wconf 86' lang='lat' dir='ltr'><strong>vero</strong></span> <span class='ocrx_word' id='word_1_37' title='bbox 2001 811 2153 857; x_wconf 90' lang='lat' dir='ltr'><strong>cum</strong></span> <span class='ocrx_word' id='word_1_38' title='bbox 2194 789 2354 856; x_wconf 89' lang='lat' dir='ltr'><strong>idoli</strong></span> <span class='ocrx_word' id='word_1_39' title='bbox 2398 811 2555 856; x_wconf 88' lang='lat' dir='ltr'><strong>con-</strong></span> 
     </span>
     <span class='ocr_line' id='line_1_7' title="bbox 605 875 2554 969; baseline -0.007 -14"><span class='ocrx_word' id='word_1_40' title='bbox 605 888 911 964; x_wconf 86' lang='lat' dir='ltr'><strong>scientia,</strong></span> <span class='ocrx_word' id='word_1_41' title='bbox 969 887 1157 969; x_wconf 91' lang='lat' dir='ltr'><strong>quasi</strong></span> <span class='ocrx_word' id='word_1_42' title='bbox 1208 882 1580 948; x_wconf 74' lang='lat' dir='ltr'><strong>simulacris</strong></span> <span class='ocrx_word' id='word_1_43' title='bbox 1635 886 2089 946; x_wconf 89' lang='lat' dir='ltr'><strong>consecratum</strong></span> <span class='ocrx_word' id='word_1_44' title='bbox 2130 875 2554 956; x_wconf 88' lang='lat' dir='ltr'><strong>manducant,</strong></span> 
     </span>
     <span class='ocr_line' id='line_1_8' title="bbox 604 962 2551 1052; baseline -0.008 -12"><span class='ocrx_word' id='word_1_45' title='bbox 604 982 673 1040; x_wconf 92' lang='lat' dir='ltr'><strong>et</strong></span> <span class='ocrx_word' id='word_1_46' title='bbox 709 973 1106 1040; x_wconf 90' lang='lat' dir='ltr'><strong>conscientia</strong></span> <span class='ocrx_word' id='word_1_47' title='bbox 1147 971 1442 1052; x_wconf 86' lang='lat' dir='ltr'><strong>ipsorum</strong></span> <span class='ocrx_word' id='word_1_48' title='bbox 1485 988 1689 1051; x_wconf 91' lang='lat' dir='ltr'><strong>quum</strong></span> <span class='ocrx_word' id='word_1_49' title='bbox 1731 965 1820 1030; x_wconf 88' lang='lat' dir='ltr'><strong>sit</strong></span> <span class='ocrx_word' id='word_1_50' title='bbox 1861 966 2154 1042; x_wconf 84' lang='lat' dir='ltr'><strong>infirma,</strong></span> <span class='ocrx_word' id='word_1_51' title='bbox 2211 962 2551 1046; x_wconf 83' lang='lat' dir='ltr'><strong>polluitur.</strong></span> 
     </span>
     <span class='ocr_line' id='line_1_9' title="bbox 605 1047 2553 1143; baseline -0.007 -17"><span class='ocrx_word' id='word_1_52' title='bbox 605 1059 687 1127; x_wconf 77' lang='lat' dir='ltr'><strong>Si</strong></span> <span class='ocrx_word' id='word_1_53' title='bbox 726 1060 874 1143; x_wconf 91' lang='lat' dir='ltr'><strong>quis</strong></span> <span class='ocrx_word' id='word_1_54' title='bbox 917 1079 1071 1123; x_wconf 87' lang='lat' dir='ltr'><strong>eum</strong></span> <span class='ocrx_word' id='word_1_55' title='bbox 1111 1055 1369 1133; x_wconf 88' lang='lat' dir='ltr'><strong>viderit,</strong></span> <span class='ocrx_word' id='word_1_56' title='bbox 1417 1055 1527 1137; x_wconf 91' lang='lat' dir='ltr'><strong>qui</strong></span> <span class='ocrx_word' id='word_1_57' title='bbox 1571 1052 1913 1118; x_wconf 89' lang='lat' dir='ltr'><strong>scientiam</strong></span> <span class='ocrx_word' id='word_1_58' title='bbox 1957 1050 2186 1126; x_wconf 87' lang='lat' dir='ltr'><strong>habet,</strong></span> <span class='ocrx_word' id='word_1_59' title='bbox 2232 1049 2300 1113; x_wconf 91' lang='lat' dir='ltr'><strong>in</strong></span> <span class='ocrx_word' id='word_1_60' title='bbox 2347 1047 2553 1113; x_wconf 89' lang='lat' dir='ltr'><strong>simu-</strong></span> 
     </span>
     <span class='ocr_line' id='line_1_10' title="bbox 604 1134 2553 1226; baseline -0.008 -14"><span class='ocrx_word' id='word_1_61' title='bbox 604 1145 933 1212; x_wconf 84' lang='lat' dir='ltr'><strong>lacrorum</strong></span> <span class='ocrx_word' id='word_1_62' title='bbox 955 1142 1150 1226; x_wconf 90' lang='lat' dir='ltr'><strong>epulo</strong></span> <span class='ocrx_word' id='word_1_63' title='bbox 1172 1141 1684 1215; x_wconf 74' lang='lat' dir='ltr'><strong>recumbentem,</strong></span> <span class='ocrx_word' id='word_1_64' title='bbox 1722 1156 1946 1201; x_wconf 88' lang='lat' dir='ltr'><strong>nonne</strong></span> <span class='ocrx_word' id='word_1_65' title='bbox 1968 1134 2369 1210; x_wconf 83' lang='lat' dir='ltr'><strong>conscientia</strong></span> <span class='ocrx_word' id='word_1_66' title='bbox 2389 1135 2553 1210; x_wconf 89' lang='lat' dir='ltr'><strong>eius,</strong></span> 
     </span>
     <span class='ocr_line' id='line_1_11' title="bbox 604 1218 2551 1317; baseline -0.008 -19"><span class='ocrx_word' id='word_1_67' title='bbox 604 1252 813 1317; x_wconf 89' lang='lat' dir='ltr'><strong>quum</strong></span> <span class='ocrx_word' id='word_1_68' title='bbox 855 1230 944 1295; x_wconf 91' lang='lat' dir='ltr'><strong>sit</strong></span> <span class='ocrx_word' id='word_1_69' title='bbox 982 1230 1272 1294; x_wconf 90' lang='lat' dir='ltr'><strong>incertus</strong></span> <span class='ocrx_word' id='word_1_70' title='bbox 1287 1278 1301 1305; x_wconf 91' lang='lat'>‚</span> <span class='ocrx_word' id='word_1_71' title='bbox 1358 1222 1807 1290; x_wconf 80' lang='lat' dir='ltr'><strong>aedificabitur</strong></span> <span class='ocrx_word' id='word_1_72' title='bbox 1849 1221 1932 1288; x_wconf 90' lang='lat' dir='ltr'><strong>ad</strong></span> <span class='ocrx_word' id='word_1_73' title='bbox 1975 1218 2551 1285; x_wconf 80' lang='lat' dir='ltr'><strong>manducandum?</strong></span> 
     </span>
     <span class='ocr_line' id='line_1_12' title="bbox 606 1308 2555 1401; baseline -0.009 -17"><span class='ocrx_word' id='word_1_74' title='bbox 606 1327 677 1384; x_wconf 81' lang='lat' dir='ltr'><strong>et</strong></span> <span class='ocrx_word' id='word_1_75' title='bbox 715 1316 958 1401; x_wconf 75' lang='lat' dir='ltr'><strong>peribit</strong></span> <span class='ocrx_word' id='word_1_76' title='bbox 998 1315 1301 1379; x_wconf 82' lang='lat' dir='ltr'><strong>infirmus</strong></span> <span class='ocrx_word' id='word_1_77' title='bbox 1341 1313 1413 1377; x_wconf 91' lang='lat' dir='ltr'><strong>in</strong></span> <span class='ocrx_word' id='word_1_78' title='bbox 1455 1320 1570 1376; x_wconf 87' lang='lat' dir='ltr'><strong>tua</strong></span> <span class='ocrx_word' id='word_1_79' title='bbox 1620 1308 2021 1376; x_wconf 87' lang='lat' dir='ltr'><strong>conscientia</strong></span> <span class='ocrx_word' id='word_1_80' title='bbox 2076 1309 2302 1385; x_wconf 67' lang='lat' dir='ltr'><strong>frater,</strong></span> <span class='ocrx_word' id='word_1_81' title='bbox 2354 1324 2555 1388; x_wconf 88' lang='lat' dir='ltr'><strong>prop-</strong></span> 
     </span>
     <span class='ocr_line' id='line_1_13' title="bbox 604 1391 2554 1486; baseline -0.008 -17"><span class='ocrx_word' id='word_1_82' title='bbox 604 1412 710 1469; x_wconf 90' lang='lat' dir='ltr'><strong>ter</strong></span> <span class='ocrx_word' id='word_1_83' title='bbox 764 1421 960 1486; x_wconf 88' lang='lat' dir='ltr'><strong>quem</strong></span> <span class='ocrx_word' id='word_1_84' title='bbox 1001 1399 1311 1465; x_wconf 87' lang='lat' dir='ltr'><strong>Christus</strong></span> <span class='ocrx_word' id='word_1_85' title='bbox 1363 1405 1666 1463; x_wconf 90' lang='lat' dir='ltr'><strong>mortuus</strong></span> <span class='ocrx_word' id='word_1_86' title='bbox 1722 1393 1865 1460; x_wconf 80' lang='lat' dir='ltr'><strong>est?</strong></span> <span class='ocrx_word' id='word_1_87' title='bbox 1956 1391 2070 1459; x_wconf 78' lang='lat' dir='ltr'><strong>Sic</strong></span> <span class='ocrx_word' id='word_1_88' title='bbox 2124 1398 2344 1456; x_wconf 88' lang='lat' dir='ltr'><strong>autem</strong></span> <span class='ocrx_word' id='word_1_89' title='bbox 2403 1409 2554 1473; x_wconf 92' lang='lat' dir='ltr'><strong>pec-</strong></span> 
     </span>
     <span class='ocr_line' id='line_1_14' title="bbox 605 1481 2554 1560; baseline -0.008 -5"><span class='ocrx_word' id='word_1_90' title='bbox 605 1496 829 1557; x_wconf 86' lang='lat' dir='ltr'><strong>cantes</strong></span> <span class='ocrx_word' id='word_1_91' title='bbox 861 1488 933 1552; x_wconf 92' lang='lat' dir='ltr'><strong>in</strong></span> <span class='ocrx_word' id='word_1_92' title='bbox 962 1487 1218 1560; x_wconf 83' lang='lat' dir='ltr'><strong>fratres,</strong></span> <span class='ocrx_word' id='word_1_93' title='bbox 1254 1491 1322 1549; x_wconf 89' lang='lat' dir='ltr'><strong>et</strong></span> <span class='ocrx_word' id='word_1_94' title='bbox 1350 1484 1777 1548; x_wconf 84' lang='lat' dir='ltr'><strong>vulnerantes</strong></span> <span class='ocrx_word' id='word_1_95' title='bbox 1806 1481 2104 1545; x_wconf 85' lang='lat' dir='ltr'><strong>infirmas</strong></span> <span class='ocrx_word' id='word_1_96' title='bbox 2139 1497 2369 1543; x_wconf 91' lang='lat' dir='ltr'><strong>eorum</strong></span> <span class='ocrx_word' id='word_1_97' title='bbox 2401 1496 2554 1541; x_wconf 91' lang='lat' dir='ltr'><strong>con-</strong></span> 
     </span>
     <span class='ocr_line' id='line_1_15' title="bbox 607 1561 2551 1651; baseline -0.008 -10"><span class='ocrx_word' id='word_1_98' title='bbox 607 1575 945 1651; x_wconf 83' lang='lat' dir='ltr'><strong>scientias,</strong></span> <span class='ocrx_word' id='word_1_99' title='bbox 1003 1573 1073 1636; x_wconf 92' lang='lat' dir='ltr'><strong>in</strong></span> <span class='ocrx_word' id='word_1_100' title='bbox 1116 1571 1461 1636; x_wconf 75' lang='lat' dir='ltr'><strong>Christum</strong></span> <span class='ocrx_word' id='word_1_101' title='bbox 1517 1566 1915 1650; x_wconf 78' lang='lat' dir='ltr'><strong>delinquitis.</strong></span> <span class='ocrx_word' id='word_1_102' title='bbox 2003 1564 2105 1630; x_wconf 88' lang='lat' dir='ltr'><strong>Ao</strong></span> <span class='ocrx_word' id='word_1_103' title='bbox 2160 1564 2216 1627; x_wconf 93' lang='lat' dir='ltr'><strong>si</strong></span> <span class='ocrx_word' id='word_1_104' title='bbox 2277 1561 2551 1628; x_wconf 87' lang='lat' dir='ltr'><strong>diceret:</strong></span> 
     </span>
     <span class='ocr_line' id='line_1_16' title="bbox 608 1649 2558 1743; baseline -0.008 -17"><span class='ocrx_word' id='word_1_105' title='bbox 608 1659 806 1743; x_wconf 78' lang='lat' dir='ltr'><strong>Quod</strong></span> <span class='ocrx_word' id='word_1_106' title='bbox 836 1680 1060 1726; x_wconf 89' lang='lat' dir='ltr'><strong>omnes</strong></span> <span class='ocrx_word' id='word_1_107' title='bbox 1094 1657 1393 1741; x_wconf 87' lang='lat' dir='ltr'><strong>gentium</strong></span> <span class='ocrx_word' id='word_1_108' title='bbox 1423 1653 1504 1719; x_wconf 91' lang='lat' dir='ltr'><strong>de</strong></span> <span class='ocrx_word' id='word_1_109' title='bbox 1538 1653 1664 1718; x_wconf 87' lang='lat' dir='ltr'><strong>diis</strong></span> <span class='ocrx_word' id='word_1_110' title='bbox 1697 1653 1835 1718; x_wconf 92' lang='lat' dir='ltr'><strong>suis</strong></span> <span class='ocrx_word' id='word_1_111' title='bbox 1870 1649 2344 1734; x_wconf 84' lang='lat' dir='ltr'><strong>persuasiones,</strong></span> <span class='ocrx_word' id='word_1_112' title='bbox 2380 1667 2558 1714; x_wconf 87' lang='lat' dir='ltr'><strong>vana</strong></span> 
     </span>
     <span class='ocr_line' id='line_1_17' title="bbox 607 1733 2553 1820; baseline -0.008 -7"><span class='ocrx_word' id='word_1_113' title='bbox 607 1767 751 1813; x_wconf 89' lang='lat' dir='ltr'><strong>esse</strong></span> <span class='ocrx_word' id='word_1_114' title='bbox 791 1765 867 1811; x_wconf 89' lang='lat' dir='ltr'><strong>ac</strong></span> <span class='ocrx_word' id='word_1_115' title='bbox 908 1741 1146 1809; x_wconf 87' lang='lat' dir='ltr'><strong>frivola</strong></span> <span class='ocrx_word' id='word_1_116' title='bbox 1185 1747 1555 1808; x_wconf 86' lang='lat' dir='ltr'><strong>commenta</strong></span> <span class='ocrx_word' id='word_1_117' title='bbox 1596 1740 1704 1820; x_wconf 88' lang='lat' dir='ltr'><strong>(ut</strong></span> <span class='ocrx_word' id='word_1_118' title='bbox 1745 1759 1817 1802; x_wconf 90' lang='lat' dir='ltr'><strong>re</strong></span> <span class='ocrx_word' id='word_1_119' title='bbox 1859 1757 2018 1802; x_wconf 85' lang='lat' dir='ltr'><strong>vera</strong></span> <span class='ocrx_word' id='word_1_120' title='bbox 2058 1735 2243 1818; x_wconf 90' lang='lat' dir='ltr'><strong>sunt)</strong></span> <span class='ocrx_word' id='word_1_121' title='bbox 2295 1733 2553 1811; x_wconf 89' lang='lat' dir='ltr'><strong>ducitis,</strong></span> 
     </span>
     <span class='ocr_line' id='line_1_18' title="bbox 605 1819 2556 1918; baseline -0.006 -20"><span class='ocrx_word' id='word_1_122' title='bbox 605 1832 795 1900; x_wconf 88' lang='lat' dir='ltr'><strong>vobis</strong></span> <span class='ocrx_word' id='word_1_123' title='bbox 851 1829 921 1895; x_wconf 90' lang='lat' dir='ltr'><strong>id</strong></span> <span class='ocrx_word' id='word_1_124' title='bbox 978 1829 1136 1894; x_wconf 89' lang='lat' dir='ltr'><strong>solis</strong></span> <span class='ocrx_word' id='word_1_125' title='bbox 1192 1846 1425 1911; x_wconf 82' lang='lat' dir='ltr'><strong>sapere</strong></span> <span class='ocrx_word' id='word_1_126' title='bbox 1469 1833 1602 1891; x_wconf 87' lang='lat' dir='ltr'><strong>est:</strong></span> <span class='ocrx_word' id='word_1_127' title='bbox 1661 1822 1834 1908; x_wconf 90' lang='lat' dir='ltr'><strong>quod</strong></span> <span class='ocrx_word' id='word_1_128' title='bbox 1892 1843 2047 1905; x_wconf 88' lang='lat' dir='ltr'><strong>prae</strong></span> <span class='ocrx_word' id='word_1_129' title='bbox 2090 1820 2277 1886; x_wconf 86' lang='lat' dir='ltr'><strong>vobis</strong></span> <span class='ocrx_word' id='word_1_130' title='bbox 2334 1819 2556 1918; x_wconf 73' lang='lat' dir='ltr'><strong>palam</strong></span> 
     </span>
     <span class='ocr_line' id='line_1_19' title="bbox 604 1904 2554 1996; baseline -0.008 -13"><span class='ocrx_word' id='word_1_131' title='bbox 604 1919 818 1996; x_wconf 85' lang='lat' dir='ltr'><strong>fertis,</strong></span> <span class='ocrx_word' id='word_1_132' title='bbox 876 1915 960 1981; x_wconf 88' lang='lat' dir='ltr'><strong>ad</strong></span> <span class='ocrx_word' id='word_1_133' title='bbox 1012 1913 1333 1979; x_wconf 78' lang='lat' dir='ltr'><strong>falsorum</strong></span> <span class='ocrx_word' id='word_1_134' title='bbox 1386 1912 1658 1977; x_wconf 91' lang='lat' dir='ltr'><strong>deorum</strong></span> <span class='ocrx_word' id='word_1_135' title='bbox 1709 1910 1962 1974; x_wconf 89' lang='lat' dir='ltr'><strong>cultum</strong></span> <span class='ocrx_word' id='word_1_136' title='bbox 2005 1904 2176 1990; x_wconf 90' lang='lat' dir='ltr'><strong>quod</strong></span> <span class='ocrx_word' id='word_1_137' title='bbox 2221 1916 2554 1988; x_wconf 74' lang='lat' dir='ltr'><strong>pertinere</strong></span> 
     </span>
     <span class='ocr_line' id='line_1_20' title="bbox 604 1990 2556 2084; baseline -0.009 -14"><span class='ocrx_word' id='word_1_138' title='bbox 604 2002 818 2071; x_wconf 89' lang='lat' dir='ltr'><strong>videri</strong></span> <span class='ocrx_word' id='word_1_139' title='bbox 852 2001 1077 2084; x_wconf 84' lang='lat' dir='ltr'><strong>possit,</strong></span> <span class='ocrx_word' id='word_1_140' title='bbox 1114 1997 1183 2063; x_wconf 92' lang='lat' dir='ltr'><strong>id</strong></span> <span class='ocrx_word' id='word_1_141' title='bbox 1203 2017 1361 2064; x_wconf 91' lang='lat' dir='ltr'><strong>vero</strong></span> <span class='ocrx_word' id='word_1_142' title='bbox 1381 1997 1594 2062; x_wconf 85' lang='lat' dir='ltr'><strong>facit-is</strong></span> <span class='ocrx_word' id='word_1_143' title='bbox 1614 1995 1980 2060; x_wconf 88' lang='lat' dir='ltr'><strong>multorum</strong></span> <span class='ocrx_word' id='word_1_144' title='bbox 2012 1991 2318 2076; x_wconf 88' lang='lat' dir='ltr'><strong>periculo.</strong></span> <span class='ocrx_word' id='word_1_145' title='bbox 2382 1990 2556 2054; x_wconf 89' lang='lat' dir='ltr'><strong>Nam</strong></span> 
     </span>
     <span class='ocr_line' id='line_1_21' title="bbox 605 2075 2553 2173; baseline -0.007 -19"><span class='ocrx_word' id='word_1_146' title='bbox 605 2090 718 2173; x_wconf 89' lang='lat' dir='ltr'><strong>qui</strong></span> <span class='ocrx_word' id='word_1_147' title='bbox 761 2086 1081 2154; x_wconf 88' lang='lat' dir='ltr'><strong>eiusmodi</strong></span> <span class='ocrx_word' id='word_1_148' title='bbox 1124 2083 1493 2169; x_wconf 84' lang='lat' dir='ltr'><strong>spectaculo</strong></span> <span class='ocrx_word' id='word_1_149' title='bbox 1536 2081 1734 2147; x_wconf 86' lang='lat' dir='ltr'><strong>rudes</strong></span> <span class='ocrx_word' id='word_1_150' title='bbox 1778 2080 2039 2156; x_wconf 84' lang='lat' dir='ltr'><strong>adsunt,</strong></span> <span class='ocrx_word' id='word_1_151' title='bbox 2089 2085 2162 2142; x_wconf 87' lang='lat' dir='ltr'><strong>et</strong></span> <span class='ocrx_word' id='word_1_152' title='bbox 2202 2075 2553 2160; x_wconf 77' lang='lat' dir='ltr'><strong>simplices,</strong></span> 
     </span>
     <span class='ocr_line' id='line_1_22' title="bbox 604 2164 2555 2260; baseline -0.007 -20"><span class='ocrx_word' id='word_1_153' title='bbox 604 2195 810 2260; x_wconf 89' lang='lat' dir='ltr'><strong>quum</strong></span> <span class='ocrx_word' id='word_1_154' title='bbox 851 2172 1147 2238; x_wconf 89' lang='lat' dir='ltr'><strong>nondum</strong></span> <span class='ocrx_word' id='word_1_155' title='bbox 1183 2179 1473 2235; x_wconf 89' lang='lat' dir='ltr'><strong>vestram</strong></span> <span class='ocrx_word' id='word_1_156' title='bbox 1514 2168 1698 2233; x_wconf 85' lang='lat' dir='ltr'><strong>illam</strong></span> <span class='ocrx_word' id='word_1_157' title='bbox 1739 2164 2159 2249; x_wconf 80' lang='lat' dir='ltr'><strong>prudentiam</strong></span> <span class='ocrx_word' id='word_1_158' title='bbox 2200 2164 2337 2228; x_wconf 88' lang='lat' dir='ltr'><strong>sint</strong></span> <span class='ocrx_word' id='word_1_159' title='bbox 2378 2180 2555 2228; x_wconf 85' lang='lat' dir='ltr'><strong>asse·</strong></span> 
     </span>
     <span class='ocr_line' id='line_1_23' title="bbox 605 2252 2555 2345; baseline -0.008 -19"><span class='ocrx_word' id='word_1_160' title='bbox 605 2259 795 2345; x_wconf 89' lang='lat' dir='ltr'><strong>quuti</strong></span> <span class='ocrx_word' id='word_1_161' title='bbox 810 2311 824 2337; x_wconf 89' lang='lat'><strong>,</strong></span> <span class='ocrx_word' id='word_1_162' title='bbox 878 2279 1010 2342; x_wconf 90' lang='lat' dir='ltr'><strong>qua</strong></span> <span class='ocrx_word' id='word_1_163' title='bbox 1063 2255 1437 2339; x_wconf 85' lang='lat' dir='ltr'><strong>intelligant</strong></span> <span class='ocrx_word' id='word_1_164' title='bbox 1491 2253 1667 2319; x_wconf 90' lang='lat' dir='ltr'><strong>idola</strong></span> <span class='ocrx_word' id='word_1_165' title='bbox 1720 2252 1890 2317; x_wconf 90' lang='lat' dir='ltr'><strong>nihil</strong></span> <span class='ocrx_word' id='word_1_166' title='bbox 1947 2270 2091 2316; x_wconf 87' lang='lat' dir='ltr'><strong>esse</strong></span> <span class='ocrx_word' id='word_1_167' title='bbox 2104 2300 2120 2328; x_wconf 87' lang='lat'><strong>,</strong></span> <span class='ocrx_word' id='word_1_168' title='bbox 2168 2269 2289 2315; x_wconf 91' lang='lat' dir='ltr'><strong>vos</strong></span> <span class='ocrx_word' id='word_1_169' title='bbox 2332 2255 2555 2314; x_wconf 89' lang='lat' dir='ltr'><strong>autem</strong></span> 
     </span>
     <span class='ocr_line' id='line_1_24' title="bbox 605 2332 2556 2431; baseline -0.008 -19"><span class='ocrx_word' id='word_1_170' title='bbox 605 2346 935 2412; x_wconf 89' lang='lat' dir='ltr'><strong>idolorum</strong></span> <span class='ocrx_word' id='word_1_171' title='bbox 988 2342 1192 2409; x_wconf 89' lang='lat' dir='ltr'><strong>sacris</strong></span> <span class='ocrx_word' id='word_1_172' title='bbox 1247 2340 1729 2407; x_wconf 90' lang='lat' dir='ltr'><strong>communicare</strong></span> <span class='ocrx_word' id='word_1_173' title='bbox 1773 2336 2068 2404; x_wconf 86' lang='lat' dir='ltr'><strong>videant:</strong></span> <span class='ocrx_word' id='word_1_174' title='bbox 2129 2334 2287 2419; x_wconf 92' lang='lat' dir='ltr'><strong>quid</strong></span> <span class='ocrx_word' id='word_1_175' title='bbox 2337 2332 2556 2431; x_wconf 75' lang='lat' dir='ltr'><strong>conci-</strong></span> 
     </span>
     <span class='ocr_line' id='line_1_25' title="bbox 604 2417 2556 2517; baseline -0.007 -20"><span class='ocrx_word' id='word_1_176' title='bbox 604 2453 761 2517; x_wconf 88' lang='lat' dir='ltr'><strong>pere</strong></span> <span class='ocrx_word' id='word_1_177' title='bbox 807 2428 985 2495; x_wconf 81' lang='lat' dir='ltr'><strong>aliud</strong></span> <span class='ocrx_word' id='word_1_178' title='bbox 1026 2429 1243 2494; x_wconf 87' lang='lat' dir='ltr'><strong>animo</strong></span> <span class='ocrx_word' id='word_1_179' title='bbox 1286 2433 1589 2510; x_wconf 88' lang='lat' dir='ltr'><strong>possunt,</strong></span> <span class='ocrx_word' id='word_1_180' title='bbox 1649 2426 1780 2490; x_wconf 90' lang='lat' dir='ltr'><strong>nisi</strong></span> <span class='ocrx_word' id='word_1_181' title='bbox 1838 2427 1987 2504; x_wconf 79' lang='lat' dir='ltr'><strong>[pag.</strong></span> <span class='ocrx_word' id='word_1_182' title='bbox 2027 2426 2132 2500; x_wconf 81' lang='lat'><strong>16]</strong></span> <span class='ocrx_word' id='word_1_183' title='bbox 2180 2441 2298 2486; x_wconf 90' lang='lat' dir='ltr'><strong>vos</strong></span> <span class='ocrx_word' id='word_1_184' title='bbox 2349 2417 2556 2484; x_wconf 76' lang='lat' dir='ltr'><strong>idolo-</strong></span> 
     </span>
     <span class='ocr_line' id='line_1_26' title="bbox 603 2505 2555 2595; baseline -0.008 -11"><span class='ocrx_word' id='word_1_185' title='bbox 603 2539 754 2584; x_wconf 89' lang='lat' dir='ltr'><strong>rum</strong></span> <span class='ocrx_word' id='word_1_186' title='bbox 792 2537 936 2582; x_wconf 81' lang='lat' dir='ltr'><strong>esse</strong></span> <span class='ocrx_word' id='word_1_187' title='bbox 977 2514 1263 2582; x_wconf 74' lang='lat' dir='ltr'><strong>cultores</strong></span> <span class='ocrx_word' id='word_1_188' title='bbox 1279 2565 1295 2591; x_wconf 93' lang='lat'><strong>,</strong></span> <span class='ocrx_word' id='word_1_189' title='bbox 1355 2533 1431 2578; x_wconf 88' lang='lat' dir='ltr'><strong>ac</strong></span> <span class='ocrx_word' id='word_1_190' title='bbox 1472 2510 1746 2595; x_wconf 89' lang='lat' dir='ltr'><strong>proinde</strong></span> <span class='ocrx_word' id='word_1_191' title='bbox 1793 2516 2018 2582; x_wconf 78' lang='lat' dir='ltr'><strong>vestro</strong></span> <span class='ocrx_word' id='word_1_192' title='bbox 2059 2505 2358 2589; x_wconf 80' lang='lat' dir='ltr'><strong>exemplo</strong></span> <span class='ocrx_word' id='word_1_193' title='bbox 2401 2526 2555 2571; x_wconf 89' lang='lat' dir='ltr'><strong>con-</strong></span> 
     </span>
     <span class='ocr_line' id='line_1_27' title="bbox 601 2591 2558 2683; baseline -0.008 -13"><span class='ocrx_word' id='word_1_194' title='bbox 601 2604 857 2670; x_wconf 88' lang='lat' dir='ltr'><strong>firmari</strong></span> <span class='ocrx_word' id='word_1_195' title='bbox 900 2601 985 2666; x_wconf 86' lang='lat' dir='ltr'><strong>ad</strong></span> <span class='ocrx_word' id='word_1_196' title='bbox 1034 2599 1106 2665; x_wconf 91' lang='lat' dir='ltr'><strong>id</strong></span> <span class='ocrx_word' id='word_1_197' title='bbox 1146 2597 1689 2683; x_wconf 86' lang='lat' dir='ltr'><strong>perpetrandum,</strong></span> <span class='ocrx_word' id='word_1_198' title='bbox 1749 2592 1921 2679; x_wconf 90' lang='lat' dir='ltr'><strong>quod</strong></span> <span class='ocrx_word' id='word_1_199' title='bbox 1977 2591 2380 2659; x_wconf 88' lang='lat' dir='ltr'><strong>conscientia</strong></span> <span class='ocrx_word' id='word_1_200' title='bbox 2434 2611 2558 2656; x_wconf 89' lang='lat' dir='ltr'><strong>sua</strong></span> 
     </span>
     <span class='ocr_line' id='line_1_28' title="bbox 604 2676 2556 2762; baseline -0.007 -6"><span class='ocrx_word' id='word_1_201' title='bbox 604 2687 823 2756; x_wconf 90' lang='lat' dir='ltr'><strong>iudice</strong></span> <span class='ocrx_word' id='word_1_202' title='bbox 865 2686 1253 2752; x_wconf 90' lang='lat' dir='ltr'><strong>damnatum</strong></span> <span class='ocrx_word' id='word_1_203' title='bbox 1295 2682 1623 2749; x_wconf 81' lang='lat' dir='ltr'><strong>habeant?</strong></span> <span class='ocrx_word' id='word_1_204' title='bbox 1691 2680 1913 2762; x_wconf 75' lang='lat' dir='ltr'><strong>Quare</strong></span> <span class='ocrx_word' id='word_1_205' title='bbox 1955 2678 2157 2757; x_wconf 89' lang='lat' dir='ltr'><strong>illam,</strong></span> <span class='ocrx_word' id='word_1_206' title='bbox 2199 2698 2400 2760; x_wconf 89' lang='lat' dir='ltr'><strong>quam</strong></span> <span class='ocrx_word' id='word_1_207' title='bbox 2443 2676 2556 2742; x_wconf 87' lang='lat' dir='ltr'><strong>ob·</strong></span> 
     </span>
     <span class='ocr_line' id='line_1_29' title="bbox 605 2762 2557 2855; baseline -0.006 -15"><span class='ocrx_word' id='word_1_208' title='bbox 605 2773 908 2850; x_wconf 79' lang='lat' dir='ltr'><strong>tenditis,</strong></span> <span class='ocrx_word' id='word_1_209' title='bbox 953 2769 1372 2855; x_wconf 85' lang='lat' dir='ltr'><strong>prudentiam</strong></span> <span class='ocrx_word' id='word_1_210' title='bbox 1414 2768 1588 2834; x_wconf 86' lang='lat' dir='ltr'><strong>nihil</strong></span> <span class='ocrx_word' id='word_1_211' title='bbox 1627 2787 1875 2832; x_wconf 86' lang='lat' dir='ltr'><strong>moror:</strong></span> <span class='ocrx_word' id='word_1_212' title='bbox 1935 2785 2102 2848; x_wconf 86' lang='lat' dir='ltr'><strong>quae</strong></span> <span class='ocrx_word' id='word_1_213' title='bbox 2146 2772 2223 2829; x_wconf 89' lang='lat' dir='ltr'><strong>ut</strong></span> <span class='ocrx_word' id='word_1_214' title='bbox 2264 2762 2557 2845; x_wconf 87' lang='lat' dir='ltr'><strong>captiosa</strong></span> 
     </span>
     <span class='ocr_line' id='line_1_30' title="bbox 605 2847 2556 2936; baseline -0.007 -11"><span class='ocrx_word' id='word_1_215' title='bbox 605 2867 709 2926; x_wconf 86' lang='lat' dir='ltr'><strong>est</strong></span> <span class='ocrx_word' id='word_1_216' title='bbox 748 2856 1090 2934; x_wconf 82' lang='lat' dir='ltr'><strong>fratribus,</strong></span> <span class='ocrx_word' id='word_1_217' title='bbox 1135 2853 1532 2936; x_wconf 88' lang='lat' dir='ltr'><strong>errandique</strong></span> <span class='ocrx_word' id='word_1_218' title='bbox 1574 2852 1918 2919; x_wconf 88' lang='lat' dir='ltr'><strong>materiam</strong></span> <span class='ocrx_word' id='word_1_219' title='bbox 1959 2848 2260 2932; x_wconf 88' lang='lat' dir='ltr'><strong>praebet,</strong></span> <span class='ocrx_word' id='word_1_220' title='bbox 2317 2850 2412 2913; x_wconf 90' lang='lat' dir='ltr'><strong>ita</strong></span> <span class='ocrx_word' id='word_1_221' title='bbox 2451 2847 2556 2912; x_wconf 87' lang='lat' dir='ltr'><strong>in-</strong></span> 
     </span>
     <span class='ocr_line' id='line_1_31' title="bbox 609 2930 2557 3095; baseline -0.007 -85"><span class='ocrx_word' id='word_1_222' title='bbox 609 2944 814 3095; x_wconf 55' lang='lat' dir='ltr'><strong>digns</strong></span> <span class='ocrx_word' id='word_1_223' title='bbox 855 2950 956 3009; x_wconf 91' lang='lat' dir='ltr'><strong>est</strong></span> <span class='ocrx_word' id='word_1_224' title='bbox 996 2938 1373 3007; x_wconf 91' lang='lat' dir='ltr'><strong>hominibus</strong></span> <span class='ocrx_word' id='word_1_225' title='bbox 1417 2937 1812 3006; x_wconf 89' lang='lat' dir='ltr'><strong>christianis.</strong></span> <span class='ocrx_word' id='word_1_226' title='bbox 1891 2933 2075 3018; x_wconf 79' lang='lat' dir='ltr'><strong>Quin</strong></span> <span class='ocrx_word' id='word_1_227' title='bbox 2117 2934 2235 3001; x_wconf 89' lang='lat' dir='ltr'><strong>illa</strong></span> <span class='ocrx_word' id='word_1_228' title='bbox 2275 2954 2444 3019; x_wconf 87' lang='lat' dir='ltr'><strong>quae</strong></span> <span class='ocrx_word' id='word_1_229' title='bbox 2473 2930 2557 2997; x_wconf 85' lang='lat' dir='ltr'><strong>ab</strong></span> 
     </span>
     <span class='ocr_line' id='line_1_32' title="bbox 607 3020 2557 3099; baseline -0.007 -3"><span class='ocrx_word' id='word_1_230' title='bbox 607 3033 682 3096; x_wconf 91' lang='lat' dir='ltr'><strong>in</strong></span> <span class='ocrx_word' id='word_1_231' title='bbox 726 3030 886 3094; x_wconf 92' lang='lat' dir='ltr'><strong>octis</strong></span> <span class='ocrx_word' id='word_1_232' title='bbox 942 3026 1026 3091; x_wconf 81' lang='lat' dir='ltr'><strong>ad</strong></span> <span class='ocrx_word' id='word_1_233' title='bbox 1080 3025 1511 3090; x_wconf 86' lang='lat' dir='ltr'><strong>imitationem</strong></span> <span class='ocrx_word' id='word_1_234' title='bbox 1565 3031 1856 3091; x_wconf 86' lang='lat' dir='ltr'><strong>vestram</strong></span> <span class='ocrx_word' id='word_1_235' title='bbox 1913 3021 2349 3087; x_wconf 79' lang='lat' dir='ltr'><strong>committitur</strong></span> <span class='ocrx_word' id='word_1_236' title='bbox 2362 3070 2379 3099; x_wconf 90' lang='lat'><strong>,</strong></span> <span class='ocrx_word' id='word_1_237' title='bbox 2433 3020 2557 3082; x_wconf 91' lang='lat' dir='ltr'><strong>im-</strong></span> 
     </span>
     <span class='ocr_line' id='line_1_33' title="bbox 607 3104 2557 3200; baseline -0.006 -19"><span class='ocrx_word' id='word_1_238' title='bbox 607 3117 839 3200; x_wconf 87' lang='lat' dir='ltr'><strong>pietas,</strong></span> <span class='ocrx_word' id='word_1_239' title='bbox 884 3110 1145 3196; x_wconf 89' lang='lat' dir='ltr'><strong>quando</strong></span> <span class='ocrx_word' id='word_1_240' title='bbox 1176 3118 1397 3176; x_wconf 85' lang='lat' dir='ltr'><strong>vestra</strong></span> <span class='ocrx_word' id='word_1_241' title='bbox 1437 3110 1633 3193; x_wconf 88' lang='lat' dir='ltr'><strong>culpa</strong></span> <span class='ocrx_word' id='word_1_242' title='bbox 1676 3107 2110 3185; x_wconf 82' lang='lat' dir='ltr'><strong>contrahitur,</strong></span> <span class='ocrx_word' id='word_1_243' title='bbox 2147 3104 2331 3173; x_wconf 92' lang='lat' dir='ltr'><strong>vobis</strong></span> <span class='ocrx_word' id='word_1_244' title='bbox 2366 3125 2557 3188; x_wconf 88' lang='lat' dir='ltr'><strong>prae-</strong></span> 
     </span>
     <span class='ocr_line' id='line_1_34' title="bbox 607 3192 2558 3280; baseline -0.005 -13"><span class='ocrx_word' id='word_1_245' title='bbox 607 3200 846 3268; x_wconf 89' lang='lat' dir='ltr'><strong>standa</strong></span> <span class='ocrx_word' id='word_1_246' title='bbox 885 3208 1005 3265; x_wconf 86' lang='lat' dir='ltr'><strong>est.</strong></span> <span class='ocrx_word' id='word_1_247' title='bbox 1073 3197 1220 3262; x_wconf 92' lang='lat' dir='ltr'><strong>Iam</strong></span> <span class='ocrx_word' id='word_1_248' title='bbox 1262 3215 1420 3280; x_wconf 90' lang='lat' dir='ltr'><strong>ergo</strong></span> <span class='ocrx_word' id='word_1_249' title='bbox 1463 3196 1625 3261; x_wconf 88' lang='lat' dir='ltr'><strong>satis</strong></span> <span class='ocrx_word' id='word_1_250' title='bbox 1667 3194 2087 3279; x_wconf 88' lang='lat' dir='ltr'><strong>perspicuum</strong></span> <span class='ocrx_word' id='word_1_251' title='bbox 2130 3200 2250 3270; x_wconf 90' lang='lat' dir='ltr'><strong>est,</strong></span> <span class='ocrx_word' id='word_1_252' title='bbox 2295 3192 2558 3257; x_wconf 89' lang='lat' dir='ltr'><strong>tametsi</strong></span> 
     </span>
     <span class='ocr_line' id='line_1_35' title="bbox 606 3280 2558 3372; baseline -0.006 -19"><span class='ocrx_word' id='word_1_253' title='bbox 606 3285 869 3372; x_wconf 89' lang='lat' dir='ltr'><strong>publico</strong></span> <span class='ocrx_word' id='word_1_254' title='bbox 907 3280 1311 3368; x_wconf 87' lang='lat' dir='ltr'><strong>profitendae</strong></span> <span class='ocrx_word' id='word_1_255' title='bbox 1341 3282 1675 3366; x_wconf 88' lang='lat' dir='ltr'><strong>religionis</strong></span> <span class='ocrx_word' id='word_1_256' title='bbox 1708 3300 1980 3346; x_wconf 86' lang='lat' dir='ltr'><strong>munere</strong></span> <span class='ocrx_word' id='word_1_257' title='bbox 2013 3297 2149 3343; x_wconf 93' lang='lat' dir='ltr'><strong>non</strong></span> <span class='ocrx_word' id='word_1_258' title='bbox 2182 3298 2412 3343; x_wconf 89' lang='lat' dir='ltr'><strong>omnes</strong></span> <span class='ocrx_word' id='word_1_259' title='bbox 2443 3298 2558 3360; x_wconf 80' lang='lat' dir='ltr'><strong>pa-</strong></span> 
     </span>
     <span class='ocr_line' id='line_1_36' title="bbox 609 3365 2558 3452; baseline -0.006 -12"><span class='ocrx_word' id='word_1_260' title='bbox 609 3375 775 3439; x_wconf 89' lang='lat' dir='ltr'><strong>riter</strong></span> <span class='ocrx_word' id='word_1_261' title='bbox 810 3368 1178 3438; x_wconf 78' lang='lat' dir='ltr'><strong>Christiani</strong></span> <span class='ocrx_word' id='word_1_262' title='bbox 1210 3367 1478 3452; x_wconf 82' lang='lat' dir='ltr'><strong>defungi</strong></span> <span class='ocrx_word' id='word_1_263' title='bbox 1510 3387 1778 3451; x_wconf 85' lang='lat' dir='ltr'><strong>necesse</strong></span> <span class='ocrx_word' id='word_1_264' title='bbox 1811 3365 2112 3444; x_wconf 79' lang='lat' dir='ltr'><strong>habeant,</strong></span> <span class='ocrx_word' id='word_1_265' title='bbox 2156 3384 2299 3430; x_wconf 88' lang='lat' dir='ltr'><strong>esse</strong></span> <span class='ocrx_word' id='word_1_266' title='bbox 2334 3372 2558 3429; x_wconf 88' lang='lat' dir='ltr'><strong>tamen</strong></span> 
     </span>
     <span class='ocr_line' id='line_1_37' title="bbox 607 3449 2559 3544; baseline -0.005 -19"><span class='ocrx_word' id='word_1_267' title='bbox 607 3461 933 3544; x_wconf 88' lang='lat' dir='ltr'><strong>privatam</strong></span> <span class='ocrx_word' id='word_1_268' title='bbox 974 3453 1306 3540; x_wconf 88' lang='lat' dir='ltr'><strong>quandam</strong></span> <span class='ocrx_word' id='word_1_269' title='bbox 1345 3454 1836 3531; x_wconf 83' lang='lat' dir='ltr'><strong>confessionem,</strong></span> <span class='ocrx_word' id='word_1_270' title='bbox 1881 3471 2051 3535; x_wconf 87' lang='lat' dir='ltr'><strong>quae</strong></span> <span class='ocrx_word' id='word_1_271' title='bbox 2083 3470 2123 3515; x_wconf 91' lang='lat' dir='ltr'><strong>a</strong></span> <span class='ocrx_word' id='word_1_272' title='bbox 2153 3449 2433 3534; x_wconf 85' lang='lat' dir='ltr'><strong>singulis</strong></span> <span class='ocrx_word' id='word_1_273' title='bbox 2464 3451 2559 3517; x_wconf 91' lang='lat' dir='ltr'><strong>ci-</strong></span> 
     </span>
    </p>
   </div>
   <div class='ocr_carea' id='block_1_3' title="bbox 613 3537 2607 3626">
    <p class='ocr_par' dir='ltr' id='par_1_3' title="bbox 613 3537 2607 3626">
     <span class='ocr_line' id='line_1_38' title="bbox 613 3537 2607 3626; baseline -0.005 -15"><span class='ocrx_word' id='word_1_274' title='bbox 613 3554 723 3611; x_wconf 84' lang='lat' dir='ltr'><strong>tra</strong></span> <span class='ocrx_word' id='word_1_275' title='bbox 778 3543 1231 3626; x_wconf 85' lang='lat' dir='ltr'><strong>exceptionem</strong></span> <span class='ocrx_word' id='word_1_276' title='bbox 1295 3539 1688 3622; x_wconf 87' lang='lat' dir='ltr'><strong>postuletur:</strong></span> <span class='ocrx_word' id='word_1_277' title='bbox 1745 3559 1912 3622; x_wconf 86' lang='lat' dir='ltr'><strong>quae</strong></span> <span class='ocrx_word' id='word_1_278' title='bbox 1965 3537 2142 3602; x_wconf 81' lang='lat' dir='ltr'><strong>intra</strong></span> <span class='ocrx_word' id='word_1_279' title='bbox 2194 3557 2358 3620; x_wconf 88' lang='lat' dir='ltr'><strong>quos</strong></span> <span class='ocrx_word' id='word_1_280' title='bbox 2406 3557 2560 3603; x_wconf 86' lang='lat' dir='ltr'><strong>con-</strong></span> <span class='ocrx_word' id='word_1_281' title='bbox 2601 3550 2607 3573; x_wconf 71' lang='lat'><strong>¹</strong></span> 
     </span>
    </p>
   </div>
   <div class='ocr_carea' id='block_1_4' title="bbox 607 3622 2567 5257">
    <p class='ocr_par' dir='ltr' id='par_1_4' title="bbox 607 3622 2567 5154">
     <span class='ocr_line' id='line_1_39' title="bbox 608 3622 2560 3706; baseline -0.006 -7"><span class='ocrx_word' id='word_1_282' title='bbox 608 3633 840 3699; x_wconf 86' lang='lat' dir='ltr'><strong>sistere</strong></span> <span class='ocrx_word' id='word_1_283' title='bbox 881 3630 1050 3695; x_wconf 89' lang='lat' dir='ltr'><strong>fines</strong></span> <span class='ocrx_word' id='word_1_284' title='bbox 1071 3624 1323 3704; x_wconf 89' lang='lat' dir='ltr'><strong>debeat,</strong></span> <span class='ocrx_word' id='word_1_285' title='bbox 1369 3625 1556 3691; x_wconf 90' lang='lat' dir='ltr'><strong>nullo</strong></span> <span class='ocrx_word' id='word_1_286' title='bbox 1582 3624 1774 3691; x_wconf 91' lang='lat' dir='ltr'><strong>modo</strong></span> <span class='ocrx_word' id='word_1_287' title='bbox 1801 3622 2073 3691; x_wconf 87' lang='lat' dir='ltr'><strong>definire</strong></span> <span class='ocrx_word' id='word_1_288' title='bbox 2107 3623 2279 3689; x_wconf 88' lang='lat' dir='ltr'><strong>licet.</strong></span> <span class='ocrx_word' id='word_1_289' title='bbox 2347 3623 2560 3706; x_wconf 90' lang='lat' dir='ltr'><strong>Prop-</strong></span> 
     </span>
     <span class='ocr_line' id='line_1_40' title="bbox 607 3706 2559 3800; baseline -0.005 -16"><span class='ocrx_word' id='word_1_290' title='bbox 607 3729 788 3783; x_wconf 83' lang='lat' dir='ltr'><strong>terea</strong></span> <span class='ocrx_word' id='word_1_291' title='bbox 805 3714 977 3800; x_wconf 91' lang='lat' dir='ltr'><strong>quod</strong></span> <span class='ocrx_word' id='word_1_292' title='bbox 1013 3732 1133 3779; x_wconf 88' lang='lat' dir='ltr'><strong>nec</strong></span> <span class='ocrx_word' id='word_1_293' title='bbox 1165 3711 1395 3778; x_wconf 87' lang='lat' dir='ltr'><strong>eadem</strong></span> <span class='ocrx_word' id='word_1_294' title='bbox 1427 3732 1654 3777; x_wconf 91' lang='lat' dir='ltr'><strong>omnes</strong></span> <span class='ocrx_word' id='word_1_295' title='bbox 1688 3709 1774 3777; x_wconf 88' lang='lat' dir='ltr'><strong>ad</strong></span> <span class='ocrx_word' id='word_1_296' title='bbox 1806 3712 2019 3795; x_wconf 88' lang='lat' dir='ltr'><strong>ipsam</strong></span> <span class='ocrx_word' id='word_1_297' title='bbox 2052 3706 2374 3775; x_wconf 84' lang='lat' dir='ltr'><strong>edendam</strong></span> <span class='ocrx_word' id='word_1_298' title='bbox 2408 3730 2559 3793; x_wconf 84' lang='lat' dir='ltr'><strong>gra-</strong></span> 
     </span>
     <span class='ocr_line' id='line_1_41' title="bbox 608 3794 2560 3885; baseline -0.004 -16"><span class='ocrx_word' id='word_1_299' title='bbox 608 3805 705 3869; x_wconf 88' lang='lat' dir='ltr'><strong>tia</strong></span> <span class='ocrx_word' id='word_1_300' title='bbox 748 3799 1028 3885; x_wconf 88' lang='lat' dir='ltr'><strong>praediti</strong></span> <span class='ocrx_word' id='word_1_301' title='bbox 1065 3809 1239 3877; x_wconf 90' lang='lat' dir='ltr'><strong>sunt,</strong></span> <span class='ocrx_word' id='word_1_302' title='bbox 1283 3804 1354 3863; x_wconf 89' lang='lat' dir='ltr'><strong>et</strong></span> <span class='ocrx_word' id='word_1_303' title='bbox 1393 3799 1536 3865; x_wconf 89' lang='lat' dir='ltr'><strong>eius</strong></span> <span class='ocrx_word' id='word_1_304' title='bbox 1577 3797 1748 3863; x_wconf 89' lang='lat' dir='ltr'><strong>ratio</strong></span> <span class='ocrx_word' id='word_1_305' title='bbox 1789 3796 1961 3863; x_wconf 91' lang='lat' dir='ltr'><strong>bona</strong></span> <span class='ocrx_word' id='word_1_306' title='bbox 2002 3817 2087 3860; x_wconf 80' lang='lat' dir='ltr'><strong>ex</strong></span> <span class='ocrx_word' id='word_1_307' title='bbox 2119 3802 2305 3878; x_wconf 86' lang='lat' dir='ltr'><strong>parte</strong></span> <span class='ocrx_word' id='word_1_308' title='bbox 2338 3794 2420 3861; x_wconf 90' lang='lat' dir='ltr'><strong>ab</strong></span> <span class='ocrx_word' id='word_1_309' title='bbox 2453 3816 2560 3862; x_wconf 90' lang='lat' dir='ltr'><strong>oc-</strong></span> 
     </span>
     <span class='ocr_line' id='line_1_42' title="bbox 612 3880 2560 3969; baseline -0.002 -16"><span class='ocrx_word' id='word_1_310' title='bbox 612 3888 984 3954; x_wconf 84' lang='lat' dir='ltr'><strong>casionibus</strong></span> <span class='ocrx_word' id='word_1_311' title='bbox 1024 3882 1289 3969; x_wconf 84' lang='lat' dir='ltr'><strong>pendet,</strong></span> <span class='ocrx_word' id='word_1_312' title='bbox 1334 3904 1503 3966; x_wconf 86' lang='lat' dir='ltr'><strong>quae</strong></span> <span class='ocrx_word' id='word_1_313' title='bbox 1545 3904 1680 3949; x_wconf 96' lang='lat' dir='ltr'><strong>non</strong></span> <span class='ocrx_word' id='word_1_314' title='bbox 1722 3883 2027 3949; x_wconf 87' lang='lat' dir='ltr'><strong>omnibus</strong></span> <span class='ocrx_word' id='word_1_315' title='bbox 2070 3880 2318 3948; x_wconf 87' lang='lat' dir='ltr'><strong>similes</strong></span> <span class='ocrx_word' id='word_1_316' title='bbox 2360 3880 2560 3949; x_wconf 78' lang='lat' dir='ltr'><strong>obve-</strong></span> 
     </span>
     <span class='ocr_line' id='line_1_43' title="bbox 612 3967 2563 4054; baseline -0.002 -17"><span class='ocrx_word' id='word_1_317' title='bbox 612 3974 835 4039; x_wconf 84' lang='lat' dir='ltr'><strong>niunt:</strong></span> <span class='ocrx_word' id='word_1_318' title='bbox 888 3979 1160 4036; x_wconf 91' lang='lat' dir='ltr'><strong>eatenus</strong></span> <span class='ocrx_word' id='word_1_319' title='bbox 1216 3977 1394 4036; x_wconf 83' lang='lat' dir='ltr'><strong>certe</strong></span> <span class='ocrx_word' id='word_1_320' title='bbox 1445 3968 1752 4054; x_wconf 80' lang='lat' dir='ltr'><strong>progredi</strong></span> <span class='ocrx_word' id='word_1_321' title='bbox 1795 3968 2016 4047; x_wconf 90' lang='lat' dir='ltr'><strong>debet,</strong></span> <span class='ocrx_word' id='word_1_322' title='bbox 2078 3989 2162 4033; x_wconf 92' lang='lat' dir='ltr'><strong>ne</strong></span> <span class='ocrx_word' id='word_1_323' title='bbox 2204 3967 2365 4050; x_wconf 91' lang='lat' dir='ltr'><strong>quid</strong></span> <span class='ocrx_word' id='word_1_324' title='bbox 2406 3968 2563 4034; x_wconf 85' lang='lat' dir='ltr'><strong>fidei</strong></span> 
     </span>
     <span class='ocr_line' id='line_1_44' title="bbox 612 4053 2561 4140; baseline -0.002 -16"><span class='ocrx_word' id='word_1_325' title='bbox 612 4058 892 4124; x_wconf 85' lang='lat' dir='ltr'><strong>veritate</strong></span> <span class='ocrx_word' id='word_1_326' title='bbox 934 4054 1307 4139; x_wconf 90' lang='lat' dir='ltr'><strong>indignum,</strong></span> <span class='ocrx_word' id='word_1_327' title='bbox 1364 4077 1448 4120; x_wconf 90' lang='lat' dir='ltr'><strong>ne</strong></span> <span class='ocrx_word' id='word_1_328' title='bbox 1491 4053 1649 4138; x_wconf 92' lang='lat' dir='ltr'><strong>quid</strong></span> <span class='ocrx_word' id='word_1_329' title='bbox 1704 4054 2040 4140; x_wconf 86' lang='lat' dir='ltr'><strong>religionis</strong></span> <span class='ocrx_word' id='word_1_330' title='bbox 2081 4062 2348 4119; x_wconf 86' lang='lat' dir='ltr'><strong>nostrae</strong></span> <span class='ocrx_word' id='word_1_331' title='bbox 2390 4055 2561 4121; x_wconf 89' lang='lat' dir='ltr'><strong>inte-</strong></span> 
     </span>
     <span class='ocr_line' id='line_1_45' title="bbox 613 4139 2563 4229; baseline -0.001 -21"><span class='ocrx_word' id='word_1_332' title='bbox 613 4145 854 4229; x_wconf 85' lang='lat' dir='ltr'><strong>gritate</strong></span> <span class='ocrx_word' id='word_1_333' title='bbox 893 4141 1200 4219; x_wconf 89' lang='lat' dir='ltr'><strong>alienum,</strong></span> <span class='ocrx_word' id='word_1_334' title='bbox 1247 4162 1287 4206; x_wconf 90' lang='lat' dir='ltr'><strong>a</strong></span> <span class='ocrx_word' id='word_1_335' title='bbox 1328 4140 1518 4215; x_wconf 88' lang='lat' dir='ltr'><strong>nobis</strong></span> <span class='ocrx_word' id='word_1_336' title='bbox 1549 4141 1657 4209; x_wconf 88' lang='lat' dir='ltr'><strong>vel</strong></span> <span class='ocrx_word' id='word_1_337' title='bbox 1701 4140 1978 4220; x_wconf 90' lang='lat' dir='ltr'><strong>dicatur,</strong></span> <span class='ocrx_word' id='word_1_338' title='bbox 2025 4139 2132 4208; x_wconf 88' lang='lat' dir='ltr'><strong>vel</strong></span> <span class='ocrx_word' id='word_1_339' title='bbox 2174 4141 2306 4205; x_wconf 88' lang='lat' dir='ltr'><strong>fiat.</strong></span> <span class='ocrx_word' id='word_1_340' title='bbox 2393 4140 2563 4207; x_wconf 81' lang='lat' dir='ltr'><strong>Eius</strong></span> 
     </span>
     <span class='ocr_line' id='line_1_46' title="bbox 612 4227 2563 4312; baseline -0.002 -16"><span class='ocrx_word' id='word_1_341' title='bbox 612 4228 1035 4297; x_wconf 83' lang='lat' dir='ltr'><strong>confessionis</strong></span> <span class='ocrx_word' id='word_1_342' title='bbox 1075 4228 1408 4312; x_wconf 82' lang='lat' dir='ltr'><strong>exempla,</strong></span> <span class='ocrx_word' id='word_1_343' title='bbox 1464 4235 1788 4311; x_wconf 88' lang='lat' dir='ltr'><strong>quantum</strong></span> <span class='ocrx_word' id='word_1_344' title='bbox 1830 4227 2150 4293; x_wconf 87' lang='lat' dir='ltr'><strong>coniicere</strong></span> <span class='ocrx_word' id='word_1_345' title='bbox 2192 4227 2434 4310; x_wconf 81' lang='lat' dir='ltr'><strong>partim</strong></span> <span class='ocrx_word' id='word_1_346' title='bbox 2477 4249 2563 4292; x_wconf 78' lang='lat' dir='ltr'><strong>ex</strong></span> 
     </span>
     <span class='ocr_line' id='line_1_47' title="bbox 613 4312 2564 4399; baseline -0.001 -19"><span class='ocrx_word' id='word_1_347' title='bbox 613 4313 1056 4399; x_wconf 79' lang='lat' dir='ltr'><strong>apostolorum</strong></span> <span class='ocrx_word' id='word_1_348' title='bbox 1086 4312 1365 4396; x_wconf 90' lang='lat' dir='ltr'><strong>scriptis,</strong></span> <span class='ocrx_word' id='word_1_349' title='bbox 1399 4314 1641 4396; x_wconf 90' lang='lat' dir='ltr'><strong>partim</strong></span> <span class='ocrx_word' id='word_1_350' title='bbox 1672 4334 1757 4379; x_wconf 84' lang='lat' dir='ltr'><strong>ex</strong></span> <span class='ocrx_word' id='word_1_351' title='bbox 1777 4314 2055 4380; x_wconf 88' lang='lat' dir='ltr'><strong>vetustis</strong></span> <span class='ocrx_word' id='word_1_352' title='bbox 2087 4312 2380 4378; x_wconf 87' lang='lat' dir='ltr'><strong>historiis</strong></span> <span class='ocrx_word' id='word_1_353' title='bbox 2410 4334 2564 4397; x_wconf 82' lang='lat' dir='ltr'><strong>pos-</strong></span> 
     </span>
     <span class='ocr_line' id='line_1_48' title="bbox 615 4398 2563 4481; baseline 0.001 -15"><span class='ocrx_word' id='word_1_354' title='bbox 615 4421 861 4479; x_wconf 79' lang='lat' dir='ltr'><strong>sumus,</strong></span> <span class='ocrx_word' id='word_1_355' title='bbox 906 4398 977 4463; x_wconf 93' lang='lat' dir='ltr'><strong>in</strong></span> <span class='ocrx_word' id='word_1_356' title='bbox 1016 4398 1245 4481; x_wconf 89' lang='lat' dir='ltr'><strong>primis</strong></span> <span class='ocrx_word' id='word_1_357' title='bbox 1285 4398 1417 4464; x_wconf 88' lang='lat' dir='ltr'><strong>illis</strong></span> <span class='ocrx_word' id='word_1_358' title='bbox 1453 4398 1621 4466; x_wconf 89' lang='lat' dir='ltr'><strong>bene</strong></span> <span class='ocrx_word' id='word_1_359' title='bbox 1662 4399 1985 4466; x_wconf 88' lang='lat' dir='ltr'><strong>institutis</strong></span> <span class='ocrx_word' id='word_1_360' title='bbox 2026 4419 2102 4465; x_wconf 90' lang='lat' dir='ltr'><strong>ac</strong></span> <span class='ocrx_word' id='word_1_361' title='bbox 2142 4398 2415 4465; x_wconf 88' lang='lat' dir='ltr'><strong>moratis</strong></span> <span class='ocrx_word' id='word_1_362' title='bbox 2458 4420 2563 4467; x_wconf 89' lang='lat' dir='ltr'><strong>ec-</strong></span> 
     </span>
     <span class='ocr_line' id='line_1_49' title="bbox 614 4482 2565 4567; baseline -0.001 -14"><span class='ocrx_word' id='word_1_363' title='bbox 614 4485 830 4553; x_wconf 88' lang='lat' dir='ltr'><strong>clesiis</strong></span> <span class='ocrx_word' id='word_1_364' title='bbox 872 4482 1204 4567; x_wconf 79' lang='lat' dir='ltr'><strong>praeclare</strong></span> <span class='ocrx_word' id='word_1_365' title='bbox 1245 4483 1607 4551; x_wconf 79' lang='lat' dir='ltr'><strong>elucebant.</strong></span> <span class='ocrx_word' id='word_1_366' title='bbox 1696 4485 1870 4551; x_wconf 89' lang='lat' dir='ltr'><strong>Nam</strong></span> <span class='ocrx_word' id='word_1_367' title='bbox 1925 4493 2002 4550; x_wconf 92' lang='lat' dir='ltr'><strong>ut</strong></span> <span class='ocrx_word' id='word_1_368' title='bbox 2060 4506 2197 4549; x_wconf 93' lang='lat' dir='ltr'><strong>non</strong></span> <span class='ocrx_word' id='word_1_369' title='bbox 2252 4485 2314 4551; x_wconf 93' lang='lat' dir='ltr'><strong>le</strong></span> <span class='ocrx_word' id='word_1_370' title='bbox 2453 4494 2565 4551; x_wconf 86' lang='lat' dir='ltr'><strong>tur</strong></span> 
     </span>
     <span class='ocr_line' id='line_1_50' title="bbox 614 4568 2567 4654; baseline -0.001 -14"><span class='ocrx_word' id='word_1_371' title='bbox 614 4573 758 4640; x_wconf 76' lang='lat' dir='ltr'><strong>eius</strong></span> <span class='ocrx_word' id='word_1_372' title='bbox 810 4569 1053 4636; x_wconf 87' lang='lat' dir='ltr'><strong>saeculi</strong></span> <span class='ocrx_word' id='word_1_373' title='bbox 1102 4568 1333 4635; x_wconf 87' lang='lat' dir='ltr'><strong>fideles</strong></span> <span class='ocrx_word' id='word_1_374' title='bbox 1385 4571 1453 4635; x_wconf 92' lang='lat' dir='ltr'><strong>in</strong></span> <span class='ocrx_word' id='word_1_375' title='bbox 1496 4572 1622 4638; x_wconf 90' lang='lat' dir='ltr'><strong>viis</strong></span> <span class='ocrx_word' id='word_1_376' title='bbox 1677 4592 1755 4639; x_wconf 87' lang='lat' dir='ltr'><strong>ac</strong></span> <span class='ocrx_word' id='word_1_377' title='bbox 1796 4570 1955 4637; x_wconf 89' lang='lat' dir='ltr'><strong>locis</strong></span> <span class='ocrx_word' id='word_1_378' title='bbox 1996 4571 2277 4654; x_wconf 90' lang='lat' dir='ltr'><strong>publicis</strong></span> <span class='ocrx_word' id='word_1_379' title='bbox 2362 4594 2398 4638; x_wconf 90' lang='lat' dir='ltr'><strong>e</strong></span> <span class='ocrx_word' id='word_1_380' title='bbox 2441 4594 2567 4639; x_wconf 88' lang='lat' dir='ltr'><strong>sua</strong></span> 
     </span>
     <span class='ocr_line' id='line_1_51' title="bbox 614 4654 2565 4757; baseline 0.001 -34"><span class='ocrx_word' id='word_1_381' title='bbox 614 4657 932 4757; x_wconf 77' lang='lat' dir='ltr'><strong>religione</strong></span> <span class='ocrx_word' id='word_1_382' title='bbox 974 4654 1455 4722; x_wconf 82' lang='lat' dir='ltr'><strong>declamitasse:</strong></span> <span class='ocrx_word' id='word_1_383' title='bbox 1502 4665 1578 4723; x_wconf 91' lang='lat' dir='ltr'><strong>ut</strong></span> <span class='ocrx_word' id='word_1_384' title='bbox 1619 4661 1817 4725; x_wconf 86' lang='lat' dir='ltr'><strong>etiam</strong></span> <span class='ocrx_word' id='word_1_385' title='bbox 1849 4656 2264 4725; x_wconf 79' lang='lat' dir='ltr'><strong>Christianos</strong></span> <span class='ocrx_word' id='word_1_386' title='bbox 2305 4680 2377 4724; x_wconf 91' lang='lat' dir='ltr'><strong>se</strong></span> <span class='ocrx_word' id='word_1_387' title='bbox 2419 4681 2565 4725; x_wconf 91' lang='lat' dir='ltr'><strong>esse</strong></span> 
     </span>
     <span class='ocr_line' id='line_1_52' title="bbox 614 4741 2565 4830; baseline 0.002 -21"><span class='ocrx_word' id='word_1_388' title='bbox 614 4742 1060 4810; x_wconf 75' lang='lat' dir='ltr'><strong>dissimulasse</strong></span> <span class='ocrx_word' id='word_1_389' title='bbox 1101 4762 1322 4807; x_wconf 84' lang='lat' dir='ltr'><strong>coram</strong></span> <span class='ocrx_word' id='word_1_390' title='bbox 1360 4741 1461 4821; x_wconf 91' lang='lat' dir='ltr'><strong>iis,</strong></span> <span class='ocrx_word' id='word_1_391' title='bbox 1505 4744 1740 4826; x_wconf 91' lang='lat' dir='ltr'><strong>quibus</strong></span> <span class='ocrx_word' id='word_1_392' title='bbox 1782 4743 2082 4830; x_wconf 84' lang='lat' dir='ltr'><strong>evulgari</strong></span> <span class='ocrx_word' id='word_1_393' title='bbox 2122 4744 2565 4827; x_wconf 84' lang='lat' dir='ltr'><strong>periculosum</strong></span> 
     </span>
     <span class='ocr_line' id='line_1_53' title="bbox 614 4827 2565 4912; baseline 0.001 -17"><span class='ocrx_word' id='word_1_394' title='bbox 614 4836 805 4909; x_wconf 88' lang='lat' dir='ltr'><strong>esset,</strong></span> <span class='ocrx_word' id='word_1_395' title='bbox 849 4828 1187 4912; x_wconf 87' lang='lat' dir='ltr'><strong>leguntur:</strong></span> <span class='ocrx_word' id='word_1_396' title='bbox 1248 4827 1343 4893; x_wconf 89' lang='lat' dir='ltr'><strong>ita</strong></span> <span class='ocrx_word' id='word_1_397' title='bbox 1395 4848 1531 4893; x_wconf 92' lang='lat' dir='ltr'><strong>non</strong></span> <span class='ocrx_word' id='word_1_398' title='bbox 1576 4831 1829 4896; x_wconf 88' lang='lat' dir='ltr'><strong>minore</strong></span> <span class='ocrx_word' id='word_1_399' title='bbox 1873 4829 2092 4897; x_wconf 88' lang='lat' dir='ltr'><strong>studio</strong></span> <span class='ocrx_word' id='word_1_400' title='bbox 2138 4850 2407 4911; x_wconf 87' lang='lat' dir='ltr'><strong>rursum</strong></span> <span class='ocrx_word' id='word_1_401' title='bbox 2448 4831 2565 4897; x_wconf 88' lang='lat' dir='ltr'><strong>ob-</strong></span> 
     </span>
     <span class='ocr_line' id='line_1_54' title="bbox 613 4911 2563 5002; baseline 0.001 -21"><span class='ocrx_word' id='word_1_402' title='bbox 613 4914 995 4993; x_wconf 74' lang='lat' dir='ltr'><strong>servabant,</strong></span> <span class='ocrx_word' id='word_1_403' title='bbox 1053 4933 1138 4978; x_wconf 91' lang='lat' dir='ltr'><strong>ne</strong></span> <span class='ocrx_word' id='word_1_404' title='bbox 1179 4911 1288 4978; x_wconf 91' lang='lat' dir='ltr'><strong>vel</strong></span> <span class='ocrx_word' id='word_1_405' title='bbox 1339 4911 1656 4980; x_wconf 87' lang='lat' dir='ltr'><strong>adversus</strong></span> <span class='ocrx_word' id='word_1_406' title='bbox 1710 4938 1901 4982; x_wconf 88' lang='lat' dir='ltr'><strong>suam</strong></span> <span class='ocrx_word' id='word_1_407' title='bbox 1939 4916 2332 5002; x_wconf 76' lang='lat' dir='ltr'><strong>religionem</strong></span> <span class='ocrx_word' id='word_1_408' title='bbox 2373 4917 2563 5001; x_wconf 91' lang='lat' dir='ltr'><strong>quid-</strong></span> 
     </span>
     <span class='ocr_line' id='line_1_55' title="bbox 611 4998 2565 5154; baseline 0.002 -89"><span class='ocrx_word' id='word_1_409' title='bbox 611 5021 812 5154; x_wconf 52' lang='lat' dir='ltr'><strong>guam</strong></span> <span class='ocrx_word' id='word_1_410' title='bbox 845 5000 1286 5084; x_wconf 85' lang='lat' dir='ltr'><strong>designarent,</strong></span> <span class='ocrx_word' id='word_1_411' title='bbox 1318 4998 1425 5065; x_wconf 90' lang='lat' dir='ltr'><strong>vel</strong></span> <span class='ocrx_word' id='word_1_412' title='bbox 1462 4999 1623 5066; x_wconf 92' lang='lat' dir='ltr'><strong>alios</strong></span> <span class='ocrx_word' id='word_1_413' title='bbox 1665 5002 2053 5069; x_wconf 87' lang='lat' dir='ltr'><strong>simularent</strong></span> <span class='ocrx_word' id='word_1_414' title='bbox 2078 5024 2149 5069; x_wconf 92' lang='lat' dir='ltr'><strong>se</strong></span> <span class='ocrx_word' id='word_1_415' title='bbox 2186 5024 2328 5069; x_wconf 91' lang='lat' dir='ltr'><strong>esse</strong></span> <span class='ocrx_word' id='word_1_416' title='bbox 2363 5024 2565 5087; x_wconf 86' lang='lat' dir='ltr'><strong>quam</strong></span> 
     </span>
    </p>

    <p class='ocr_par' dir='ltr' id='par_1_5' title="bbox 613 5084 2565 5257">
     <span class='ocr_line' id='line_1_56' title="bbox 675 5084 2564 5168; baseline 0.001 -16"><span class='ocrx_word' id='word_1_417' title='bbox 675 5086 1045 5153; x_wconf 84' lang='lat' dir='ltr'><strong>hristianos.</strong></span> <span class='ocrx_word' id='word_1_418' title='bbox 1133 5084 1227 5150; x_wconf 86' lang='lat' dir='ltr'><strong>Et</strong></span> <span class='ocrx_word' id='word_1_419' title='bbox 1267 5103 1426 5151; x_wconf 86' lang='lat' dir='ltr'><strong>sane</strong></span> <span class='ocrx_word' id='word_1_420' title='bbox 1469 5105 1597 5168; x_wconf 93' lang='lat' dir='ltr'><strong>quo</strong></span> <span class='ocrx_word' id='word_1_421' title='bbox 1639 5108 1913 5154; x_wconf 89' lang='lat' dir='ltr'><strong>numero</strong></span> <span class='ocrx_word' id='word_1_422' title='bbox 1955 5089 2198 5156; x_wconf 90' lang='lat' dir='ltr'><strong>habeat</strong></span> <span class='ocrx_word' id='word_1_423' title='bbox 2234 5088 2564 5154; x_wconf 91' lang='lat' dir='ltr'><strong>Dominus</strong></span> 
     </span>
     <span class='ocr_line' id='line_1_57' title="bbox 613 5171 2565 5257; baseline 0 -17"><span class='ocrx_word' id='word_1_424' title='bbox 613 5193 751 5252; x_wconf 88' lang='lat' dir='ltr'><strong>eos,</strong></span> <span class='ocrx_word' id='word_1_425' title='bbox 806 5172 920 5257; x_wconf 90' lang='lat' dir='ltr'><strong>qui</strong></span> <span class='ocrx_word' id='word_1_426' title='bbox 961 5171 1159 5237; x_wconf 89' lang='lat' dir='ltr'><strong>fidem</strong></span> <span class='ocrx_word' id='word_1_427' title='bbox 1201 5171 1383 5236; x_wconf 89' lang='lat' dir='ltr'><strong>omni</strong></span> <span class='ocrx_word' id='word_1_428' title='bbox 1423 5171 1827 5242; x_wconf 77' lang='lat' dir='ltr'><strong>confessione</strong></span> <span class='ocrx_word' id='word_1_429' title='bbox 1867 5195 2146 5241; x_wconf 85' lang='lat' dir='ltr'><strong>vacuam</strong></span> <span class='ocrx_word' id='word_1_430' title='bbox 2185 5175 2370 5242; x_wconf 85' lang='lat' dir='ltr'><strong>intus</strong></span> <span class='ocrx_word' id='word_1_431' title='bbox 2409 5195 2565 5242; x_wconf 92' lang='lat' dir='ltr'><strong>con-</strong></span> 
     </span>
    </p>
   </div>
   <div class='ocr_carea' id='block_1_5' title="bbox 2321 234 2885 330">
    <p class='ocr_par' dir='ltr' id='par_1_6' title="bbox 2321 234 2885 330">
     <span class='ocr_line' id='line_1_58' title="bbox 2321 234 2885 330; baseline 0.005 -3"><span class='ocrx_word' id='word_1_432' title='bbox 2321 234 2790 330; x_wconf 71' lang='lat' dir='ltr'><strong>nmsro&#39;LA</strong></span> <span class='ocrx_word' id='word_1_433' title='bbox 2830 263 2885 330; x_wconf 74' lang='lat'><strong>1.</strong></span> 
     </span>
    </p>
   </div>
   <div class='ocr_carea' id='block_1_6' title="bbox 2604 458 2621 5231">
    <p class='ocr_par' dir='ltr' id='par_1_7' title="bbox 2604 458 2621 5231">
     <span class='ocr_line' id='line_1_59' title="bbox 2604 458 2621 5231; baseline 0 0"><span class='ocrx_word' id='word_1_434' title='bbox 2604 458 2621 5231; x_wconf 95' lang='lat' dir='ltr'><strong> </strong></span> 
     </span>
    </p>
   </div>
   <div class='ocr_carea' id='block_1_7' title="bbox 4487 262 4613 327">
    <p class='ocr_par' dir='ltr' id='par_1_8' title="bbox 4487 262 4613 327">
     <span class='ocr_line' id='line_1_60' title="bbox 4487 262 4613 327; baseline 0.016 -2"><span class='ocrx_word' id='word_1_435' title='bbox 4487 262 4613 327; x_wconf 72' lang='lat'><strong>262</strong></span> 
     </span>
    </p>
   </div>
   <div class='ocr_carea' id='block_1_8' title="bbox 2656 448 4626 5258">
    <p class='ocr_par' dir='ltr' id='par_1_9' title="bbox 2656 448 4626 5258">
     <span class='ocr_line' id='line_1_61' title="bbox 2658 448 4613 535; baseline -0.001 -17"><span class='ocrx_word' id='word_1_436' title='bbox 2658 453 2891 532; x_wconf 88' lang='lat' dir='ltr'><strong>tinent,</strong></span> <span class='ocrx_word' id='word_1_437' title='bbox 2938 451 3464 518; x_wconf 88' lang='lat' dir='ltr'><strong>animadvertere</strong></span> <span class='ocrx_word' id='word_1_438' title='bbox 3507 471 3592 518; x_wconf 81' lang='lat' dir='ltr'><strong>ex</strong></span> <span class='ocrx_word' id='word_1_439' title='bbox 3635 451 3846 535; x_wconf 84' lang='lat' dir='ltr'><strong>elogio</strong></span> <span class='ocrx_word' id='word_1_440' title='bbox 3888 448 4062 529; x_wconf 87' lang='lat' dir='ltr'><strong>licet,</strong></span> <span class='ocrx_word' id='word_1_441' title='bbox 4105 470 4235 533; x_wconf 89' lang='lat' dir='ltr'><strong>quo</strong></span> <span class='ocrx_word' id='word_1_442' title='bbox 4278 450 4361 516; x_wconf 89' lang='lat' dir='ltr'><strong>ab</strong></span> <span class='ocrx_word' id='word_1_443' title='bbox 4408 469 4613 518; x_wconf 78' lang='lat' dir='ltr'><strong>evan-</strong></span> 
     </span>
     <span class='ocr_line' id='line_1_62' title="bbox 2658 535 4613 621; baseline -0.001 -17"><span class='ocrx_word' id='word_1_444' title='bbox 2658 538 2892 621; x_wconf 82' lang='lat' dir='ltr'><strong>gelista</strong></span> <span class='ocrx_word' id='word_1_445' title='bbox 2922 537 3411 603; x_wconf 85' lang='lat' dir='ltr'><strong>describuntur:</strong></span> <span class='ocrx_word' id='word_1_446' title='bbox 3457 535 3673 616; x_wconf 84' lang='lat' dir='ltr'><strong>Multi,</strong></span> <span class='ocrx_word' id='word_1_447' title='bbox 3707 536 3925 619; x_wconf 88' lang='lat' dir='ltr'><strong>inquit</strong></span> <span class='ocrx_word' id='word_1_448' title='bbox 3959 536 4213 618; x_wconf 84' lang='lat' dir='ltr'><strong>(Ioann.</strong></span> <span class='ocrx_word' id='word_1_449' title='bbox 4247 540 4345 614; x_wconf 88' lang='lat'><strong>12,</strong></span> <span class='ocrx_word' id='word_1_450' title='bbox 4368 535 4506 617; x_wconf 83' lang='lat'><strong>42),</strong></span> <span class='ocrx_word' id='word_1_451' title='bbox 4528 557 4613 602; x_wconf 79' lang='lat' dir='ltr'><strong>ex</strong></span> 
     </span>
     <span class='ocr_line' id='line_1_63' title="bbox 2657 620 4611 708; baseline -0.002 -18"><span class='ocrx_word' id='word_1_452' title='bbox 2657 625 3059 708; x_wconf 92' lang='lat' dir='ltr'><strong>principibus</strong></span> <span class='ocrx_word' id='word_1_453' title='bbox 3103 621 3522 689; x_wconf 85' lang='lat' dir='ltr'><strong>crediderunt</strong></span> <span class='ocrx_word' id='word_1_454' title='bbox 3562 623 3635 687; x_wconf 89' lang='lat' dir='ltr'><strong>in</strong></span> <span class='ocrx_word' id='word_1_455' title='bbox 3681 641 3869 700; x_wconf 61' lang='lat' dir='ltr'><strong>eum,⁴</strong></span> <span class='ocrx_word' id='word_1_456' title='bbox 3896 620 4010 688; x_wconf 88' lang='lat' dir='ltr'><strong>sed</strong></span> <span class='ocrx_word' id='word_1_457' title='bbox 4054 633 4325 706; x_wconf 85' lang='lat' dir='ltr'><strong>proptor</strong></span> <span class='ocrx_word' id='word_1_458' title='bbox 4367 621 4611 688; x_wconf 87' lang='lat' dir='ltr'><strong>Phari-</strong></span> 
     </span>
     <span class='ocr_line' id='line_1_64' title="bbox 2658 703 4503 792; baseline -0.001 -17"><span class='ocrx_word' id='word_1_459' title='bbox 2658 731 2842 776; x_wconf 89' lang='lat' dir='ltr'><strong>saeos</strong></span> <span class='ocrx_word' id='word_1_460' title='bbox 2885 732 3019 776; x_wconf 91' lang='lat' dir='ltr'><strong>non</strong></span> <span class='ocrx_word' id='word_1_461' title='bbox 3064 709 3558 785; x_wconf 86' lang='lat' dir='ltr'><strong>confitebantur,</strong></span> <span class='ocrx_word' id='word_1_462' title='bbox 3603 729 3689 772; x_wconf 91' lang='lat' dir='ltr'><strong>ne</strong></span> <span class='ocrx_word' id='word_1_463' title='bbox 3733 708 4126 774; x_wconf 86' lang='lat' dir='ltr'><strong>eiicerentur</strong></span> <span class='ocrx_word' id='word_1_464' title='bbox 4167 728 4205 772; x_wconf 85' lang='lat' dir='ltr'><strong>e</strong></span> <span class='ocrx_word' id='word_1_465' title='bbox 4248 703 4503 792; x_wconf 71' lang='lat' dir='ltr'><strong>synago</strong></span> 
     </span>
     <span class='ocr_line' id='line_1_65' title="bbox 2656 793 4609 877; baseline -0.001 -16"><span class='ocrx_word' id='word_1_466' title='bbox 2656 796 3056 862; x_wconf 83' lang='lat' dir='ltr'><strong>Dilexerunt</strong></span> <span class='ocrx_word' id='word_1_467' title='bbox 3085 794 3264 861; x_wconf 92' lang='lat' dir='ltr'><strong>enim</strong></span> <span class='ocrx_word' id='word_1_468' title='bbox 3293 794 3506 876; x_wconf 89' lang='lat' dir='ltr'><strong>magis</strong></span> <span class='ocrx_word' id='word_1_469' title='bbox 3537 793 3818 877; x_wconf 88' lang='lat' dir='ltr'><strong>gloriam</strong></span> <span class='ocrx_word' id='word_1_470' title='bbox 3849 793 4209 872; x_wconf 89' lang='lat' dir='ltr'><strong>hominum,</strong></span> <span class='ocrx_word' id='word_1_471' title='bbox 4245 814 4446 877; x_wconf 89' lang='lat' dir='ltr'><strong>quam</strong></span> <span class='ocrx_word' id='word_1_472' title='bbox 4469 815 4515 877; x_wconf 90' lang='lat' dir='ltr'><strong>g</strong></span> <span class='ocrx_word' id='word_1_473' title='bbox 4540 814 4609 859; x_wconf 86' lang='lat' dir='ltr'><strong>o-</strong></span> 
     </span>
     <span class='ocr_line' id='line_1_66' title="bbox 2656 877 4611 963; baseline -0.001 -16"><span class='ocrx_word' id='word_1_474' title='bbox 2656 883 2825 947; x_wconf 91' lang='lat' dir='ltr'><strong>riam</strong></span> <span class='ocrx_word' id='word_1_475' title='bbox 2863 882 3008 948; x_wconf 88' lang='lat' dir='ltr'><strong>Dei.</strong></span> <span class='ocrx_word' id='word_1_476' title='bbox 3099 877 3160 946; x_wconf 92' lang='grc' dir='ltr'><strong>Ο</strong></span> <span class='ocrx_word' id='word_1_477' title='bbox 3208 879 3547 945; x_wconf 81' lang='lat' dir='ltr'><strong>exitialem</strong></span> <span class='ocrx_word' id='word_1_478' title='bbox 3588 878 3832 963; x_wconf 88' lang='lat' dir='ltr'><strong>gloriae</strong></span> <span class='ocrx_word' id='word_1_479' title='bbox 3875 880 4353 962; x_wconf 74' lang='lat' dir='ltr'><strong>appetentiam!</strong></span> <span class='ocrx_word' id='word_1_480' title='bbox 4434 880 4611 946; x_wconf 89' lang='lat' dir='ltr'><strong>Nam</strong></span> 
     </span>
     <span class='ocr_line' id='line_1_67' title="bbox 2658 964 4609 1049; baseline -0.001 -15"><span class='ocrx_word' id='word_1_481' title='bbox 2658 968 2717 1034; x_wconf 92' lang='lat' dir='ltr'><strong>si</strong></span> <span class='ocrx_word' id='word_1_482' title='bbox 2762 967 2845 1033; x_wconf 85' lang='lat' dir='ltr'><strong>ab</strong></span> <span class='ocrx_word' id='word_1_483' title='bbox 2887 968 3234 1033; x_wconf 90' lang='lat' dir='ltr'><strong>hominum</strong></span> <span class='ocrx_word' id='word_1_484' title='bbox 3275 965 3532 1048; x_wconf 89' lang='lat' dir='ltr'><strong>probris</strong></span> <span class='ocrx_word' id='word_1_485' title='bbox 3575 964 3975 1047; x_wconf 91' lang='lat' dir='ltr'><strong>auspicanda</strong></span> <span class='ocrx_word' id='word_1_486' title='bbox 4006 972 4107 1030; x_wconf 90' lang='lat' dir='ltr'><strong>est</strong></span> <span class='ocrx_word' id='word_1_487' title='bbox 4138 964 4365 1049; x_wconf 90' lang='lat' dir='ltr'><strong>gloria,</strong></span> <span class='ocrx_word' id='word_1_488' title='bbox 4411 985 4609 1048; x_wconf 85' lang='lat' dir='ltr'><strong>quam</strong></span> 
     </span>
     <span class='ocr_line' id='line_1_68' title="bbox 2658 1050 4609 1138; baseline -0.002 -19"><span class='ocrx_word' id='word_1_489' title='bbox 2658 1052 2833 1137; x_wconf 90' lang='lat' dir='ltr'><strong>apud</strong></span> <span class='ocrx_word' id='word_1_490' title='bbox 2874 1055 3092 1119; x_wconf 91' lang='lat' dir='ltr'><strong>Deum</strong></span> <span class='ocrx_word' id='word_1_491' title='bbox 3136 1059 3621 1138; x_wconf 82' lang='lat' dir='ltr'><strong>exspectamus,</strong></span> <span class='ocrx_word' id='word_1_492' title='bbox 3669 1050 3827 1133; x_wconf 89' lang='lat' dir='ltr'><strong>quid</strong></span> <span class='ocrx_word' id='word_1_493' title='bbox 3869 1050 3950 1116; x_wconf 93' lang='lat' dir='ltr'><strong>iis</strong></span> <span class='ocrx_word' id='word_1_494' title='bbox 3991 1051 4291 1116; x_wconf 87' lang='lat' dir='ltr'><strong>futurum</strong></span> <span class='ocrx_word' id='word_1_495' title='bbox 4331 1061 4454 1131; x_wconf 90' lang='lat' dir='ltr'><strong>est,</strong></span> <span class='ocrx_word' id='word_1_496' title='bbox 4495 1052 4609 1134; x_wconf 90' lang='lat' dir='ltr'><strong>qui</strong></span> 
     </span>
     <span class='ocr_line' id='line_1_69' title="bbox 2659 1135 4607 1220; baseline -0.001 -17"><span class='ocrx_word' id='word_1_497' title='bbox 2659 1140 3002 1205; x_wconf 88' lang='lat' dir='ltr'><strong>hominum</strong></span> <span class='ocrx_word' id='word_1_498' title='bbox 3059 1161 3130 1204; x_wconf 90' lang='lat' dir='ltr'><strong>se</strong></span> <span class='ocrx_word' id='word_1_499' title='bbox 3183 1158 3382 1220; x_wconf 90' lang='lat' dir='ltr'><strong>quam</strong></span> <span class='ocrx_word' id='word_1_500' title='bbox 3425 1135 3556 1200; x_wconf 86' lang='lat' dir='ltr'><strong>Dei</strong></span> <span class='ocrx_word' id='word_1_501' title='bbox 3609 1135 3849 1201; x_wconf 88' lang='lat' dir='ltr'><strong>iudicio</strong></span> <span class='ocrx_word' id='word_1_502' title='bbox 3904 1137 4264 1219; x_wconf 89' lang='lat' dir='ltr'><strong>approbare</strong></span> <span class='ocrx_word' id='word_1_503' title='bbox 4305 1136 4607 1203; x_wconf 76' lang='lat' dir='ltr'><strong>malunt?</strong></span> 
     </span>
     <span class='ocr_line' id='line_1_70' title="bbox 2658 1222 4610 1304; baseline -0.001 -14"><span class='ocrx_word' id='word_1_504' title='bbox 2658 1226 2752 1290; x_wconf 84' lang='lat' dir='ltr'><strong>Et</strong></span> <span class='ocrx_word' id='word_1_505' title='bbox 2794 1228 2850 1291; x_wconf 90' lang='lat' dir='ltr'><strong>si</strong></span> <span class='ocrx_word' id='word_1_506' title='bbox 2882 1224 3153 1290; x_wconf 90' lang='lat' dir='ltr'><strong>Domini</strong></span> <span class='ocrx_word' id='word_1_507' title='bbox 3196 1223 3525 1289; x_wconf 88' lang='lat' dir='ltr'><strong>sententia</strong></span> <span class='ocrx_word' id='word_1_508' title='bbox 3555 1222 4062 1304; x_wconf 86' lang='lat' dir='ltr'><strong>pronunciatum</strong></span> <span class='ocrx_word' id='word_1_509' title='bbox 4096 1232 4214 1300; x_wconf 90' lang='lat' dir='ltr'><strong>est,</strong></span> <span class='ocrx_word' id='word_1_510' title='bbox 4260 1244 4373 1288; x_wconf 87' lang='lat' dir='ltr'><strong>eos</strong></span> <span class='ocrx_word' id='word_1_511' title='bbox 4405 1224 4478 1288; x_wconf 93' lang='lat' dir='ltr'><strong>in</strong></span> <span class='ocrx_word' id='word_1_512' title='bbox 4509 1223 4610 1288; x_wconf 88' lang='lat' dir='ltr'><strong>fu-</strong></span> 
     </span>
     <span class='ocr_line' id='line_1_71' title="bbox 2658 1306 4610 1391; baseline -0.001 -15"><span class='ocrx_word' id='word_1_513' title='bbox 2658 1320 2882 1376; x_wconf 90' lang='lat' dir='ltr'><strong>turum</strong></span> <span class='ocrx_word' id='word_1_514' title='bbox 2925 1309 3254 1376; x_wconf 86' lang='lat' dir='ltr'><strong>saeculum</strong></span> <span class='ocrx_word' id='word_1_515' title='bbox 3303 1309 3594 1372; x_wconf 90' lang='lat' dir='ltr'><strong>animam</strong></span> <span class='ocrx_word' id='word_1_516' title='bbox 3641 1327 3825 1373; x_wconf 89' lang='lat' dir='ltr'><strong>suam</strong></span> <span class='ocrx_word' id='word_1_517' title='bbox 3864 1306 4168 1391; x_wconf 87' lang='lat' dir='ltr'><strong>perdere,</strong></span> <span class='ocrx_word' id='word_1_518' title='bbox 4214 1311 4329 1391; x_wconf 88' lang='lat' dir='ltr'><strong>qui</strong></span> <span class='ocrx_word' id='word_1_519' title='bbox 4372 1310 4443 1374; x_wconf 91' lang='lat' dir='ltr'><strong>in</strong></span> <span class='ocrx_word' id='word_1_520' title='bbox 4488 1308 4610 1374; x_wconf 90' lang='lat' dir='ltr'><strong>hoo</strong></span> 
     </span>
     <span class='ocr_line' id='line_1_72' title="bbox 2661 1393 4606 1476; baseline 0 -15"><span class='ocrx_word' id='word_1_521' title='bbox 2661 1397 2913 1463; x_wconf 87' lang='lat' dir='ltr'><strong>salvam</strong></span> <span class='ocrx_word' id='word_1_522' title='bbox 2971 1396 3215 1461; x_wconf 82' lang='lat' dir='ltr'><strong>habere</strong></span> <span class='ocrx_word' id='word_1_523' title='bbox 3256 1393 3466 1460; x_wconf 88' lang='lat' dir='ltr'><strong>velint</strong></span> <span class='ocrx_word' id='word_1_524' title='bbox 3517 1393 3789 1475; x_wconf 89' lang='lat' dir='ltr'><strong>(Matth.</strong></span> <span class='ocrx_word' id='word_1_525' title='bbox 3844 1398 3940 1471; x_wconf 84' lang='lat'><strong>10,</strong></span> <span class='ocrx_word' id='word_1_526' title='bbox 3987 1397 4067 1458; x_wconf 86' lang='grc'><strong>39</strong></span> <span class='ocrx_word' id='word_1_527' title='bbox 4080 1418 4096 1472; x_wconf 85' lang='grc'><strong>;</strong></span> <span class='ocrx_word' id='word_1_528' title='bbox 4142 1395 4307 1461; x_wconf 88' lang='lat' dir='ltr'><strong>Luc.</strong></span> <span class='ocrx_word' id='word_1_529' title='bbox 4355 1400 4414 1475; x_wconf 88' lang='grc'><strong>9,</strong></span> <span class='ocrx_word' id='word_1_530' title='bbox 4463 1396 4606 1476; x_wconf 77' lang='lat'>24):</span> 
     </span>
     <span class='ocr_line' id='line_1_73' title="bbox 2659 1477 4609 1566; baseline -0.001 -19"><span class='ocrx_word' id='word_1_531' title='bbox 2659 1491 2905 1566; x_wconf 89' lang='lat' dir='ltr'><strong>quanto</strong></span> <span class='ocrx_word' id='word_1_532' title='bbox 2944 1481 3014 1547; x_wconf 91' lang='lat' dir='ltr'><strong>id</strong></span> <span class='ocrx_word' id='word_1_533' title='bbox 3056 1482 3128 1546; x_wconf 84' lang='lat' dir='ltr'><strong>in</strong></span> <span class='ocrx_word' id='word_1_534' title='bbox 3172 1479 3449 1565; x_wconf 90' lang='lat' dir='ltr'><strong>gloriam</strong></span> <span class='ocrx_word' id='word_1_535' title='bbox 3492 1478 3668 1544; x_wconf 87' lang='lat' dir='ltr'><strong>cadit</strong></span> <span class='ocrx_word' id='word_1_536' title='bbox 3722 1477 3965 1562; x_wconf 75' lang='lat' dir='ltr'><strong>aptius,</strong></span> <span class='ocrx_word' id='word_1_537' title='bbox 4026 1480 4211 1546; x_wconf 86' lang='lat' dir='ltr'><strong>cuius</strong></span> <span class='ocrx_word' id='word_1_538' title='bbox 4266 1481 4463 1564; x_wconf 90' lang='lat' dir='ltr'><strong>longe</strong></span> <span class='ocrx_word' id='word_1_539' title='bbox 4522 1481 4609 1546; x_wconf 88' lang='lat' dir='ltr'><strong>sit</strong></span> 
     </span>
     <span class='ocr_line' id='line_1_74' title="bbox 2657 1563 4611 1652; baseline 0.001 -19"><span class='ocrx_word' id='word_1_540' title='bbox 2657 1567 2909 1635; x_wconf 87' lang='lat' dir='ltr'><strong>facilior</strong></span> <span class='ocrx_word' id='word_1_541' title='bbox 2939 1587 3137 1652; x_wconf 91' lang='lat' dir='ltr'><strong>quam</strong></span> <span class='ocrx_word' id='word_1_542' title='bbox 3158 1567 3334 1632; x_wconf 87' lang='lat' dir='ltr'><strong>vitae</strong></span> <span class='ocrx_word' id='word_1_543' title='bbox 3376 1563 3670 1629; x_wconf 81' lang='lat' dir='ltr'><strong>iactura?</strong></span> <span class='ocrx_word' id='word_1_544' title='bbox 3739 1565 3951 1632; x_wconf 88' lang='lat' dir='ltr'><strong>Porro</strong></span> <span class='ocrx_word' id='word_1_545' title='bbox 3993 1564 4050 1630; x_wconf 93' lang='lat' dir='ltr'><strong>si</strong></span> <span class='ocrx_word' id='word_1_546' title='bbox 4096 1566 4176 1632; x_wconf 87' lang='lat' dir='ltr'><strong>ab</strong></span> <span class='ocrx_word' id='word_1_547' title='bbox 4216 1567 4300 1631; x_wconf 90' lang='lat' dir='ltr'><strong>iis</strong></span> <span class='ocrx_word' id='word_1_548' title='bbox 4344 1588 4417 1632; x_wconf 90' lang='lat' dir='ltr'><strong>se</strong></span> <span class='ocrx_word' id='word_1_549' title='bbox 4440 1566 4611 1634; x_wconf 88' lang='lat' dir='ltr'><strong>velle</strong></span> 
     </span>
     <span class='ocr_line' id='line_1_75' title="bbox 2658 1651 4609 1735; baseline -0.001 -15"><span class='ocrx_word' id='word_1_550' title='bbox 2658 1653 3053 1720; x_wconf 87' lang='lat' dir='ltr'><strong>sanctificari</strong></span> <span class='ocrx_word' id='word_1_551' title='bbox 3085 1651 3445 1718; x_wconf 84' lang='lat' dir='ltr'><strong>declaravit</strong></span> <span class='ocrx_word' id='word_1_552' title='bbox 3476 1651 3631 1734; x_wconf 87' lang='lat' dir='ltr'><strong>(Ies.</strong></span> <span class='ocrx_word' id='word_1_553' title='bbox 3671 1654 3729 1729; x_wconf 85' lang='lat'><strong>8,</strong></span> <span class='ocrx_word' id='word_1_554' title='bbox 3777 1653 3900 1735; x_wconf 81' lang='lat'><strong>13),</strong></span> <span class='ocrx_word' id='word_1_555' title='bbox 3934 1651 4173 1734; x_wconf 89' lang='lat' dir='ltr'><strong>quibus</strong></span> <span class='ocrx_word' id='word_1_556' title='bbox 4209 1673 4282 1717; x_wconf 89' lang='lat' dir='ltr'><strong>se</strong></span> <span class='ocrx_word' id='word_1_557' title='bbox 4314 1652 4386 1718; x_wconf 90' lang='lat' dir='ltr'><strong>in</strong></span> <span class='ocrx_word' id='word_1_558' title='bbox 4423 1673 4609 1719; x_wconf 86' lang='lat' dir='ltr'><strong>sano-</strong></span> 
     </span>
     <span class='ocr_line' id='line_1_76' title="bbox 2660 1736 4609 1822; baseline -0.001 -16"><span class='ocrx_word' id='word_1_559' title='bbox 2660 1740 3086 1806; x_wconf 88' lang='lat' dir='ltr'><strong>tificationem</strong></span> <span class='ocrx_word' id='word_1_560' title='bbox 3137 1737 3484 1822; x_wconf 87' lang='lat' dir='ltr'><strong>pollicetur</strong></span> <span class='ocrx_word' id='word_1_561' title='bbox 3526 1737 3850 1802; x_wconf 75' lang='lat' dir='ltr'><strong>futurum:</strong></span> <span class='ocrx_word' id='word_1_562' title='bbox 3908 1736 4063 1819; x_wconf 91' lang='lat' dir='ltr'><strong>quid</strong></span> <span class='ocrx_word' id='word_1_563' title='bbox 4108 1737 4189 1802; x_wconf 90' lang='lat' dir='ltr'><strong>de</strong></span> <span class='ocrx_word' id='word_1_564' title='bbox 4230 1758 4300 1802; x_wconf 89' lang='lat' dir='ltr'><strong>se</strong></span> <span class='ocrx_word' id='word_1_565' title='bbox 4343 1759 4609 1820; x_wconf 89' lang='lat' dir='ltr'><strong>sperare</strong></span> 
     </span>
     <span class='ocr_line' id='line_1_77' title="bbox 2659 1821 4606 1909; baseline -0.002 -18"><span class='ocrx_word' id='word_1_566' title='bbox 2659 1828 2896 1905; x_wconf 88' lang='lat' dir='ltr'><strong>ausint,</strong></span> <span class='ocrx_word' id='word_1_567' title='bbox 2934 1826 3046 1909; x_wconf 90' lang='lat' dir='ltr'><strong>qui</strong></span> <span class='ocrx_word' id='word_1_568' title='bbox 3080 1824 3222 1889; x_wconf 87' lang='lat' dir='ltr'><strong>eius</strong></span> <span class='ocrx_word' id='word_1_569' title='bbox 3251 1842 3390 1887; x_wconf 91' lang='lat' dir='ltr'><strong>non</strong></span> <span class='ocrx_word' id='word_1_570' title='bbox 3426 1822 3593 1887; x_wconf 89' lang='lat' dir='ltr'><strong>tanti</strong></span> <span class='ocrx_word' id='word_1_571' title='bbox 3621 1821 3979 1905; x_wconf 86' lang='lat' dir='ltr'><strong>dignantur</strong></span> <span class='ocrx_word' id='word_1_572' title='bbox 4000 1824 4606 1902; x_wconf 85' lang='lat' dir='ltr'><strong>sanctificationem,</strong></span> 
     </span>
     <span class='ocr_line' id='line_1_78' title="bbox 2658 1906 4607 1995; baseline -0.002 -18"><span class='ocrx_word' id='word_1_573' title='bbox 2658 1932 2860 1995; x_wconf 87' lang='lat' dir='ltr'><strong>quam</strong></span> <span class='ocrx_word' id='word_1_574' title='bbox 2891 1911 2995 1977; x_wconf 91' lang='lat' dir='ltr'><strong>vel</strong></span> <span class='ocrx_word' id='word_1_575' title='bbox 3040 1914 3190 1989; x_wconf 81' lang='lat' dir='ltr'><strong>[pag.</strong></span> <span class='ocrx_word' id='word_1_576' title='bbox 3234 1912 3336 1986; x_wconf 82' lang='lat'><strong>17]</strong></span> <span class='ocrx_word' id='word_1_577' title='bbox 3381 1906 3690 1973; x_wconf 90' lang='lat' dir='ltr'><strong>mediocri</strong></span> <span class='ocrx_word' id='word_1_578' title='bbox 3736 1907 4060 1990; x_wconf 90' lang='lat' dir='ltr'><strong>opinionis</strong></span> <span class='ocrx_word' id='word_1_579' title='bbox 4103 1929 4259 1974; x_wconf 89' lang='lat' dir='ltr'><strong>suae</strong></span> <span class='ocrx_word' id='word_1_580' title='bbox 4300 1909 4607 1974; x_wconf 84' lang='lat' dir='ltr'><strong>imminu-</strong></span> 
     </span>
     <span class='ocr_line' id='line_1_79' title="bbox 2658 1992 4609 2075; baseline -0.001 -13"><span class='ocrx_word' id='word_1_581' title='bbox 2658 1998 2836 2064; x_wconf 90' lang='lat' dir='ltr'><strong>tione</strong></span> <span class='ocrx_word' id='word_1_582' title='bbox 2879 1994 3251 2062; x_wconf 81' lang='lat' dir='ltr'><strong>redimant?</strong></span> <span class='ocrx_word' id='word_1_583' title='bbox 3344 1992 3539 2075; x_wconf 77' lang='lat' dir='ltr'><strong>Quod</strong></span> <span class='ocrx_word' id='word_1_584' title='bbox 3586 2013 3740 2058; x_wconf 87' lang='lat' dir='ltr'><strong>vero</strong></span> <span class='ocrx_word' id='word_1_585' title='bbox 3783 1992 3865 2059; x_wconf 90' lang='lat' dir='ltr'><strong>de</strong></span> <span class='ocrx_word' id='word_1_586' title='bbox 3909 1993 4032 2060; x_wconf 86' lang='lat' dir='ltr'><strong>hac</strong></span> <span class='ocrx_word' id='word_1_587' title='bbox 4071 1995 4485 2060; x_wconf 84' lang='lat' dir='ltr'><strong>confessione</strong></span> <span class='ocrx_word' id='word_1_588' title='bbox 4526 1994 4609 2061; x_wconf 87' lang='lat' dir='ltr'><strong>ad</strong></span> 
     </span>
     <span class='ocr_line' id='line_1_80' title="bbox 2659 2079 4610 2167; baseline -0.002 -18"><span class='ocrx_word' id='word_1_589' title='bbox 2659 2091 3071 2167; x_wconf 86' lang='lat' dir='ltr'><strong>praesentem</strong></span> <span class='ocrx_word' id='word_1_590' title='bbox 3113 2081 3324 2146; x_wconf 90' lang='lat' dir='ltr'><strong>locum</strong></span> <span class='ocrx_word' id='word_1_591' title='bbox 3374 2080 3637 2163; x_wconf 85' lang='lat' dir='ltr'><strong>proprie</strong></span> <span class='ocrx_word' id='word_1_592' title='bbox 3681 2079 3949 2156; x_wconf 88' lang='lat' dir='ltr'><strong>attinet,</strong></span> <span class='ocrx_word' id='word_1_593' title='bbox 3994 2082 4082 2145; x_wconf 92' lang='lat' dir='ltr'><strong>sit</strong></span> <span class='ocrx_word' id='word_1_594' title='bbox 4121 2089 4314 2147; x_wconf 82' lang='lat' dir='ltr'><strong>extra</strong></span> <span class='ocrx_word' id='word_1_595' title='bbox 4354 2089 4610 2148; x_wconf 84' lang='lat' dir='ltr'><strong>contro-</strong></span> 
     </span>
     <span class='ocr_line' id='line_1_81' title="bbox 2659 2164 4612 2249; baseline -0.002 -14"><span class='ocrx_word' id='word_1_596' title='bbox 2659 2171 2948 2236; x_wconf 87' lang='lat' dir='ltr'><strong>versiam</strong></span> <span class='ocrx_word' id='word_1_597' title='bbox 3000 2166 3182 2233; x_wconf 91' lang='lat' dir='ltr'><strong>istud</strong></span> <span class='ocrx_word' id='word_1_598' title='bbox 3239 2166 3523 2249; x_wconf 90' lang='lat' dir='ltr'><strong>positum</strong></span> <span class='ocrx_word' id='word_1_599' title='bbox 3545 2216 3559 2241; x_wconf 93' lang='lat'><strong>,</strong></span> <span class='ocrx_word' id='word_1_600' title='bbox 3616 2164 3789 2246; x_wconf 87' lang='lat' dir='ltr'><strong>quod</strong></span> <span class='ocrx_word' id='word_1_601' title='bbox 3841 2166 4111 2232; x_wconf 91' lang='lat' dir='ltr'><strong>minime</strong></span> <span class='ocrx_word' id='word_1_602' title='bbox 4162 2164 4382 2233; x_wconf 88' lang='lat' dir='ltr'><strong>dubiis</strong></span> <span class='ocrx_word' id='word_1_603' title='bbox 4427 2165 4612 2232; x_wconf 86' lang='lat' dir='ltr'><strong>verbi</strong></span> 
     </span>
     <span class='ocr_line' id='line_1_82' title="bbox 2659 2251 4612 2322; baseline -0.002 0"><span class='ocrx_word' id='word_1_604' title='bbox 2659 2257 2788 2322; x_wconf 90' lang='lat' dir='ltr'><strong>Dei</strong></span> <span class='ocrx_word' id='word_1_605' title='bbox 2808 2253 3203 2321; x_wconf 88' lang='lat' dir='ltr'><strong>testimoniis</strong></span> <span class='ocrx_word' id='word_1_606' title='bbox 3224 2251 3590 2318; x_wconf 87' lang='lat' dir='ltr'><strong>luculenter</strong></span> <span class='ocrx_word' id='word_1_607' title='bbox 3610 2251 3901 2317; x_wconf 86' lang='lat' dir='ltr'><strong>evictum</strong></span> <span class='ocrx_word' id='word_1_608' title='bbox 3921 2260 4050 2317; x_wconf 85' lang='lat' dir='ltr'><strong>est:</strong></span> <span class='ocrx_word' id='word_1_609' title='bbox 4086 2272 4219 2318; x_wconf 92' lang='lat' dir='ltr'><strong>non</strong></span> <span class='ocrx_word' id='word_1_610' title='bbox 4255 2255 4388 2318; x_wconf 91' lang='lat' dir='ltr'><strong>oris</strong></span> <span class='ocrx_word' id='word_1_611' title='bbox 4424 2252 4612 2318; x_wconf 90' lang='lat' dir='ltr'><strong>modo</strong></span> 
     </span>
     <span class='ocr_line' id='line_1_83' title="bbox 2658 2336 4613 2420; baseline -0.001 -14"><span class='ocrx_word' id='word_1_612' title='bbox 2658 2341 3062 2406; x_wconf 89' lang='lat' dir='ltr'><strong>abiuratione</strong></span> <span class='ocrx_word' id='word_1_613' title='bbox 3096 2338 3331 2404; x_wconf 87' lang='lat' dir='ltr'><strong>violari</strong></span> <span class='ocrx_word' id='word_1_614' title='bbox 3370 2337 3584 2420; x_wconf 89' lang='lat' dir='ltr'><strong>ipsam</strong></span> <span class='ocrx_word' id='word_1_615' title='bbox 3629 2357 3704 2403; x_wconf 84' lang='lat' dir='ltr'><strong>ac</strong></span> <span class='ocrx_word' id='word_1_616' title='bbox 3744 2336 4143 2414; x_wconf 78' lang='lat' dir='ltr'><strong>labefactari,</strong></span> <span class='ocrx_word' id='word_1_617' title='bbox 4185 2338 4303 2406; x_wconf 82' lang='lat' dir='ltr'><strong>sed</strong></span> <span class='ocrx_word' id='word_1_618' title='bbox 4341 2347 4613 2405; x_wconf 82' lang='lat' dir='ltr'><strong>externa</strong></span> 
     </span>
     <span class='ocr_line' id='line_1_84' title="bbox 2659 2423 4609 2512; baseline -0.002 -19"><span class='ocrx_word' id='word_1_619' title='bbox 2659 2447 2917 2512; x_wconf 90' lang='lat' dir='ltr'><strong>quoque</strong></span> <span class='ocrx_word' id='word_1_620' title='bbox 2959 2425 3141 2491; x_wconf 87' lang='lat' dir='ltr'><strong>omni</strong></span> <span class='ocrx_word' id='word_1_621' title='bbox 3181 2423 3537 2507; x_wconf 90' lang='lat' dir='ltr'><strong>impiarum</strong></span> <span class='ocrx_word' id='word_1_622' title='bbox 3578 2423 4115 2505; x_wconf 83' lang='lat' dir='ltr'><strong>superstitionum</strong></span> <span class='ocrx_word' id='word_1_623' title='bbox 4162 2425 4609 2490; x_wconf 84' lang='lat' dir='ltr'><strong>simulatione:</strong></span> 
     </span>
     <span class='ocr_line' id='line_1_85' title="bbox 2658 2508 4614 2596; baseline -0.002 -16"><span class='ocrx_word' id='word_1_624' title='bbox 2658 2533 2736 2580; x_wconf 83' lang='lat' dir='ltr'><strong>ac</strong></span> <span class='ocrx_word' id='word_1_625' title='bbox 2769 2512 3000 2596; x_wconf 89' lang='lat' dir='ltr'><strong>quavis</strong></span> <span class='ocrx_word' id='word_1_626' title='bbox 3023 2531 3217 2576; x_wconf 87' lang='lat' dir='ltr'><strong>verae</strong></span> <span class='ocrx_word' id='word_1_627' title='bbox 3251 2508 3587 2592; x_wconf 86' lang='lat' dir='ltr'><strong>religionis</strong></span> <span class='ocrx_word' id='word_1_628' title='bbox 3622 2508 4094 2591; x_wconf 84' lang='lat' dir='ltr'><strong>profana-tione.</strong></span> <span class='ocrx_word' id='word_1_629' title='bbox 4165 2508 4614 2591; x_wconf 78' lang='lat' dir='ltr'><strong>Quamobrem</strong></span> 
     </span>
     <span class='ocr_line' id='line_1_86' title="bbox 2660 2592 4614 2681; baseline -0.001 -17"><span class='ocrx_word' id='word_1_630' title='bbox 2660 2621 2814 2664; x_wconf 90' lang='lat' dir='ltr'><strong>eum</strong></span> <span class='ocrx_word' id='word_1_631' title='bbox 2857 2597 2973 2681; x_wconf 92' lang='lat' dir='ltr'><strong>qui</strong></span> <span class='ocrx_word' id='word_1_632' title='bbox 3013 2597 3269 2662; x_wconf 89' lang='lat' dir='ltr'><strong>sincero</strong></span> <span class='ocrx_word' id='word_1_633' title='bbox 3320 2595 3589 2677; x_wconf 91' lang='lat' dir='ltr'><strong>pietatis</strong></span> <span class='ocrx_word' id='word_1_634' title='bbox 3633 2592 3851 2659; x_wconf 90' lang='lat' dir='ltr'><strong>studio</strong></span> <span class='ocrx_word' id='word_1_635' title='bbox 3895 2596 4252 2674; x_wconf 88' lang='lat' dir='ltr'><strong>afficiatur,</strong></span> <span class='ocrx_word' id='word_1_636' title='bbox 4306 2618 4444 2662; x_wconf 91' lang='lat' dir='ltr'><strong>non</strong></span> <span class='ocrx_word' id='word_1_637' title='bbox 4488 2596 4614 2661; x_wconf 87' lang='lat' dir='ltr'><strong>lin·</strong></span> 
     </span>
     <span class='ocr_line' id='line_1_87' title="bbox 2661 2679 4617 2770; baseline -0.001 -21"><span class='ocrx_word' id='word_1_638' title='bbox 2661 2705 2863 2770; x_wconf 86' lang='lat' dir='ltr'><strong>guam</strong></span> <span class='ocrx_word' id='word_1_639' title='bbox 2896 2681 3090 2747; x_wconf 89' lang='lat' dir='ltr'><strong>modo</strong></span> <span class='ocrx_word' id='word_1_640' title='bbox 3129 2681 3210 2746; x_wconf 86' lang='lat' dir='ltr'><strong>ab</strong></span> <span class='ocrx_word' id='word_1_641' title='bbox 3246 2681 3467 2762; x_wconf 83' lang='lat' dir='ltr'><strong>impiis</strong></span> <span class='ocrx_word' id='word_1_642' title='bbox 3486 2679 3773 2758; x_wconf 87' lang='lat' dir='ltr'><strong>vocibus,</strong></span> <span class='ocrx_word' id='word_1_643' title='bbox 3814 2680 3930 2745; x_wconf 88' lang='lat' dir='ltr'><strong>sed</strong></span> <span class='ocrx_word' id='word_1_644' title='bbox 3965 2688 4187 2764; x_wconf 89' lang='lat' dir='ltr'><strong>partes</strong></span> <span class='ocrx_word' id='word_1_645' title='bbox 4222 2702 4454 2748; x_wconf 91' lang='lat' dir='ltr'><strong>omnes</strong></span> <span class='ocrx_word' id='word_1_646' title='bbox 4477 2704 4617 2748; x_wconf 90' lang='lat' dir='ltr'><strong>cor-</strong></span> 
     </span>
     <span class='ocr_line' id='line_1_88' title="bbox 2661 2765 4615 2854; baseline -0.001 -19"><span class='ocrx_word' id='word_1_647' title='bbox 2661 2770 2856 2854; x_wconf 87' lang='lat' dir='ltr'><strong>poris,</strong></span> <span class='ocrx_word' id='word_1_648' title='bbox 2882 2790 2922 2833; x_wconf 91' lang='lat' dir='ltr'><strong>a</strong></span> <span class='ocrx_word' id='word_1_649' title='bbox 2941 2766 3259 2851; x_wconf 88' lang='lat' dir='ltr'><strong>sacrilego</strong></span> <span class='ocrx_word' id='word_1_650' title='bbox 3280 2765 3460 2830; x_wconf 91' lang='lat' dir='ltr'><strong>omni</strong></span> <span class='ocrx_word' id='word_1_651' title='bbox 3483 2766 3617 2831; x_wconf 90' lang='lat' dir='ltr'><strong>ritu</strong></span> <span class='ocrx_word' id='word_1_652' title='bbox 3638 2766 4048 2832; x_wconf 90' lang='lat' dir='ltr'><strong>continentes</strong></span> <span class='ocrx_word' id='word_1_653' title='bbox 4073 2768 4315 2833; x_wconf 86' lang='lat' dir='ltr'><strong>habere</strong></span> <span class='ocrx_word' id='word_1_654' title='bbox 4338 2777 4615 2852; x_wconf 83' lang='lat' dir='ltr'><strong>oportet.</strong></span> 
     </span>
     <span class='ocr_line' id='line_1_89' title="bbox 2832 2850 4617 2938; baseline 0.001 -19"><span class='ocrx_word' id='word_1_655' title='bbox 2832 2855 3089 2919; x_wconf 86' lang='lat' dir='ltr'><strong>Verum</strong></span> <span class='ocrx_word' id='word_1_656' title='bbox 3128 2852 3438 2936; x_wconf 79' lang='lat' dir='ltr'><strong>quoniam</strong></span> <span class='ocrx_word' id='word_1_657' title='bbox 3480 2850 3791 2934; x_wconf 90' lang='lat' dir='ltr'><strong>permulti</strong></span> <span class='ocrx_word' id='word_1_658' title='bbox 3834 2852 3940 2936; x_wconf 89' lang='lat' dir='ltr'><strong>(ut</strong></span> <span class='ocrx_word' id='word_1_659' title='bbox 3981 2874 4183 2938; x_wconf 88' lang='lat' dir='ltr'><strong>supra</strong></span> <span class='ocrx_word' id='word_1_660' title='bbox 4224 2873 4617 2920; x_wconf 89' lang='lat' dir='ltr'><strong>commemo-</strong></span> 
     </span>
     <span class='ocr_line' id='line_1_90' title="bbox 2662 2937 4621 3025; baseline 0.001 -19"><span class='ocrx_word' id='word_1_661' title='bbox 2662 2941 2987 3025; x_wconf 76' lang='lat' dir='ltr'><strong>ravimus)</strong></span> <span class='ocrx_word' id='word_1_662' title='bbox 3043 2937 3159 3023; x_wconf 91' lang='lat' dir='ltr'><strong>qui</strong></span> <span class='ocrx_word' id='word_1_663' title='bbox 3212 2937 3641 3005; x_wconf 84' lang='lat' dir='ltr'><strong>christianam</strong></span> <span class='ocrx_word' id='word_1_664' title='bbox 3694 2937 4037 3022; x_wconf 89' lang='lat' dir='ltr'><strong>pietatem,</strong></span> <span class='ocrx_word' id='word_1_665' title='bbox 4093 2939 4151 3007; x_wconf 90' lang='lat' dir='ltr'><strong>si</strong></span> <span class='ocrx_word' id='word_1_666' title='bbox 4204 2939 4359 3007; x_wconf 89' lang='lat' dir='ltr'><strong>ullis</strong></span> <span class='ocrx_word' id='word_1_667' title='bbox 4416 2940 4621 3007; x_wconf 89' lang='lat' dir='ltr'><strong>idolo-</strong></span> 
     </span>
     <span class='ocr_line' id='line_1_91' title="bbox 2661 3025 4621 3126; baseline -0.001 -32"><span class='ocrx_word' id='word_1_668' title='bbox 2661 3048 2810 3094; x_wconf 88' lang='lat' dir='ltr'><strong>rum</strong></span> <span class='ocrx_word' id='word_1_669' title='bbox 2853 3025 3447 3093; x_wconf 86' lang='lat' dir='ltr'><strong>abominationibus</strong></span> <span class='ocrx_word' id='word_1_670' title='bbox 3488 3025 4016 3104; x_wconf 89' lang='lat' dir='ltr'><strong>commisceatur,</strong></span> <span class='ocrx_word' id='word_1_671' title='bbox 4074 3026 4383 3109; x_wconf 75' lang='lat' dir='ltr'><strong>dissipari</strong></span> <span class='ocrx_word' id='word_1_672' title='bbox 4426 3036 4621 3126; x_wconf 71' lang='lat' dir='ltr'><strong>atque</strong></span> 
     </span>
     <span class='ocr_line' id='line_1_92' title="bbox 2662 3111 4622 3196; baseline 0.001 -17"><span class='ocrx_word' id='word_1_673' title='bbox 2662 3115 2872 3180; x_wconf 90' lang='lat' dir='ltr'><strong>everti</strong></span> <span class='ocrx_word' id='word_1_674' title='bbox 2916 3111 3127 3177; x_wconf 90' lang='lat' dir='ltr'><strong>nihilo</strong></span> <span class='ocrx_word' id='word_1_675' title='bbox 3167 3111 3388 3175; x_wconf 90' lang='lat' dir='ltr'><strong>minus</strong></span> <span class='ocrx_word' id='word_1_676' title='bbox 3430 3130 3630 3192; x_wconf 88' lang='lat' dir='ltr'><strong>quam</strong></span> <span class='ocrx_word' id='word_1_677' title='bbox 3673 3131 3791 3176; x_wconf 93' lang='lat' dir='ltr'><strong>nos</strong></span> <span class='ocrx_word' id='word_1_678' title='bbox 3834 3111 4147 3191; x_wconf 78' lang='lat' dir='ltr'><strong>fatentur,</strong></span> <span class='ocrx_word' id='word_1_679' title='bbox 4192 3132 4235 3177; x_wconf 89' lang='lat' dir='ltr'><strong>a</strong></span> <span class='ocrx_word' id='word_1_680' title='bbox 4273 3114 4622 3196; x_wconf 75' lang='lat' dir='ltr'><strong>papisuois</strong></span> 
     </span>
     <span class='ocr_line' id='line_1_93' title="bbox 2664 3196 4623 3281; baseline 0.001 -16"><span class='ocrx_word' id='word_1_681' title='bbox 2664 3208 2890 3265; x_wconf 87' lang='lat' dir='ltr'><strong>tamen</strong></span> <span class='ocrx_word' id='word_1_682' title='bbox 2934 3198 3137 3265; x_wconf 84' lang='lat' dir='ltr'><strong>sacris</strong></span> <span class='ocrx_word' id='word_1_683' title='bbox 3181 3196 3549 3281; x_wconf 85' lang='lat' dir='ltr'><strong>(sacrilegis</strong></span> <span class='ocrx_word' id='word_1_684' title='bbox 3587 3196 3851 3280; x_wconf 90' lang='lat' dir='ltr'><strong>quidem</strong></span> <span class='ocrx_word' id='word_1_685' title='bbox 3887 3197 4020 3265; x_wconf 90' lang='lat' dir='ltr'><strong>illis</strong></span> <span class='ocrx_word' id='word_1_686' title='bbox 4054 3206 4121 3264; x_wconf 89' lang='lat' dir='ltr'><strong>et</strong></span> <span class='ocrx_word' id='word_1_687' title='bbox 4154 3199 4469 3281; x_wconf 82' lang='lat' dir='ltr'><strong>profanis,</strong></span> <span class='ocrx_word' id='word_1_688' title='bbox 4505 3198 4623 3267; x_wconf 85' lang='lat' dir='ltr'><strong>sed</strong></span> 
     </span>
     <span class='ocr_line' id='line_1_94' title="bbox 2663 3281 4623 3369; baseline 0.002 -18"><span class='ocrx_word' id='word_1_689' title='bbox 2663 3306 2860 3369; x_wconf 85' lang='lat' dir='ltr'><strong>quae,</strong></span> <span class='ocrx_word' id='word_1_690' title='bbox 2904 3292 2981 3348; x_wconf 91' lang='grc' dir='ltr'><strong>ιιι</strong></span> <span class='ocrx_word' id='word_1_691' title='bbox 3023 3283 3235 3359; x_wconf 88' lang='lat' dir='ltr'><strong>aiunt,</strong></span> <span class='ocrx_word' id='word_1_692' title='bbox 3278 3282 3439 3361; x_wconf 91' lang='lat' dir='ltr'><strong>Dei,</strong></span> <span class='ocrx_word' id='word_1_693' title='bbox 3485 3302 3623 3349; x_wconf 92' lang='lat' dir='ltr'><strong>non</strong></span> <span class='ocrx_word' id='word_1_694' title='bbox 3664 3281 3993 3348; x_wconf 90' lang='lat' dir='ltr'><strong>idolorum</strong></span> <span class='ocrx_word' id='word_1_695' title='bbox 4034 3284 4303 3351; x_wconf 90' lang='lat' dir='ltr'><strong>titulum</strong></span> <span class='ocrx_word' id='word_1_696' title='bbox 4346 3305 4509 3368; x_wconf 83' lang='lat' dir='ltr'><strong>prae</strong></span> <span class='ocrx_word' id='word_1_697' title='bbox 4550 3307 4623 3355; x_wconf 84' lang='lat' dir='ltr'><strong>se</strong></span> 
     </span>
     <span class='ocr_line' id='line_1_95' title="bbox 2664 3367 4622 3453; baseline 0 -16"><span class='ocrx_word' id='word_1_698' title='bbox 2664 3373 2913 3452; x_wconf 81' lang='lat' dir='ltr'><strong>ferunt)</strong></span> <span class='ocrx_word' id='word_1_699' title='bbox 2961 3391 3093 3435; x_wconf 90' lang='lat' dir='ltr'><strong>non</strong></span> <span class='ocrx_word' id='word_1_700' title='bbox 3138 3367 3412 3453; x_wconf 86' lang='lat' dir='ltr'><strong>perinde</strong></span> <span class='ocrx_word' id='word_1_701' title='bbox 3464 3367 3657 3434; x_wconf 89' lang='lat' dir='ltr'><strong>hodie</strong></span> <span class='ocrx_word' id='word_1_702' title='bbox 3698 3368 3884 3434; x_wconf 92' lang='lat' dir='ltr'><strong>nobis</strong></span> <span class='ocrx_word' id='word_1_703' title='bbox 3929 3370 4421 3436; x_wconf 81' lang='lat' dir='ltr'><strong>abhorrendum</strong></span> <span class='ocrx_word' id='word_1_704' title='bbox 4468 3391 4622 3436; x_wconf 87' lang='lat' dir='ltr'><strong>oen·</strong></span> 
     </span>
     <span class='ocr_line' id='line_1_96' title="bbox 2664 3454 4623 3537; baseline 0 -14"><span class='ocrx_word' id='word_1_705' title='bbox 2664 3468 2837 3524; x_wconf 88' lang='lat' dir='ltr'><strong>sent:</strong></span> <span class='ocrx_word' id='word_1_706' title='bbox 2886 3454 3282 3522; x_wconf 84' lang='lat' dir='ltr'><strong>refellendus</strong></span> <span class='ocrx_word' id='word_1_707' title='bbox 3325 3462 3430 3520; x_wconf 90' lang='lat' dir='ltr'><strong>est</strong></span> <span class='ocrx_word' id='word_1_708' title='bbox 3471 3454 3595 3521; x_wconf 88' lang='lat' dir='ltr'><strong>hoc</strong></span> <span class='ocrx_word' id='word_1_709' title='bbox 3639 3454 3780 3521; x_wconf 91' lang='lat' dir='ltr'><strong>loco</strong></span> <span class='ocrx_word' id='word_1_710' title='bbox 3814 3454 4004 3520; x_wconf 85' lang='lat' dir='ltr'><strong>nobis</strong></span> <span class='ocrx_word' id='word_1_711' title='bbox 4038 3476 4268 3522; x_wconf 89' lang='lat' dir='ltr'><strong>eorum</strong></span> <span class='ocrx_word' id='word_1_712' title='bbox 4302 3477 4510 3537; x_wconf 88' lang='lat' dir='ltr'><strong>error,</strong></span> <span class='ocrx_word' id='word_1_713' title='bbox 4555 3466 4623 3522; x_wconf 80' lang='lat' dir='ltr'><strong>et</strong></span> 
     </span>
     <span class='ocr_line' id='line_1_97' title="bbox 2664 3541 4622 3628; baseline 0 -19"><span class='ocrx_word' id='word_1_714' title='bbox 2664 3543 2835 3628; x_wconf 91' lang='lat' dir='ltr'><strong>quod</strong></span> <span class='ocrx_word' id='word_1_715' title='bbox 2879 3541 3154 3627; x_wconf 85' lang='lat' dir='ltr'><strong>polliciti</strong></span> <span class='ocrx_word' id='word_1_716' title='bbox 3199 3561 3429 3606; x_wconf 89' lang='lat' dir='ltr'><strong>sumus</strong></span> <span class='ocrx_word' id='word_1_717' title='bbox 3443 3591 3459 3619; x_wconf 95' lang='lat'><strong>,</strong></span> <span class='ocrx_word' id='word_1_718' title='bbox 3517 3560 3603 3606; x_wconf 83' lang='lat' dir='ltr'><strong>ex</strong></span> <span class='ocrx_word' id='word_1_719' title='bbox 3658 3562 3882 3607; x_wconf 86' lang='lat' dir='ltr'><strong>rerum</strong></span> <span class='ocrx_word' id='word_1_720' title='bbox 3928 3542 4383 3625; x_wconf 84' lang='lat' dir='ltr'><strong>praesentium</strong></span> <span class='ocrx_word' id='word_1_721' title='bbox 4426 3543 4622 3611; x_wconf 79' lang='lat' dir='ltr'><strong>colla-</strong></span> 
     </span>
     <span class='ocr_line' id='line_1_98' title="bbox 2664 3628 4623 3711; baseline 0.001 -16"><span class='ocrx_word' id='word_1_722' title='bbox 2664 3632 2845 3695; x_wconf 88' lang='lat' dir='ltr'><strong>tione</strong></span> <span class='ocrx_word' id='word_1_723' title='bbox 2860 3680 2877 3707; x_wconf 89' lang='lat'><strong>,</strong></span> <span class='ocrx_word' id='word_1_724' title='bbox 2910 3649 3066 3694; x_wconf 90' lang='lat' dir='ltr'><strong>cum</strong></span> <span class='ocrx_word' id='word_1_725' title='bbox 3100 3647 3328 3693; x_wconf 89' lang='lat' dir='ltr'><strong>eorum</strong></span> <span class='ocrx_word' id='word_1_726' title='bbox 3362 3634 3731 3710; x_wconf 87' lang='lat' dir='ltr'><strong>temporum</strong></span> <span class='ocrx_word' id='word_1_727' title='bbox 3767 3634 3946 3693; x_wconf 86' lang='lat' dir='ltr'><strong>statu</strong></span> <span class='ocrx_word' id='word_1_728' title='bbox 3962 3678 3979 3705; x_wconf 88' lang='lat'><strong>,</strong></span> <span class='ocrx_word' id='word_1_729' title='bbox 4022 3628 4260 3711; x_wconf 89' lang='lat' dir='ltr'><strong>quibus</strong></span> <span class='ocrx_word' id='word_1_730' title='bbox 4300 3628 4423 3694; x_wconf 90' lang='lat' dir='ltr'><strong>illa</strong></span> <span class='ocrx_word' id='word_1_731' title='bbox 4502 3648 4623 3697; x_wconf 79' lang='lat' dir='ltr'><strong>uae</strong></span> 
     </span>
     <span class='ocr_line' id='line_1_99' title="bbox 2663 3712 4625 3798; baseline -0.001 -15"><span class='ocrx_word' id='word_1_732' title='bbox 2663 3739 2748 3783; x_wconf 87' lang='lat' dir='ltr'><strong>ex</strong></span> <span class='ocrx_word' id='word_1_733' title='bbox 2791 3714 3037 3780; x_wconf 86' lang='lat' dir='ltr'><strong>divinis</strong></span> <span class='ocrx_word' id='word_1_734' title='bbox 3074 3712 3285 3779; x_wconf 88' lang='lat' dir='ltr'><strong>literis</strong></span> <span class='ocrx_word' id='word_1_735' title='bbox 3326 3712 3719 3798; x_wconf 88' lang='lat' dir='ltr'><strong>protulimus</strong></span> <span class='ocrx_word' id='word_1_736' title='bbox 3754 3713 4224 3791; x_wconf 87' lang='lat' dir='ltr'><strong>scribebantur,</strong></span> <span class='ocrx_word' id='word_1_737' title='bbox 4268 3723 4463 3781; x_wconf 90' lang='lat' dir='ltr'><strong>osten</strong></span> <span class='ocrx_word' id='word_1_738' title='bbox 4508 3736 4625 3783; x_wconf 88' lang='lat' dir='ltr'><strong>en—</strong></span> 
     </span>
     <span class='ocr_line' id='line_1_100' title="bbox 2665 3799 4624 3886; baseline 0.001 -20"><span class='ocrx_word' id='word_1_739' title='bbox 2665 3801 2842 3879; x_wconf 88' lang='lat' dir='ltr'><strong>dum,</strong></span> <span class='ocrx_word' id='word_1_740' title='bbox 2888 3821 3025 3866; x_wconf 88' lang='lat' dir='ltr'><strong>non</strong></span> <span class='ocrx_word' id='word_1_741' title='bbox 3057 3800 3279 3864; x_wconf 89' lang='lat' dir='ltr'><strong>minus</strong></span> <span class='ocrx_word' id='word_1_742' title='bbox 3316 3818 3460 3865; x_wconf 89' lang='lat' dir='ltr'><strong>esse</strong></span> <span class='ocrx_word' id='word_1_743' title='bbox 3501 3799 3575 3863; x_wconf 95' lang='lat' dir='ltr'><strong>in</strong></span> <span class='ocrx_word' id='word_1_744' title='bbox 3617 3800 4043 3865; x_wconf 83' lang='lat' dir='ltr'><strong>caeremoniis</strong></span> <span class='ocrx_word' id='word_1_745' title='bbox 4076 3800 4475 3883; x_wconf 87' lang='lat' dir='ltr'><strong>quibusdam</strong></span> <span class='ocrx_word' id='word_1_746' title='bbox 4509 3821 4624 3886; x_wconf 78' lang='lat' dir='ltr'><strong>pa-</strong></span> 
     </span>
     <span class='ocr_line' id='line_1_101' title="bbox 2663 3885 4623 3972; baseline 0.001 -19"><span class='ocrx_word' id='word_1_747' title='bbox 2663 3887 2918 3972; x_wconf 86' lang='lat' dir='ltr'><strong>pisticis</strong></span> <span class='ocrx_word' id='word_1_748' title='bbox 2961 3885 3427 3963; x_wconf 84' lang='lat' dir='ltr'><strong>anathematis,</strong></span> <span class='ocrx_word' id='word_1_749' title='bbox 3484 3906 3683 3967; x_wconf 89' lang='lat' dir='ltr'><strong>quam</strong></span> <span class='ocrx_word' id='word_1_750' title='bbox 3736 3885 3810 3950; x_wconf 94' lang='lat' dir='ltr'><strong>in</strong></span> <span class='ocrx_word' id='word_1_751' title='bbox 3860 3885 4017 3952; x_wconf 88' lang='lat' dir='ltr'><strong>ullis</strong></span> <span class='ocrx_word' id='word_1_752' title='bbox 4060 3907 4360 3970; x_wconf 88' lang='lat' dir='ltr'><strong>unquam</strong></span> <span class='ocrx_word' id='word_1_753' title='bbox 4411 3886 4623 3955; x_wconf 85' lang='lat' dir='ltr'><strong>idolo-</strong></span> 
     </span>
     <span class='ocr_line' id='line_1_102' title="bbox 2667 3970 4622 4055; baseline 0.002 -18"><span class='ocrx_word' id='word_1_754' title='bbox 2667 3995 2817 4038; x_wconf 90' lang='lat' dir='ltr'><strong>rum</strong></span> <span class='ocrx_word' id='word_1_755' title='bbox 2860 3971 3466 4038; x_wconf 88' lang='lat' dir='ltr'><strong>abominationibus.</strong></span> <span class='ocrx_word' id='word_1_756' title='bbox 3536 3971 3635 4038; x_wconf 87' lang='lat' dir='ltr'><strong>Ao</strong></span> <span class='ocrx_word' id='word_1_757' title='bbox 3671 3970 3753 4036; x_wconf 93' lang='lat' dir='ltr'><strong>de</strong></span> <span class='ocrx_word' id='word_1_758' title='bbox 3788 3991 3869 4036; x_wconf 84' lang='lat' dir='ltr'><strong>ea</strong></span> <span class='ocrx_word' id='word_1_759' title='bbox 3901 3971 4183 4054; x_wconf 88' lang='lat' dir='ltr'><strong>quidem,</strong></span> <span class='ocrx_word' id='word_1_760' title='bbox 4227 3993 4435 4055; x_wconf 87' lang='lat' dir='ltr'><strong>quam</strong></span> <span class='ocrx_word' id='word_1_761' title='bbox 4468 3994 4622 4040; x_wconf 82' lang='lat' dir='ltr'><strong>cau·</strong></span> 
     </span>
     <span class='ocr_line' id='line_1_103' title="bbox 2666 4055 4625 4141; baseline 0.001 -16"><span class='ocrx_word' id='word_1_762' title='bbox 2666 4067 2929 4135; x_wconf 88' lang='lat' dir='ltr'><strong>santur,</strong></span> <span class='ocrx_word' id='word_1_763' title='bbox 2987 4057 3381 4123; x_wconf 90' lang='lat' dir='ltr'><strong>discriminis</strong></span> <span class='ocrx_word' id='word_1_764' title='bbox 3430 4058 3685 4122; x_wconf 87' lang='lat' dir='ltr'><strong>ratione</strong></span> <span class='ocrx_word' id='word_1_765' title='bbox 3701 4107 3717 4135; x_wconf 92' lang='lat'><strong>,</strong></span> <span class='ocrx_word' id='word_1_766' title='bbox 3772 4066 4001 4141; x_wconf 90' lang='lat' dir='ltr'><strong>postea</strong></span> <span class='ocrx_word' id='word_1_767' title='bbox 4044 4055 4438 4125; x_wconf 88' lang='lat' dir='ltr'><strong>viderimus:</strong></span> <span class='ocrx_word' id='word_1_768' title='bbox 4500 4058 4625 4127; x_wconf 89' lang='lat' dir='ltr'><strong>hoo</strong></span> 
     </span>
     <span class='ocr_line' id='line_1_104' title="bbox 2665 4142 4626 4227; baseline 0.001 -17"><span class='ocrx_word' id='word_1_769' title='bbox 2665 4144 2860 4210; x_wconf 92' lang='lat' dir='ltr'><strong>modo</strong></span> <span class='ocrx_word' id='word_1_770' title='bbox 2902 4145 3078 4209; x_wconf 90' lang='lat' dir='ltr'><strong>inter</strong></span> <span class='ocrx_word' id='word_1_771' title='bbox 3110 4163 3247 4222; x_wconf 92' lang='lat' dir='ltr'><strong>nos,</strong></span> <span class='ocrx_word' id='word_1_772' title='bbox 3294 4142 3466 4226; x_wconf 88' lang='lat' dir='ltr'><strong>quod</strong></span> <span class='ocrx_word' id='word_1_773' title='bbox 3505 4142 3665 4222; x_wconf 87' lang='lat' dir='ltr'><strong>dico,</strong></span> <span class='ocrx_word' id='word_1_774' title='bbox 3712 4145 3894 4227; x_wconf 91' lang='lat' dir='ltr'><strong>prius</strong></span> <span class='ocrx_word' id='word_1_775' title='bbox 3927 4143 4313 4223; x_wconf 80' lang='lat' dir='ltr'><strong>constiterit,</strong></span> <span class='ocrx_word' id='word_1_776' title='bbox 4360 4144 4626 4211; x_wconf 87' lang='lat' dir='ltr'><strong>nullum</strong></span> 
     </span>
     <span class='ocr_line' id='line_1_105' title="bbox 2665 4229 4625 4315; baseline 0.001 -19"><span class='ocrx_word' id='word_1_777' title='bbox 2665 4250 2955 4314; x_wconf 89' lang='lat' dir='ltr'><strong>unquam</strong></span> <span class='ocrx_word' id='word_1_778' title='bbox 3000 4231 3072 4295; x_wconf 92' lang='lat' dir='ltr'><strong>in</strong></span> <span class='ocrx_word' id='word_1_779' title='bbox 3115 4230 3412 4313; x_wconf 86' lang='lat' dir='ltr'><strong>gentium</strong></span> <span class='ocrx_word' id='word_1_780' title='bbox 3456 4229 4026 4312; x_wconf 85' lang='lat' dir='ltr'><strong>superstitionibus</strong></span> <span class='ocrx_word' id='word_1_781' title='bbox 4068 4230 4282 4315; x_wconf 86' lang='lat' dir='ltr'><strong>magis</strong></span> <span class='ocrx_word' id='word_1_782' title='bbox 4319 4250 4625 4297; x_wconf 81' lang='lat' dir='ltr'><strong>exsecra·</strong></span> 
     </span>
     <span class='ocr_line' id='line_1_106' title="bbox 2667 4314 4623 4399; baseline -0.001 -16"><span class='ocrx_word' id='word_1_783' title='bbox 2667 4317 2796 4383; x_wconf 88' lang='lat' dir='ltr'><strong>bile</strong></span> <span class='ocrx_word' id='word_1_784' title='bbox 2841 4316 3172 4382; x_wconf 84' lang='lat' dir='ltr'><strong>exstitisse</strong></span> <span class='ocrx_word' id='word_1_785' title='bbox 3211 4315 3656 4399; x_wconf 85' lang='lat' dir='ltr'><strong>sacrilegium,</strong></span> <span class='ocrx_word' id='word_1_786' title='bbox 3713 4324 3781 4381; x_wconf 90' lang='lat' dir='ltr'><strong>et</strong></span> <span class='ocrx_word' id='word_1_787' title='bbox 3820 4314 3996 4398; x_wconf 91' lang='lat' dir='ltr'><strong>quod</strong></span> <span class='ocrx_word' id='word_1_788' title='bbox 4037 4336 4267 4382; x_wconf 84' lang='lat' dir='ltr'><strong>veram</strong></span> <span class='ocrx_word' id='word_1_789' title='bbox 4308 4315 4623 4398; x_wconf 81' lang='lat' dir='ltr'><strong>pietatem</strong></span> 
     </span>
     <span class='ocr_line' id='line_1_107' title="bbox 2668 4400 4622 4487; baseline 0.001 -19"><span class='ocrx_word' id='word_1_790' title='bbox 2668 4403 2774 4468; x_wconf 88' lang='lat' dir='ltr'><strong>vel</strong></span> <span class='ocrx_word' id='word_1_791' title='bbox 2809 4402 3211 4487; x_wconf 88' lang='lat' dir='ltr'><strong>opprimeret</strong></span> <span class='ocrx_word' id='word_1_792' title='bbox 3251 4401 3540 4486; x_wconf 86' lang='lat' dir='ltr'><strong>gravius,</strong></span> <span class='ocrx_word' id='word_1_793' title='bbox 3575 4400 3687 4467; x_wconf 89' lang='lat' dir='ltr'><strong>vel</strong></span> <span class='ocrx_word' id='word_1_794' title='bbox 3731 4400 4269 4468; x_wconf 81' lang='lat' dir='ltr'><strong>contumeliosius</strong></span> <span class='ocrx_word' id='word_1_795' title='bbox 4310 4402 4622 4480; x_wconf 81' lang='lat' dir='ltr'><strong>afficeret,</strong></span> 
     </span>
     <span class='ocr_line' id='line_1_108' title="bbox 2667 4487 4360 4573; baseline -0.001 -19"><span class='ocrx_word' id='word_1_796' title='bbox 2667 4509 2867 4573; x_wconf 91' lang='lat' dir='ltr'><strong>quam</strong></span> <span class='ocrx_word' id='word_1_797' title='bbox 2923 4496 3082 4554; x_wconf 89' lang='lat' dir='ltr'><strong>sunt</strong></span> <span class='ocrx_word' id='word_1_798' title='bbox 3136 4487 3331 4553; x_wconf 87' lang='lat' dir='ltr'><strong>hodie</strong></span> <span class='ocrx_word' id='word_1_799' title='bbox 3383 4487 3705 4553; x_wconf 88' lang='lat' dir='ltr'><strong>nonnulla</strong></span> <span class='ocrx_word' id='word_1_800' title='bbox 3761 4508 3929 4571; x_wconf 87' lang='lat' dir='ltr'><strong>quae</strong></span> <span class='ocrx_word' id='word_1_801' title='bbox 3984 4488 4232 4570; x_wconf 85' lang='lat' dir='ltr'><strong>passim</strong></span> <span class='ocrx_word' id='word_1_802' title='bbox 4284 4488 4360 4552; x_wconf 93' lang='lat' dir='ltr'><strong>in</strong></span> 
     </span>
     <span class='ocr_line' id='line_1_109' title="bbox 2666 4572 4623 4659; baseline 0.001 -20"><span class='ocrx_word' id='word_1_803' title='bbox 2666 4594 2876 4659; x_wconf 86' lang='lat' dir='ltr'><strong>papae</strong></span> <span class='ocrx_word' id='word_1_804' title='bbox 2910 4575 3235 4640; x_wconf 83' lang='lat' dir='ltr'><strong>visuntur.</strong></span> <span class='ocrx_word' id='word_1_805' title='bbox 3303 4572 3697 4656; x_wconf 76' lang='lat' dir='ltr'><strong>Quanquam</strong></span> <span class='ocrx_word' id='word_1_806' title='bbox 3733 4581 3975 4653; x_wconf 87' lang='lat' dir='ltr'><strong>autem,</strong></span> <span class='ocrx_word' id='word_1_807' title='bbox 4020 4572 4078 4639; x_wconf 89' lang='lat' dir='ltr'><strong>si</strong></span> <span class='ocrx_word' id='word_1_808' title='bbox 4110 4572 4466 4656; x_wconf 86' lang='lat' dir='ltr'><strong>aliquando</strong></span> <span class='ocrx_word' id='word_1_809' title='bbox 4513 4573 4623 4640; x_wconf 83' lang='lat' dir='ltr'><strong>de-</strong></span> 
     </span>
     <span class='ocr_line' id='line_1_110' title="bbox 2669 4658 4622 4743; baseline 0 -16"><span class='ocrx_word' id='word_1_810' title='bbox 2669 4659 2841 4727; x_wconf 90' lang='lat' dir='ltr'><strong>derit</strong></span> <span class='ocrx_word' id='word_1_811' title='bbox 2881 4659 3209 4726; x_wconf 88' lang='lat' dir='ltr'><strong>Dominus</strong></span> <span class='ocrx_word' id='word_1_812' title='bbox 3252 4669 3331 4725; x_wconf 89' lang='lat' dir='ltr'><strong>ut</strong></span> <span class='ocrx_word' id='word_1_813' title='bbox 3364 4658 3448 4725; x_wconf 88' lang='lat' dir='ltr'><strong>ad</strong></span> <span class='ocrx_word' id='word_1_814' title='bbox 3489 4658 3760 4742; x_wconf 85' lang='lat' dir='ltr'><strong>plenum</strong></span> <span class='ocrx_word' id='word_1_815' title='bbox 3803 4667 4251 4743; x_wconf 85' lang='lat' dir='ltr'><strong>repurgentur</strong></span> <span class='ocrx_word' id='word_1_816' title='bbox 4290 4660 4622 4739; x_wconf 82' lang='lat' dir='ltr'><strong>ecclesiae,</strong></span> 
     </span>
     <span class='ocr_line' id='line_1_111' title="bbox 2668 4743 4624 4830; baseline -0.001 -17"><span class='ocrx_word' id='word_1_817' title='bbox 2668 4767 2831 4830; x_wconf 87' lang='lat' dir='ltr'><strong>quas</strong></span> <span class='ocrx_word' id='word_1_818' title='bbox 2872 4746 3113 4830; x_wconf 91' lang='lat' dir='ltr'><strong>praesti</strong></span> <span class='ocrx_word' id='word_1_819' title='bbox 3166 4746 3179 4760; x_wconf 73' lang='lat'><strong>⁹</strong></span> <span class='ocrx_word' id='word_1_820' title='bbox 3416 4743 3529 4809; x_wconf 91' lang='lat' dir='ltr'><strong>ille</strong></span> <span class='ocrx_word' id='word_1_821' title='bbox 3573 4744 3847 4810; x_wconf 88' lang='lat' dir='ltr'><strong>antistes</strong></span> <span class='ocrx_word' id='word_1_822' title='bbox 3890 4744 4026 4811; x_wconf 89' lang='lat' dir='ltr'><strong>suis</strong></span> <span class='ocrx_word' id='word_1_823' title='bbox 4058 4745 4444 4828; x_wconf 85' lang='lat' dir='ltr'><strong>imposturis</strong></span> <span class='ocrx_word' id='word_1_824' title='bbox 4478 4767 4624 4813; x_wconf 81' lang='lat' dir='ltr'><strong>cor·-</strong></span> 
     </span>
     <span class='ocr_line' id='line_1_112' title="bbox 2666 4829 4623 4916; baseline -0.001 -18"><span class='ocrx_word' id='word_1_825' title='bbox 2666 4834 2863 4916; x_wconf 87' lang='lat' dir='ltr'><strong>rupit‚</strong></span> <span class='ocrx_word' id='word_1_826' title='bbox 2909 4853 3044 4898; x_wconf 92' lang='lat' dir='ltr'><strong>non</strong></span> <span class='ocrx_word' id='word_1_827' title='bbox 3086 4831 3216 4896; x_wconf 88' lang='lat' dir='ltr'><strong>alia</strong></span> <span class='ocrx_word' id='word_1_828' title='bbox 3257 4830 3487 4895; x_wconf 92' lang='lat' dir='ltr'><strong>melior</strong></span> <span class='ocrx_word' id='word_1_829' title='bbox 3519 4830 3747 4895; x_wconf 84' lang='lat' dir='ltr'><strong>futura</strong></span> <span class='ocrx_word' id='word_1_830' title='bbox 3788 4830 3878 4895; x_wconf 89' lang='lat' dir='ltr'><strong>sit</strong></span> <span class='ocrx_word' id='word_1_831' title='bbox 3917 4829 4384 4897; x_wconf 87' lang='lat' dir='ltr'><strong>moderationis</strong></span> <span class='ocrx_word' id='word_1_832' title='bbox 4428 4832 4623 4910; x_wconf 86' lang='lat' dir='ltr'><strong>ratio,</strong></span> 
     </span>
     <span class='ocr_line' id='line_1_113' title="bbox 2666 4915 4625 5002; baseline 0 -18"><span class='ocrx_word' id='word_1_833' title='bbox 2666 4938 2863 5002; x_wconf 86' lang='lat' dir='ltr'><strong>quam</strong></span> <span class='ocrx_word' id='word_1_834' title='bbox 2916 4926 2995 4983; x_wconf 91' lang='lat' dir='ltr'><strong>ut</strong></span> <span class='ocrx_word' id='word_1_835' title='bbox 3047 4937 3087 4981; x_wconf 91' lang='lat' dir='ltr'><strong>a</strong></span> <span class='ocrx_word' id='word_1_836' title='bbox 3128 4916 3349 4983; x_wconf 89' lang='lat' dir='ltr'><strong>radice</strong></span> <span class='ocrx_word' id='word_1_837' title='bbox 3400 4915 3770 4983; x_wconf 88' lang='lat' dir='ltr'><strong>evellantur</strong></span> <span class='ocrx_word' id='word_1_838' title='bbox 3810 4917 4149 4995; x_wconf 86' lang='lat' dir='ltr'><strong>universa,</strong></span> <span class='ocrx_word' id='word_1_839' title='bbox 4204 4924 4275 4983; x_wconf 88' lang='lat' dir='ltr'><strong>et</strong></span> <span class='ocrx_word' id='word_1_840' title='bbox 4326 4938 4472 4983; x_wconf 87' lang='lat' dir='ltr'><strong>una</strong></span> <span class='ocrx_word' id='word_1_841' title='bbox 4522 4924 4625 4996; x_wconf 77' lang='lat' dir='ltr'><strong>(ut</strong></span> 
     </span>
     <span class='ocr_line' id='line_1_114' title="bbox 2666 5001 4623 5089; baseline -0.001 -19"><span class='ocrx_word' id='word_1_842' title='bbox 2666 5004 2933 5089; x_wconf 88' lang='lat' dir='ltr'><strong>dicitur)</strong></span> <span class='ocrx_word' id='word_1_843' title='bbox 2988 5003 3195 5068; x_wconf 85' lang='lat' dir='ltr'><strong>litura</strong></span> <span class='ocrx_word' id='word_1_844' title='bbox 3250 5003 3697 5087; x_wconf 82' lang='lat' dir='ltr'><strong>corrigantur,</strong></span> <span class='ocrx_word' id='word_1_845' title='bbox 3754 5022 3923 5087; x_wconf 91' lang='lat' dir='ltr'><strong>quae</strong></span> <span class='ocrx_word' id='word_1_846' title='bbox 3964 5024 4047 5069; x_wconf 85' lang='lat' dir='ltr'><strong>ex</strong></span> <span class='ocrx_word' id='word_1_847' title='bbox 4087 5002 4228 5068; x_wconf 88' lang='lat' dir='ltr'><strong>eius</strong></span> <span class='ocrx_word' id='word_1_848' title='bbox 4270 5001 4623 5086; x_wconf 82' lang='lat' dir='ltr'><strong>disciplina</strong></span> 
     </span>
     <span class='ocr_line' id='line_1_115' title="bbox 2667 5088 4622 5174; baseline -0.001 -18"><span class='ocrx_word' id='word_1_849' title='bbox 2667 5088 3067 5174; x_wconf 83' lang='lat' dir='ltr'><strong>prodierunt.</strong></span> <span class='ocrx_word' id='word_1_850' title='bbox 3154 5088 3306 5155; x_wconf 87' lang='lat' dir='ltr'><strong>Non</strong></span> <span class='ocrx_word' id='word_1_851' title='bbox 3348 5096 3571 5154; x_wconf 84' lang='lat' dir='ltr'><strong>tamen</strong></span> <span class='ocrx_word' id='word_1_852' title='bbox 3616 5096 3775 5154; x_wconf 93' lang='lat' dir='ltr'><strong>sunt</strong></span> <span class='ocrx_word' id='word_1_853' title='bbox 3811 5088 4130 5155; x_wconf 88' lang='lat' dir='ltr'><strong>eiusmodi</strong></span> <span class='ocrx_word' id='word_1_854' title='bbox 4172 5109 4259 5154; x_wconf 83' lang='lat' dir='ltr'><strong>ex</strong></span> <span class='ocrx_word' id='word_1_855' title='bbox 4300 5089 4382 5154; x_wconf 90' lang='lat' dir='ltr'><strong>iis</strong></span> <span class='ocrx_word' id='word_1_856' title='bbox 4417 5108 4622 5173; x_wconf 83' lang='lat' dir='ltr'><strong>quae-</strong></span> 
     </span>
     <span class='ocr_line' id='line_1_116' title="bbox 2667 5174 4620 5258; baseline 0.001 -16"><span class='ocrx_word' id='word_1_857' title='bbox 2667 5175 2839 5254; x_wconf 87' lang='lat' dir='ltr'><strong>dam,</strong></span> <span class='ocrx_word' id='word_1_858' title='bbox 2884 5175 3044 5258; x_wconf 88' lang='lat' dir='ltr'><strong>quin</strong></span> <span class='ocrx_word' id='word_1_859' title='bbox 3086 5180 3163 5239; x_wconf 90' lang='lat' dir='ltr'><strong>tu</strong></span> <span class='ocrx_word' id='word_1_860' title='bbox 3196 5196 3281 5241; x_wconf 89' lang='lat' dir='ltr'><strong>ea</strong></span> <span class='ocrx_word' id='word_1_861' title='bbox 3310 5175 3395 5241; x_wconf 87' lang='lat' dir='ltr'><strong>ad</strong></span> <span class='ocrx_word' id='word_1_862' title='bbox 3429 5181 3689 5258; x_wconf 86' lang='lat' dir='ltr'><strong>tempus</strong></span> <span class='ocrx_word' id='word_1_863' title='bbox 3720 5174 4019 5255; x_wconf 87' lang='lat' dir='ltr'><strong>tolerare,</strong></span> <span class='ocrx_word' id='word_1_864' title='bbox 4064 5182 4262 5258; x_wconf 82' lang='lat' dir='ltr'><strong>atque</strong></span> <span class='ocrx_word' id='word_1_865' title='bbox 4295 5194 4439 5241; x_wconf 86' lang='lat' dir='ltr'><strong>una</strong></span> <span class='ocrx_word' id='word_1_866' title='bbox 4470 5196 4620 5244; x_wconf 84' lang='lat' dir='ltr'><strong>cum</strong></span> 
     </span>
    </p>
   </div>
   <div class='ocr_carea' id='block_1_9' title="bbox 4868 30 4908 3261">
    <p class='ocr_par' dir='ltr' id='par_1_10' title="bbox 4868 30 4908 3261">
     <span class='ocr_line' id='line_1_117' title="bbox 4868 30 4908 3261; baseline 0 0"><span class='ocrx_word' id='word_1_867' title='bbox 4868 30 4908 3261; x_wconf 95' lang='lat' dir='ltr'><strong> </strong></span> 
     </span>
    </p>
   </div>
   <div class='ocr_carea' id='block_1_10' title="bbox 4886 1865 4895 3261">
    <p class='ocr_par' dir='ltr' id='par_1_11' title="bbox 4886 1865 4895 3261">
     <span class='ocr_line' id='line_1_118' title="bbox 4886 1865 4895 3261; baseline 0 0"><span class='ocrx_word' id='word_1_868' title='bbox 4886 1865 4895 3261; x_wconf 95' lang='lat' dir='ltr'><strong> </strong></span> 
     </span>
    </p>
   </div>
   <div class='ocr_carea' id='block_1_11' title="bbox 4886 1865 4896 3261">
    <p class='ocr_par' dir='ltr' id='par_1_12' title="bbox 4886 1865 4896 3261">
     <span class='ocr_line' id='line_1_119' title="bbox 4886 1865 4896 3261; baseline 0 0"><span class='ocrx_word' id='word_1_869' title='bbox 4886 1865 4896 3261; x_wconf 95' lang='lat' dir='ltr'><strong> </strong></span> 
     </span>
    </p>
   </div>
  </div>
 </body>
</html>
