4984 5975
644 307 756 367 171
2167 286 3121 367 PSYOHOPANNYOHM
4520 302 4633 361 172

634 514 792 576 pore
850 515 980 558 una
1023 492 1251 569 emori,
1320 489 1387 555 in
1434 489 1538 554 die
1581 488 1800 554 iudicii
1861 497 2213 573 utrumque
2271 509 2630 572 resurgere.
2662 490 2710 572 ¹)
2799 490 2891 554 Et
2931 491 3263 574 aliquanto
3319 499 3465 574 post
3520 497 3841 574 tempore,
3902 488 4217 553 Ioannem
4262 488 4634 570 episcopum

635 617 999 673 romanum,
1046 615 1240 678 quem
1284 592 1510 659 schola
1552 592 1930 675 parisiensis
1973 591 2057 656 ad
2099 590 2495 674 palinodiam
2539 591 2848 676 adegerit.
2870 594 2929 674 ²)
2994 592 3250 657 Verum
3294 592 3570 659 saeculis
3613 594 3858 677 aliquot
3901 590 4190 675 sopitum
4204 641 4219 668 ,
4267 610 4478 673 nuper
4522 611 4637 673 per

638 698 885 780 aliquot
926 719 1009 762 ex
1056 696 1640 779 Anabaptistarum
1684 697 1864 760 faece
1900 696 2258 761 excitatum
2276 745 2291 772 ,
2350 695 2667 761 scintillas
2713 694 2948 760 emisit.
3037 695 3186 760 Hae
3229 715 3388 760 vero
3429 695 3624 780 longe
3665 695 3922 777 lateque
3961 701 4389 778 pervagatae,
4434 693 4636 759 iustas

636 801 808 866 faces
850 799 1313 866 accenderunt:
1353 818 1518 881 quae
1554 798 1807 862 utinam
1860 797 2087 880 pluvia
2128 796 2242 861 illa
2284 797 2686 877 voluntaria,
2732 817 2928 881 quam
2970 797 3295 863 Dominus
3337 797 3731 864 haereditati
3778 818 3933 863 suae
3978 797 4351 881 segregavit
4365 848 4382 876 ,
4430 798 4637 879 primo

634 923 888 985 quoque
931 901 1036 967 die
1078 903 1605 985 exstinguantur.
1692 901 1910 984 Agam
1953 907 2173 964 autem
2216 901 2382 965 citra
2423 899 2624 964 ullius
2669 899 2920 978 odium,
2977 902 3141 966 citra
3183 901 3513 983 privatam
3555 902 3941 984 cuiusquam
3984 897 4482 980 contumeliam,
4528 899 4638 966 de-

636 1006 835 1089 nique
886 1007 1054 1072 citra
1095 1002 1502 1070 conviciandi
1560 1003 2045 1086 procacitatem,
2102 1010 2178 1067 ut
2215 1003 2357 1066 iure
2402 1001 2625 1067 nullus
2668 1005 2850 1085 queri
2910 1002 3141 1068 debeat
3190 1024 3259 1068 se
3312 1003 3565 1068 laesum
3623 1012 3737 1069 aut
3794 1003 4029 1069 leviter
4070 1003 4274 1068 etiam
4318 1002 4638 1068 offensum

637 1127 795 1173 esse.
887 1106 1285 1191 Quanquam
1325 1121 1619 1189 spectare
1658 1105 1851 1170 hodie
1894 1105 2144 1188 aliquos
2184 1104 2366 1183 licet,
2426 1107 2662 1169 insana
2716 1105 3054 1188 carpendi,
3098 1104 3468 1183 mordendi,
3527 1105 3879 1191 sugillandi
3934 1106 4202 1171 libidine
4247 1114 4636 1185 aestuantes,

636 1231 796 1293 quos
840 1210 894 1275 si
940 1193 1196 1275 summo
1241 1208 1445 1293 digito
1489 1210 1778 1292 attingas
1792 1258 1806 1286 ,
1862 1208 2166 1273 flebiliter
2209 1206 2552 1290 deplorant
2606 1208 2814 1273 scindi
2859 1208 3181 1273 unitatem
3233 1209 3542 1274 ecclesiae
3560 1260 3574 1285 ‚
3635 1208 3870 1274 violari
3913 1209 4273 1275 caritatem.
4365 1208 4493 1273 His
4538 1229 4639 1273 re-

639 1333 951 1395 sponsum
995 1313 1096 1390 sit,
1144 1314 1449 1396 primum,
1505 1311 1755 1375 nullam
1799 1332 1922 1376 nos
1967 1330 2318 1394 agnoscere
2361 1311 2713 1388 unitatem,
2761 1312 2888 1375 nisi
2931 1311 3002 1374 in
3046 1309 3343 1376 Christo:
3404 1311 3659 1376 nullam
3702 1311 4058 1391 caritatem,
4105 1312 4229 1377 nisi
4274 1311 4459 1376 cuius
4499 1310 4640 1395 ipse

639 1416 725 1480 sit
781 1415 1132 1482 vinculum.
1222 1415 1390 1480 Esse
1442 1436 1597 1498 ergo
1653 1415 1778 1480 hoc
1832 1421 2029 1497 caput
2078 1412 2566 1479 conservandae
2609 1414 2902 1479 caritatis
2919 1465 2933 1490 ,
2982 1421 3055 1477 ut
3095 1413 3258 1479 fides
3302 1416 3490 1481 nobis
3537 1421 3765 1479 sancta
3812 1422 4005 1496 atque
4048 1415 4312 1498 integra
4359 1422 4638 1480 maneat.

637 1518 927 1598 Deinde,
986 1517 1166 1582 nulla
1218 1518 1510 1584 caritatis
1561 1519 1916 1584 offensione
1975 1517 2142 1582 hanc
2186 1515 2692 1599 disputationem
2735 1516 3018 1600 transigi
3059 1537 3276 1598 posse:
3336 1518 3526 1583 modo
3571 1517 3734 1582 tales
3780 1538 3973 1582 aures
4019 1517 4326 1596 afferant,
4378 1518 4641 1602 qualem

639 1640 762 1703 ego
804 1620 1100 1704 linguam
1145 1620 1380 1685 afferre
1425 1622 1643 1686 statui.
1735 1620 1883 1686 'ribi
1928 1629 2167 1700 autem,
2213 1618 2624 1684 ornatissime
2666 1618 2787 1697 vir,
2833 1619 3003 1685 hanc
3047 1619 3683 1686 lucubratiunculam
3726 1640 4124 1702 nuncupare,
4169 1642 4371 1703 quum
4415 1621 4639 1685 multis

638 1723 1012 1789 nominibus
1064 1726 1282 1789 visum
1326 1731 1452 1789 est:
1519 1731 1662 1788 tum
1707 1723 1828 1789 hoc
1869 1722 2253 1805 praesertim
2296 1742 2429 1786 uno
2444 1773 2459 1800 ,
2525 1720 2699 1803 quod
2741 1722 2918 1786 inter
2967 1721 3129 1786 istos
3172 1743 3496 1788 vanarum
3547 1723 3925 1806 opinionum
3982 1722 4309 1788 tumultus
4334 1773 4349 1800 ,
4405 1724 4639 1806 quibus

638 1826 910 1909 spiritus
954 1827 1300 1910 vertiginis
1355 1826 1662 1892 ecclesiae
1706 1826 1989 1909 quietem
2036 1826 2375 1910 exagitant
2393 1875 2407 1900 ‚
2467 1825 2735 1888 firmum
2780 1832 2844 1889 te
2887 1844 2963 1889 ac
3006 1825 3336 1909 integrum
3382 1846 3640 1891 summa
3682 1823 4035 1907 prudentia
4076 1846 4151 1891 ac
4196 1824 4641 1892 moderatione

638 1930 989 1995 consistere
1031 1929 1366 2012 perspicio.
2370 1945 2377 1950 ·

946 2032 1255 2098 Aureliae
1269 2083 1284 2110 ,
1363 2032 1454 2097 M.
1480 2030 1566 2096 D.
1590 2030 1923 2098 XXXIV.

1310 2207 1453 2214 ῳ*

943 2322 1001 2387 1)
1050 2323 1251 2377 Euseb.
1293 2322 1443 2377 Eccl.
1486 2323 1609 2378 hist.
1657 2323 1692 2377 1.
1739 2321 1789 2376 6.
1835 2340 1880 2377 c.
1929 2319 2014 2375 26.
2064 2319 2204 2386 (37).
2283 2322 2421 2390 Aug.
2466 2322 2558 2375 lib.
2608 2319 2674 2374 de
2721 2291 2949 2380 Baetes.
2998 2337 3044 2375 c.
3078 2318 3163 2374 83.
3459 2319 3519 2384 2)
3578 2322 3762 2375 Ioann.
3806 2318 3876 2375 11.
3921 2321 3988 2376 de
4033 2338 4138 2391 quo
4188 2321 4396 2376 Gerson
4445 2323 4500 2376 in
4537 2339 4643 2378 ser-

638 2425 796 2463 mone
832 2408 1018 2477 pasch.
1053 2409 1248 2476 priore.
