4984 5975
480 2639 483 2644 ,
610 2595 758 2640 cam
794 2594 1106 2640 coronam
1140 2573 1377 2640 donari
1413 2574 1781 2658 antiquitus
1814 2572 2076 2638 solitam
2110 2572 2173 2637 ei
2208 2572 2323 2654 qui
2358 2572 2572 2638 civem

622 337 742 399 143

615 543 773 589 suae
816 543 1059 606 parvae
1100 521 1435 598 videntum
1491 520 1687 585 multi
1734 539 1845 584 eas
1890 519 2160 604 gravius
2206 541 2409 602 aequo
2450 520 2570 585 ha-

614 610 832 676 buere.

785 711 1098 776 Arabrum
1132 711 1388 775 vetustis
1422 708 1683 773 urbibus
1718 704 2045 794 inducere]
2076 707 2569 790 Periphrastice

512 861 517 872 ,
614 797 917 880 designat
959 795 1227 862 urbium
1268 791 1780 873 subversionem,
1828 793 2061 876 quibus
2104 791 2461 858 condendis
2503 799 2570 858 et

612 880 985 948 evertendis
1027 879 1428 947 consuetudo
1470 880 1597 945 fuit
1649 878 1961 945 adhibere
2016 886 2328 944 aratrum.
2397 878 2568 943 Ver-

613 967 812 1053 gilius
856 966 1184 1034 Aeneidos
1226 966 1344 1032 V.:

889 1070 1109 1125 Interea
1146 1074 1361 1124 Aeneas
1398 1069 1583 1123 urbem
1619 1068 1868 1138 designat
1903 1074 2103 1122 aratro.

613 1157 936 1232 Horatius
981 1154 1374 1222 Carminum
1416 1155 1501 1220 I.:

2261 331 2389 398 DE
2434 331 2983 403 CLEMENTIA

922 1258 1045 1311 Irae
1083 1257 1358 1326 'Pliyesten
1395 1257 1559 1310 exitio
1596 1258 1745 1377 {ravi

820 1383 827 1392 ,
923 1326 1193 1393 stravere,
1232 1334 1287 1379 et
1322 1326 1447 1379 altis
1482 1325 1601 1379 urbi
1639 1339 1702 1404 us
1740 1324 1957 1377 ultimae
2615 1335 2621 1452 Ι

924 1395 1135 1449 Stetere
1174 1409 1389 1462 causae,
1426 1409 1522 1447 cur
1556 1400 1796 1461 penrent

924 1462 1205 1529 Funditus,
1241 1462 1675 1530 imprimeretque
1713 1461 1877 1514 muris

926 1531 1138 1585 Hostile
1174 1538 1411 1584 aratrum
1448 1531 1716 1584 exercitus
1751 1529 2011 1583 insoleus,

790 1615 877 1680 In
910 1616 1190 1682 ordinem
1209 1614 1506 1701 coactam]
1551 1613 1632 1679 Id
1667 1624 1768 1679 est
1800 1614 1871 1677 in
1908 1613 2244 1696 privatum
2279 1611 2567 1691 modum,

616 1708 684 1766 et
725 1702 912 1783 quasi
957 1702 1154 1766 unius
1198 1721 1234 1763 e
1277 1701 1547 1784 populo,
1594 1708 1834 1778 tracta,
1880 1708 1957 1764 ut
1998 1698 2266 1781 quidam
2310 1698 2564 1777 volunt,
2615 1699 2621 1788 1

614 1786 997 1870 metaphora
1040 1808 1081 1851 a
1122 1785 1469 1870 disciplina
1508 1786 1809 1862 militari,
1869 1806 1999 1867 qua
2041 1785 2287 1849 milites
2332 1805 2568 1869 grega-

613 1873 698 1937 rii
754 1873 826 1936 in
881 1894 1078 1937 suum
1132 1872 1408 1954 quisque
1471 1872 1689 1937 locum
1747 1883 1813 1935 et
1866 1870 2167 1936 ordinem
2219 1879 2565 1953 coguntur.

612 1958 992 2024 Priscianus
1027 1958 1196 2025 libro
1221 1957 1517 2022 XVHI.:
1556 1957 1648 2021 In.
1677 1954 1976 2022 ordinem
2012 1963 2290 2033 coactus,
2329 1956 2567 2038 inquit,
2643 1963 2650 1972 '

613 2045 789 2109 inter
834 2044 995 2109 viles
1040 2051 1105 2108 et
1148 2037 1435 2109 abiectos
1480 2049 1883 2108 numeratus.
1948 2041 2183 2107 Livius
2224 2041 2392 2106 libro
2413 2040 2565 2105 VI.:

614 2130 755 2194 Aut
797 2129 949 2196 huic
993 2130 1316 2213 rogationi
1360 2150 1490 2212 qua
1532 2147 1603 2194 se
1644 2128 1715 2192 in
1760 2127 2058 2193 ordinem
2102 2129 2245 2212 cogi
2282 2126 2565 2205 videbat,

615 2213 931 2280 obsistere
975 2214 1211 2298 potuit:
1259 2225 1378 2279 aut
1418 2235 1502 2279 ne
1546 2214 1692 2279 illas
1738 2210 2035 2297 quidem,
2092 2220 2361 2296 propter
2399 2234 2567 2302 quas

610 2307 684 2364 'et
725 2300 887 2366 haec
930 2299 1064 2365 lata
1104 2311 1264 2378 erat,
1310 2299 1646 2382 impedire.
2072 2356 2079 2362 .

786 2402 1027 2468 Morem?
1060 2403 1379 2469 clemema
1413 2400 1700 2500 civicam]
1740 2400 1889 2482 Quo
1924 2401 2179 2467 facilius
2212 2399 2410 2465 huius
2442 2399 2571 2466 loci

613 2509 883 2554 sensum
926 2496 1314 2572 assequatur
1355 2488 1578 2568 lector,
1634 2508 1730 2554 sic
1770 2487 1996 2570 paucis
2041 2485 2321 2570 accipiat
2336 2536 2353 2564 ,
2409 2485 2569 2552 civi-

608 2660 684 2725 in
738 2659 987 2744 praelio
1039 2669 1395 2738 servasset,
1452 2660 1641 2743 quasi
1690 2666 1930 2725 testem
1981 2660 2159 2723 vitae
2214 2656 2573 2740 salutisque

610 2753 927 2828 receptae.
1003 2744 1160 2811 Ideo
1195 2766 1232 2810 e
1265 2743 1495 2810 fronde
1530 2764 1784 2827 querna
1821 2743 2352 2826 componebatur,
2396 2740 2573 2824 quod

613 2829 797 2895 cibus
853 2831 1341 2896 vetustissimus
1393 2851 1706 2913 querceus
1758 2830 1983 2908 filerit,
2037 2828 2253 2911 inquit
2296 2826 2570 2893 Gellius,

613 2912 822 2981 Addit
854 2915 1253 2981 Plutarchus
1295 2916 1457 2980 alias
1498 2917 1785 2980 rationes
1829 2922 1973 2979 tum
2022 2914 2096 2979 in
2117 2912 2575 2992 Problematis‚

612 3010 757 3073 tum
800 3001 873 3065 in
917 3002 1058 3067 vita
1099 3001 1192 3067 M.
1242 3001 1602 3068 Coriolani:
1649 3023 1765 3067 seu
1808 3001 1960 3083 quia
1993 3001 2138 3065 Iovi
2182 3007 2438 3066 sacrata
2471 3006 2576 3064 est

614 3107 891 3168 quercus
908 3111 953 3164 ,·
987 3106 1105 3152 seu
1165 3086 1336 3169 quod
1390 3086 1649 3153 facilem
1707 3091 1856 3166 [pag.
1900 3091 2047 3165 137]
2104 3084 2300 3149 militi
2354 3084 2574 3151 cibum

614 3179 761 3236 tum
802 3172 1067 3254 passim,
1112 3179 1254 3237 tum
1296 3173 1665 3256 promptius
1709 3171 2005 3238 exhibet:
2052 3192 2170 3236 seu
2205 3171 2361 3254 quia
2398 3171 2576 3235 inter

614 3277 841 3322 omnes
885 3257 1242 3341 sylvestres
1287 3259 1554 3324 arbores
1597 3257 2028 3337 fertilissima,
2086 3279 2169 3323 ex
2212 3277 2343 3340 qua
2389 3254 2574 3323 cibus

615 3341 889 3427 glandes
906 3394 923 3422 ,
969 3352 1162 3426 potus
1203 3343 1521 3424 mulsum,
1576 3344 1920 3411 obsonium
1963 3344 2140 3411 ferae
2195 3352 2393 3427 atquc
2453 3342 2572 3406 ali—
2620 3388 2626 3420 ,

4502 337 4620 399 144

2619 555 2626 588 ι
2673 533 2772 591 tes
2817 526 3168 610 glandibus
3209 537 3452 609 pastae.
3541 527 3779 592 Fiebat
3820 535 3887 592 et
3928 547 4014 591 ex
4055 526 4233 602 ilice,
4290 522 4466 608 quod
4506 543 4619 608 ge-

2674 633 2799 677 nus
2842 613 3158 696 superiori
3193 614 3585 697 proximum'
3612 623 3726 678 est.
3784 612 3913 678 'Ius
3948 619 4170 676 autem
4212 611 4457 676 civicae
4492 631 4620 674 nou

2674 705 2920 762 temere
2963 698 3484 781 pei-mittebatur,
3527 700 3654 763 nisi
3697 700 3755 763 is
3798 698 3907 781 qui
3954 703 4255 763 servatus
4298 705 4460 771 erat,
4508 715 4621 780 ag-

2674 794 2971 849 nosceret
3012 806 3207 850 suum
3251 797 3667 850 servatorem.
3759 782 3895 864 Qui
3948 793 4172 849 tamen
4225 781 4281 847 si
4338 800 4474 847 non
4516 782 4621 845 in-

2673 890 2886 953 genue
2928 870 3277 949 fatebatur,
3336 870 3589 955 legibus
3634 869 3988 955 cogebatur
4031 868 4116 933 ad
4160 866 4333 932 hanc
4372 867 4625 934 confes-

2674 955 2942 1032 sionem,
2989 966 3067 1020 ut
3108 963 3391 1021 testatur
3433 956 3666 1022 Cicero
3711 957 3782 1019 in
3825 955 4123 1021 oratione
4166 974 4286 1036 pro
4329 952 4621 1019 Plancio.

2673 1041 2985 1106 Lucanus
3029 1041 3198 1107 libro
3240 1042 3325 1106 I.:

2880 1143 3088 1197 Servati
3124 1146 3254 1199 civis
3287 1145 3614 1224 referentem
3647 1145 3887 1211 praemia
3921 1158 4194 1211 quercum.

2672 1228 2781 1293 Ad
2821 1230 3007 1296 'hanc
3059 1228 3560 1295 similitudinem
3603 1229 3991 1296 Caesaribus
4046 1229 4247 1292 etiam
4292 1225 4627 1292 defereba-

2673 1324 2782 1380 tur
2824 1317 3089 1381 nomine
3133 1316 3434 1393 civitatis,
3479 1317 3666 1399 quasi
3711 1316 3969 1401 generis
4013 1312 4288 1377 humani
4334 1321 4629 1379 servato-

2672 1401 2874 1478 ribus,
2920 1413 3190 1485 eratque
3233 1403 3305 1467 in
3346 1401 3639 1484 postibus
3680 1402 3907 1485 palatii
3951 1420 4269 1482 suspensa
4302 1399 4491 1482 quasi
4523 1399 4629 1463 in-

2672 1488 2859 1571 signe
2902 1488 3303 1555 clementiae.
3387 1487 3583 1569 Quod
3625 1487 3732 1553 hic
3776 1486 3985 1551 obiter
4028 1485 4376 1568 designare
4423 1484 4631 1549 voluit

2674 1572 2944 1639 Seneca.
3013 1573 3324 1639 Valerius
3368 1572 3536 1644 libro
3577 1574 3699 1638 11:
3762 1572 4115 1638 Caeterum
4174 1570 4258 1635 ad
4311 1583 4633 1652 quercum

2673 1680 2918 1742 pronae
2972 1681 3209 1725 manus
3267 1661 3722 1743 porriguntur,
3791 1659 3905 1724 ubi
3963 1657 4041 1723 ob
4098 1656 4275 1722 cives
4332 1665 4631 1722 servatos

2677 1766 2915 1811 corona
2958 1744 3173 1811 danda
3213 1753 3329 1822 est,
3374 1766 3503 1827 qua
3545 1760 3766 1828 postes
3811 1750 4131 1829 augustae
4175 1740 4410 1807 domus
4455 1763 4631 1806 sem-

2672 1832 2931 1913 piterna
2986 1831 3195 1915 gloria
3249 1830 3675 1913 triumphant.
3767 1827 4046 1896 Ovidius
4100 1828 4416 1892 'Pr-istium
4463 1827 4629 1892 HL:

2739 1932 2825 1986 En
2861 1933 3051 1988 domus
3086 1935 3239 2002 haec,
3278 1933 3403 2002 dixi,
3437 1933 3582 1989 Iovis
3619 1943 3730 1987 est:
3769 1933 3914 2001 quod
3952 1941 4010 1987 ut
4047 1948 4167 1986 esse
4205 1938 4470 1999 putarem,

2879 2001 3170 2071 Augurium
3205 2005 3369 2057 menti
3406 2018 3609 2071 querna
3646 2018 3848 2057 corona
3886 2001 4068 2055 dabat.

2671 2087 2884 2154 Paulo
2928 2098 3106 2171 post:

2846 2190 3128 2260 Causaque
3168 2194 3482 2260 suppositae
3520 2193 3723 2260 scripto
3761 2197 3995 2245 testante
4036 2205 4269 2245 coronae

2983 2260 3240 2315 Servatos
3280 2262 3425 2315 cives
3462 2261 3662 2314 iudicat
3696 2260 3855 2314 huius
3893 2275 4015 2327 ope.

2675 2360 2869 2444 Quod
2912 2371 3136 2429 autem
3191 2364 3300 2430 hic
3344 2362 3599 2431 Seneca
3640 2363 3922 2430 civicam.
3956 2363 4127 2428 dixit
4169 2363 4310 2428 sine
4354 2360 4633 2440 adiecto,

2674 2448 2967 2532 loquutio
3010 2457 3111 2516 est
3155 2448 3492 2516 autoribus
3533 2449 3894 2528 familiaris,
3939 2450 4125 2515 cuius
4158 2446 4371 2513 multa
4405 2467 4637 2513 exem-

2673 2534 2784 2617 pla
2828 2533 3002 2618 apud
3045 2535 3345 2601 Plinium
3388 2542 3456 2600 et
3498 2535 3914 2601 Suetonium.
3982 2533 4322 2618 Vergilius
4365 2543 4639 2617 praeter

2675 2619 2953 2686 aliorum
2996 2641 3250 2686 morem
3291 2620 3549 2688 civilem
3593 2620 3765 2685 dixit
3806 2618 4134 2687 Aeneidos
4167 2617 4315 2683 VL:

2849 2725 2923 2776 At
2958 2724 3049 2790 qui
3085 2724 3331 2778 umbrata
3364 2731 3558 2793 gerunt
3593 2724 3734 2778 civili
3768 2732 4017 2793 tempora
4053 2737 4272 2793 quercu.

2853 2808 3000 2873 Non
3017 2807 3270 2873 hostilia
3288 2829 3473 2874 arma
3504 2811 3777 2876 detracta
3844 2808 4051 2890 Quasi
4088 2808 4333 2874 diceret
4370 2806 4644 2874 nullum

2678 2893 3091 2976 triumphum
3159 2895 3716 2978 aequiparandum
3824 2896 3976 2961 uius
4039 2913 4316 2961 coronae
4381 2893 4642 2959 decori:

2678 2978 3226 3063 quemadmodum
3270 2980 3492 3066 Scipio
3545 2981 3833 3048 dictabat
3875 3004 3945 3048 se
3987 2981 4184 3048 malle
4236 3002 4450 3046 unum
4492 3001 4645 3047 ser-

2677 3087 2837 3131 vare
2880 3065 3109 3145 civem,
3153 3087 3351 3150 quam
3396 3067 3576 3134 mille
3616 3068 3838 3135 hostes
3882 3067 4192 3135 occidere.

2850 3169 3026 3235 Haec
3076 3170 3298 3236 divina
3340 3170 3651 3258 potentia]
3721 3172 3866 3238 Hoc
3932 3172 4194 3238 schema
4257 3168 4648 3237 rhetoribus

2679 3253 3134 3339 παραδιαστολῆ
3177 3265 3464 3335 vocatur,
3521 3255 3685 3323 duas
3739 3278 3847 3323 res
3891 3266 4010 3323 aut
4050 3256 4275 3341 plures
4319 3276 4489 3337 quae
4539 3257 4650 3323 vi-

2680 3340 2921 3406 dentur
2962 3363 3163 3407 unam
3207 3344 3341 3407 vim
3385 3341 3646 3419 habere,
3694 3341 4093 3428 disiungens.

2262 3514 2463 3569 snus
2501 3513 2710 3595 LIBRI
2746 3489 2982 3567 Pam}

1648 4100 1674 4126 ·
1867 4066 1979 4164 L.
2045 4016 2628 4165 AN‘NAm

1575 4254 1709 4387 D
1781 4254 1902 4387 E

617 4082 766 4158 [pag.
786 4085 959 4157 aas]
1056 4061 1061 4067 ’

2695 4063 3402 4165 SENECAE

2028 4251 3665 4453 oLEMENTIA

2028 4475 2158 4542 AD
2201 4474 2264 4541 N
2266 4474 2664 4542 ERONEM
2706 4472 3216 4541 CAESAREM

2288 4647 2509 4702 LIBER
2543 4645 2940 4701 SECUNDUS.
3071 4663 3078 4669 ·

1386 4833 1688 4901 CAPUT
1731 4836 1784 4901 I.

796 4969 879 5037 Ut
920 4970 1351 5036 dementia
1392 4971 1735 5051 scriberem,
1784 4973 1955 5039 Nero
1994 4973 2248 5053 Caesar,
2292 4994 2426 5040 una
2468 4994 2566 5039 me

610 5142 855 5208 ratione
909 5147 1203 5224 dquam
1254 5142 1559 5208 diceretur
1600 5142 1858 5209 audisse
1900 5146 2187 5225 mentioni,
2245 5145 2565 5212 &demde

609 5226 764 5305 aliis
802 5247 1123 5294 narrasse.
1202 5227 1419 5294 Vocem
1454 5248 1832 5313 qenerosam,
1879 5232 2097 5315 maym’
2127 5232 2351 5309 antinoi,
2394 5251 2568 5315 may·

2613 4803 2787 4887 luae
2828 4802 3124 4879 lenitatis,
3168 4820 3326 4883 quae
3368 4821 3492 4865 non
3533 4802 3885 4882 conwosita,
3930 4822 4036 4868 nec
4084 4802 4310 4868 alieni-s
4352 4804 4667 4874 auribus

2667 4889 2821 4953 data
2861 4886 4488 4970 mcbitoorepuit‚.etbonitatemtuammforwna
4530 4897 4666 4958 tua

2667 4973 3013 5056 utiqaemtem
3043 4972 3117 5035 v'n
3148 4971 3425 5037 „tedium
3454 4972 3741 5039 adduxit.
3809 4972 4400 5051 Aninmdversumcs
4431 4976 4516 5041 in
4553 4974 4666 5045 ld-

2666 5064 2871 5123 &roms
2901 5057 3061 5122 duos
3081 5054 3347 5123 Burrus
3370 5058 3733 5141 praefectus
3759 5063 3922 5139 mos,
3957 5061 4061 5125 vir
4093 5060 4394 5145 ῳνσρίω,
4430 5067 4496 5128 et
4525 5065 4664 5130 tibi

2659 5143 3723 5227 pmoipinotus,eoeiyebatate,
3767 5145 4394 5228 scribere-sium,
4450 5153 4518 5212 et
4569 5170 4665 5216 ea·

2668 5249 2794 5311 qua
2835 5247 3031 5294 causa
3077 5228 3494 5295 animadversi
3535 5230 3735 5297 velles.
3825 5230 3961 5297 Hoc
4015 5252 4197 5314 saepe
4238 5230 4526 5299 dilatum
4579 5244 4668 5303 ut
