4984 5975
65 5086 75 5173 *nu-—

602 311 688 374 23
2237 301 2366 397 DE
2410 300 2955 394 CLEMENHA
4247 325 4262 377 4
4510 299 4592 365 24

603 497 715 563 nis
752 496 824 562 in
866 495 1158 562 oratione
1199 514 1318 578 pro
1361 492 1611 559 Coelio:
1669 493 1817 558 Nisi
1857 492 2018 558 mihi
2065 489 2549 556 intercederent

606 581 984 649 inimicitiae
1029 601 1178 647 cum
1224 579 1414 644 istius
1446 575 1758 645 'mulieris
1800 577 1941 646 viro
1957 628 1974 657 ,
2018 578 2291 642 stati-em
2335 573 2548 643 dicere

609 668 802 736 volui.
903 665 1299 748 Quanquam
1354 665 1516 730 haec
1571 664 1886 747 peculiari
1940 663 2204 728 nomine
2250 665 2397 740 [pag.
2442 675 2467 724 1
2485 665 2547 741 1]

611 749 956 837 σαρκασμός
998 750 1236 816 dicitur
1274 771 1315 815 a
1355 750 1527 815 Iulio
1569 749 1944 815 Rufiniano.

785 838 980 903 Nemo
1031 856 1153 901 non
1195 837 1299 902 σιω·
1354 836 1490 922 alia
1531 833 1760 935 desint]
1820 832 2043 916 Quum
2100 834 2267 900 alter
2321 832 2549 916 plecti-

609 931 749 1000 tur,
797 922 964 988 alter
1009 941 1259 1005 poenae
1303 920 1641 1000 eximitur,
1684 921 1865 987 dicas
1907 940 2041 986 non
2085 927 2221 985 tam
2267 918 2551 986 clemen-

609 1010 771 1074 tiam
817 1028 977 1086 esse,
1021 1028 1220 1090 quam
1260 1005 1497 1074 iudicis
1540 1006 1782 1073 sordes.
1866 1005 1980 1072 Sic
2012 1006 2257 1072 nostris
2298 1012 2554 1088 tempo-

610 1096 792 1161 ribus
832 1093 1150 1159 iudicium
1193 1092 1358 1157 nihil
1403 1099 1503 1157 est
1542 1093 1670 1158 nisi
1709 1091 1967 1176 publica
2008 1111 2284 1157 merces:
2332 1092 2552 1173 Atque

610 1181 830 1264 Eques
882 1180 959 1243 in·
1008 1199 1204 1245 causa
1254 1179 1366 1262 qui
1420 1177 1628 1256 sedet,
1686 1184 1906 1260 empta
1958 1178 2209 1260 probat.
2298 1176 2553 1241 Verum

610 1266 721 1332 ubi
765 1266 965 1330 iudex
1008 1265 1147 1348 agit
1188 1285 1271 1330 ex
1314 1284 1517 1347 aequo
1560 1284 1709 1329 cum
1766 1262 2071 1328 omnibus
2114 1262 2550 1346 indulgenter,

609 1372 842 1418 verum
883 1352 1209 1434 specimen
1264 1348 1534 1432 praebet
1575 1368 1731 1414 suae
1770 1347 2318 1415 mansuetudinis.
2405 1347 2553 1413 Hoc

612 1458 768 1521 ergo
811 1436 997 1520 quasi
1035 1456 1153 1519 per
1193 1435 1459 1501 modum
1483 1435 1922 1518 occupationis
1944 1433 2388 1517 accipiendum
2433 1440 2551 1512 est,

612 1520 786 1606 quod
841 1521 998 1588 dicit
1051 1528 1188 1585 tam
1245 1521 1565 1586 senectuti
1618 1540 1812 1604 quam
1858 1519 2337 1586 adulescentiae
2353 1570 2369 1597 ‚
2416 1525 2553 1583 tam

608 1607 969 1673 humilitati
1011 1627 1207 1690 quam
1250 1605 1572 1672 nobilitati
1616 1607 1819 1672 fuisse
1862 1603 2034 1689 apud
2078 1627 2149 1671 se
2184 1604 2414 1672 veniae
2456 1604 2553 1670 lo-

612 1714 778 1760 cum.
869 1691 1376 1775 occupationem
1433 1699 1652 1757 autem
1693 1691 2020 1776 intellige,
2086 1697 2164 1757 ut
2206 1689 2380 1773 apud
2421 1690 2553 1755 Fa·

609 1775 794 1843 bium
836 1777 945 1843 lib.
991 1778 1112 1843 IV.
1170 1778 1480 1860 quoniam
1524 1777 1822 1843 Ciceroni
1880 1776 2055 1842 aliud
2113 1777 2440 1860 significat
2481 1775 2553 1840 in

607 1864 996 1930 Rhetoricis.
1088 1860 1338 1929 Sensus
1383 1864 1538 1927 erit:
1586 1863 1721 1928 Alii
1761 1861 2041 1946 quidem*
2059 1862 2343 1927 afferunt
2376 1881 2552 1927 com-

607 1948 1091 2015 mendationem
1137 1948 1420 2014 familiae
1463 1956 1529 2013 et
1567 1948 1949 2014 nobilitatis:
1991 1948 2100 2012 alii
2134 1948 2381 2014 virtute
2416 1947 2553 2013 bel-

606 2035 733 2102 lica
775 2036 1055 2118 rapinas,
1102 2034 1460 2117 peculatus,
1505 2033 1827 2102 adulteria
1869 2033 2317 2117 deprecantur.
2385 2031 2551 2115 Qui-

610 2120 889 2186 busdam
958 2142 1076 2204 pro
1141 2118 1702 2186 commendatione
1764 2126 1863 2185 est
1927 2117 2370 2185 adulescentia
2434 2140 2549 2185 seu

612 2208 733 2271 flos
791 2204 1041 2271 aetatis.
1141 2206 1286 2290 Ego
1329 2225 1484 2270 vero
1541 2224 1768 2271 causas
1820 2204 1985 2276 mihi
2029 2226 2172 2271 sum
2219 2225 2550 2271 commen-

613 2299 720 2357 tus
737 2343 752 2370 ,
810 2290 1044 2374 quibus
1084 2310 1343 2374 possem
1389 2290 1690 2358 omnibus
1747 2309 2140 2357 succurrere.
2229 2289 2552 2357 Nobilitas

613 2378 757 2460 ipsa
807 2397 924 2459 per
978 2398 1047 2442 se
1102 2385 1243 2441 erat
1296 2375 1713 2455 venerabilis,
1782 2374 1897 2441 sed
1950 2376 2159 2460 plebis
2211 2376 2550 2442 humilitas

612 2461 1119 2529 misericordiam
1163 2462 1542 2527 concitabat.
1622 2461 1922 2548 Diversis
1963 2461 2328 2527 rationibus
2369 2463 2550 2527 favo-

612 2570 754 2613 rem
810 2546 1249 2613 merebantur.
1338 2547 1683 2612 Iuventuti
1736 2548 2028 2614 favorem
2073 2545 2391 2623 debitum,
2449 2569 2550 2614 se-

612 2635 860 2699 nectuti
902 2635 1332 2699 reverentiam
1380 2632 1693 2715 praestiti.
1758 2633 2101 2699 Postremo
2146 2633 2325 2697 omni
2363 2653 2552 2715 prae-

615 2719 779 2785 sidio
836 2719 1213 2799 destitutos,
1270 2717 1564 2784 homines
1607 2718 1842 2783 saltem
1891 2739 2031 2784 esse
2073 2719 2372 2797 memini,
2432 2739 2565 2784 no·-

615 2805 814 2869 minis
856 2804 1241 2888 cognatione
1277 2803 1356 2868 ad
1391 2825 1496 2869 me
1530 2805 1960 2889 pertinentes:
2006 2804 2554 2889 quemadmodum

618 2890 712 2955 ait
756 2891 1192 2974 Augustinus:
1248 2889 1732 2973 Persequamur
1779 2890 1852 2954 in
1896 2891 1991 2955 eis
2043 2890 2372 2974 propriam
2428 2890 2554 2954 ini-

526 3006 527 3013 *
618 2976 932 3059 quitatem
948 3028 964 3054 ,
1019 2975 1447 3041 misereamur
1500 2997 1911 3043 communem
1959 2983 2279 3041 naturam.
2368 2976 2555 3042 Nihil

619 3082 774 3146 ergo
848 3054 1087 3126 *rivatis
1130 3060 1362 3127 studiis
1405 3082 1796 3140 concessum,
1842 3061 2009 3126 nihil
2052 3061 2366 3129 sordibus.

843 3150 901 3213 ie
942 3168 1039 3211 me
1080 3148 1377 3227 custodio,
1423 3148 1721 3230 taaetqudm
1763 3145 2026 3234 leyibus]
2072 3148 2267 3213 Bene
2299 3147 2552 3226 adiecit,

618 3241 958 3315 tanquam:
1004 3233 1155 3316 quia
1194 3234 1498 3316 princeps
1541 3233 1801 3316 quidem
1837 3233 2092 3317 legibus
2139 3233 2391 3299 solutus
2425 3242 2551 3299 est:

620 3314 733 3384 sed
778 3318 977 3403 digna
1019 3338 1149 3383 vox
1193 3326 1292 3383 est
1331 3320 1669 3384 maiestate
1710 3320 2066 3403 regnantis,
2109 3319 2362 3404 legibus
2410 3320 2552 3384 alli-

548 3418 555 3423 ·
615 3410 845 3489 gatum
888 3426 976 3483 se,
1022 3403 1381 3486 principem
1413 3404 1619 3470 fateri.
1706 3405 1801 3470 Et
1852 3427 1926 3470 re
1964 3426 2124 3470 vera
2174 3406 2385 3470 maius
2426 3407 2551 3469 im-

614 3490 797 3573 perio
845 3498 945 3555 est
987 3489 1365 3555 submittere
1403 3489 1654 3576 legibus
1696 3491 2158 3573 principatum:
2217 3499 2293 3555 ut
2334 3499 2437 3556 est
2478 3492 2552 3555 in

616 3577 930 3658 rescripto
973 3575 1193 3640 Valer.
1250 3584 1315 3640 et
1358 3575 1671 3641 Theodos.
1719 3575 1791 3642 C.
1844 3576 1925 3641 de
1977 3577 2167 3661 legib.
2215 3583 2283 3642 et
2333 3577 2404 3641 in
2448 3597 2553 3642 re-

617 3662 860 3745 scripto
924 3659 1156 3727 Severi
1220 3670 1283 3726 et
1341 3663 1656 3726 Antonini
1712 3662 1980 3747 legitur:
2054 3663 2242 3728 Licet
2294 3662 2553 3746 legibus

619 3746 864 3812 subditi
907 3767 1039 3812 non
1081 3747 1303 3825 simne,
1348 3747 1600 3831 legibus
1642 3757 1862 3813 tamen
1904 3749 2204 3813 vivimus.
2296 3748 2553 3814 Plinius
2652 3728 2664 3751 .

618 3833 688 3896 in
740 3833 1179 3916 Panegyrico:
1236 3831 1601 3899 Adsuescat
1661 3833 2016 3916 imperator
2068 3855 2217 3913 cum
2279 3835 2553 3917 imperio

621 3916 938 3983 calculum
981 3938 1244 4000 ponere3
1291 3919 1384 3983 sic
1426 3926 1636 3998 exeat,
1681 3918 1775 3985 sic
1818 3918 2056 3996 redeat,
2101 3926 2412 4002 tanquam
2446 3941 2554 3985 ra-

621 4004 864 4066 tionem
905 4002 1296 4084 redditurus,
1342 4004 1556 4071 edicat
1597 4003 1752 4087 quid
1791 4005 2253 4090 absumpserit;
2296 4007 2390 4070 ita
2422 4007 2554 4081 fiet,

621 4096 698 4152 ut
738 4106 869 4151 non
914 4088 1215 4154 absumat
1255 4089 1422 4173 quod
1468 4088 1712 4173 pudeat
1745 4089 1973 4155 dicere.
2064 4090 2263 4156 Item:
2311 4092 2412 4156 Tu
2452 4090 2556 4154 ni-

621 4171 720 4238 hil
779 4172 1058 4256 amplius
1110 4176 1211 4240 vis
1266 4176 1383 4240 tibi
1437 4176 1659 4254 licere,
1712 4195 1908 4258 quam
1961 4177 2165 4242 nobis.
2261 4175 2326 4241 Ν
2327 4197 2410 4241 on
2456 4183 2572 4240 est

621 4258 923 4410 grinceps
990 4280 1189 4342 supra
1238 4259 1417 4345 leges
1432 4313 1448 4339 ,
1516 4258 1629 4326 sed
1686 4260 1863 4346 leges
1917 4282 2116 4344 supra
2170 4262 2553 4346 principem.

676 4343 737 4410 ic
780 4343 978 4408 etiam
1020 4345 1365 4430 Augustus
1399 4346 1888 4412 ratiocinarium
1930 4348 2186 4431 imperii
2220 4348 2288 4412 in
2325 4354 2558 4413 senatu

514 4518 521 4523 ι
621 4429 970 4513 proposuit.
1035 4431 1246 4495 Autor
1286 4432 1721 4515 Tranquillus.
1788 4432 2137 4498 Rationem
2180 4433 2397 4517 accipe
2438 4454 2575 4518 pro⁴

624 4522 944 4598 computo,
987 4522 1064 4581 ut
1105 4516 1342 4601 vulgus
1384 4517 1681 4600 loquitur.

801 4600 970 4682 Quas
1025 4621 1101 4665 ex
1159 4602 1362 4667 abdito
1411 4604 1483 4668 in
1525 4604 1717 4669 lucem
1766 4602 2149 4691 revocamus]
2207 4604 2450 4671 Tiberii
2490 4611 2557 4671 et

625 4685 964 4771 Caligulae
1020 4696 1313 4770 tempora
1371 4690 1609 4772 tangit,
1678 4691 1798 4756 sub
1855 4690 2091 4773 quibus
2145 4691 2292 4756 iura
2344 4700 2409 4757 et
2459 4692 2554 4758 le-

623 4792 740 4856 ges
782 4770 1189 4838 exsulabant.
1279 4771 1454 4838 Nam
1496 4775 1795 4843 Tiberius
1834 4783 1984 4861 post
2026 4775 2399 4842 simulatam
2434 4777 2554 4843 ali-

623 4856 934 4940 quamdiu
996 4856 1385 4940 probitatem
1406 4911 1421 4938 ,
1500 4860 1569 4923 in
1626 4883 1816 4927 omne
1880 4860 2285 4928 crudelitatis
2346 4880 2555 4948 genus

625 4943 864 5025 erupit:
924 4942 1228 5094 caliigma
1282 4965 1536 5027 semper
1590 4948 1690 5011 sui
1735 4949 1996 5029 similis,
2048 4969 2387 5031 nunquam
2428 4951 2553 5013 im-

620 5028 1010 5110 probitatem
1095 5029 1496 5096 issimulavit.
1555 5030 1618 5099 N
1622 5053 1694 5098 ec
1735 5034 2082 5118 imperium
2117 5033 2390 5099 Claudii·
2413 5055 2555 5101 cor-

620 5126 850 5195 ruptos
914 5135 1127 5181 mores
1191 5114 1275 5180 ad
1336 5115 1673 5181 meliorem
1727 5118 2139 5203 disciplinam
2202 5121 2552 5191 revocavit.

618 5199 889 5267 Primus
931 5200 1133 5286 igitur
1173 5199 1349 5266 Nero
1392 5201 1588 5267 rebus
1629 5200 1831 5286 lapsis
1872 5226 2062 5289 opem
2102 5205 2270 5270 tulit.

2825 488 3110 555 Alterius
3144 490 3591 574 aetateprima
3622 494 3822 556 meme
3852 509 4008 568 sunt,
4054 486 4590 576 alteriueultae'ma]

2651 572 3155 641 Adulescentiae
3188 596 3325 641 non
3360 574 3570 641 solum
3607 579 3755 655 [pag.
3795 590 3820 638 1
3834 580 3899 655 2]
3937 594 4071 640 non
4104 572 4453 651 invidetur,
4489 574 4592 638 in-

2655 659 2797 742 quit
2839 658 3068 726 Cicero
3112 659 3300 727 Offic.
3339 660 3451 740 11„
3488 682 3719 727 verum
3762 662 3962 726 etiam
4003 660 4280 726 favetur.
4359 659 4453 724 Et
4487 679 4589 725 se-

2655 746 2897 811 nectuti
2944 747 3303 830 antiquitus
3344 746 3612 830 plurimi
3655 746 3936 811 honores
3979 744 4188 811 habiti
4230 752 4414 822 sunt,
4459 752 4597 810 tam

2653 830 3263 982 ppblicismmoribus
3279 883 3294 910 ,
3309 853 3549 985 &ulam
3595 832 3869 982 prigatis
3912 831 4156 933 officiis.
4244 830 4598 982 1⁸⁵me

2655 936 4367 1001 oservarmaurius,uperpnmamae
4579 966 4594 993 ,

2652 997 2998 1085 pueritiam
3038 1002 3436 1089 intelligant:
3472 1025 3594 1087 per
3626 1004 3944 1082 ultimam,
3971 1010 4391 1069 senectutem.
4459 1000 4597 1068 Sed

2653 1088 2951 1171 singulae
2976 1096 3242 1155 aetates
3285 1090 3606 1155 trifariam
3650 1088 4052 1168 dividuntur,
4096 1096 4174 1154 ut
4215 1088 4403 1155 docet
4436 1086 4598 1154 Ser-

2654 1174 2800 1239 vius
2843 1175 2913 1256 in
2948 1176 3176 1257 quinto
3215 1174 3682 1241 commentario
3717 1173 4071 1241 Aeneidos:
4119 1181 4196 1239 ut
4236 1175 4324 1240 sit
4364 1175 4599 1257 prima,

2652 1258 2901 1338 viridis,
2949 1258 3203 1339 adulta,
3250 1269 3316 1325 et
3355 1280 3683 1343 praeceps.
3773 1259 3932 1325 Ideo
3973 1260 4254 1344 primam
4300 1267 4601 1326 senectu-

2658 1353 2792 1410 tem
2848 1354 2915 1410 et
2970 1353 3337 1412 extremam
3379 1346 3725 1430 pueritiam
3783 1366 3974 1428 saepe
4016 1346 4314 1430 legimus.
4405 1344 4606 1412 Salu-

2657 1431 2850 1497 stius:
2875 1431 3294 1498 Mithridates
3318 1438 3616 1497 extrema
3637 1432 3923 1514 pueritia
3944 1452 4224 1582 regnum
4244 1431 4604 1516 ingressus,

2655 1523 2869 1582 matre
2913 1539 3032 1583 sua
3075 1538 3326 1583 veneno
3369 1517 3728 1583 interfecta.
3788 1517 3996 1582 Iuven
4063 1517 4120 1582 is
4156 1515 4402 1602 Satyra
4435 1516 4604 1582 III.:

2860 1619 3003 1674 Dum
3035 1637 3176 1675 nova
3213 1620 3452 1688 canities,
3489 1619 3613 1674 dum
3648 1621 3822 1689 prima
3856 1628 3914 1673 et
3946 1626 4097 1674 recta
4133 1626 4398 1676 senectus.

2824 1704 3054 1770 ,Alium
3108 1705 3402 1789 diqua‘tati
3464 1706 3719 1786 donavi,
3787 1706 3990 1772 alium
4046 1704 4417 1792 humilitati]
4489 1705 4606 1773 Sic

2655 1790 2838 1856 alibi:
2886 1791 3136 1856 Filium
3178 1791 3410 1856 matris
3451 1791 3758 1876 lacrymis
3803 1791 4083 1857 donabit.
4173 1792 4321 1858 Hac
4362 1791 4602 1876 loquu-

2653 1873 2830 1941 tione
2873 1878 3148 1957 utimur,
3205 1898 3405 1960 quum
3448 1876 3632 1942 indul
3681 1885 3827 1942 etur
3867 1877 4064 1942 venia
4105 1878 4442 1943 confitenti
4488 1878 4602 1945 de-

2652 1961 2900 2028 lictum.
2989 1962 3225 2028 Livius
3267 1961 3410 2027 libr.
3456 1962 3579 2028 11.:
3702 1984 3860 2028 num
3912 1961 4036 2028 sibi
4090 1964 4328 2043 civem,
4387 1986 4601 2029 unum

2652 2055 3019 2114 senatorem
3059 2049 3111 2114 si
3155 2050 3573 2114 innocentem
3615 2047 3951 2114 absolvere
3994 2047 4272 2128 nollent,
4316 2071 4436 2134 pro
4481 2072 4601 2116 no-

2652 2141 2839 2200 cente
2892 2133 3139 2206 darent.
3229 2133 3414 2199 Idem
3468 2134 3577 2200 lib.
3622 2134 3778 2199 III.:
3835 2134 4021 2200 Inter
4074 2134 4193 2200 hos
4247 2136 4325 2200 L.
4385 2133 4601 2217 Quin-

2653 2219 2834 2297 tius,
2874 2221 2979 2286 cui
3035 2219 3426 2286 Cincinnato
3482 2240 3843 2305 cognomen
3893 2227 4065 2301 erat,
4121 2240 4256 2285 non
4296 2220 4600 2288 iterando

2651 2302 2907 2383 laudes,
2966 2328 3047 2370 ne
3102 2305 3465 2372 cumularet
3520 2305 3869 2385 invidiam,
3926 2306 4037 2372 sed
4085 2306 4346 2372 veniam
4389 2309 4603 2372 errori

2654 2397 2852 2474 atquc
2922 2391 3401 2457 adulescentiae
3474 2389 3755 2474 petendo
3821 2391 3973 2472 sibi,
4040 2393 4153 2476 qui
4213 2413 4344 2456 non
4401 2391 4600 2473 dicto,

2654 2496 2786 2541 non
2859 2477 3027 2543 facto
3102 2498 3472 2562 quenquam
3533 2475 3941 2557 offendisset,
4023 2486 4098 2542 ut
4151 2475 4606 2544 condonarent

2652 2561 2861 2626 filium
2879 2613 2894 2640 ,
2950 2563 3192 2627 orabat.
3280 2562 3468 2628 Idem
3513 2561 3620 2627 lib.
3667 2563 3889 2628 VIIL:
3936 2563 4121 2629 Bene
4166 2564 4391 2643 habet,
4440 2564 4606 2632 vicit

2656 2646 2995 2730 disciplina
3035 2648 3371 2728 militaris,
3427 2649 3586 2714 vicit
3626 2649 3884 2731 imperii
3928 2650 4258 2727 maiestas,
4314 2669 4484 2732 quae
4529 2651 4604 2720 in

2658 2732 3027 2798 discrimine
3083 2735 3352 2799 fuerunt
3406 2755 3490 2800 an
3547 2733 3682 2797 ulla
3736 2742 3880 2817 post
3922 2735 4095 2800 hanc
4140 2734 4310 2800 diem
4355 2744 4598 2802 essent.

2611 2833 2616 2838 ·
2655 2819 2803 2882 Non
2847 2838 3058 2885 noxae
3101 2819 3413 2885 eximitur
3456 2818 3535 2901 Q.
3577 2818 3843 2900 Fabius,
3867 2822 3996 2903 ,qui
4040 2828 4267 2886 contra
4309 2821 4605 2887 edictum

2636 2904 3065 2988 >imperatoris
3109 2906 3458 2990 pugnavit:
3506 2905 3617 2971 sed
3663 2926 3875 2970 noxae
3899 2904 4264 2987 damnatus,
4312 2906 4601 2973 donatur

2657 2991 2889 3074 populo
2947 3002 3241 3069 roman0,
3308 2991 3588 3057 donatur
3642 2991 4022 3058 tribunitiae
4088 2994 4391 3077 potestati
4446 3016 4602 3077 pre-

2656 3079 2922 3156 carium,
2969 3097 3101 3141 non
3145 3078 3391 3142 iustum
3435 3078 3783 3161 imperium
3809 3078 4074 3142 *foi-enti.
4377 3148 4380 3157 ,

2828 3162 3033 3228 Hodie
3066 3163 3195 3228 diis
3225 3161 3704 3263 immortalibus]
3742 3163 3837 3258 Ut
3953 3164 4148 3247 pulus
4184 3185 4252 3231 se
4288 3164 4372 3230 ad
4417 3167 4607 3249 prin-

2657 3248 2817 3332 cipis
2893 3249 3298 3314 voluntatem
3369 3256 3801 3332 attemperare
3853 3292 3857 3297 -
3911 3249 4083 3329 ebet,
4160 3252 4256 3314 ita
4315 3252 4607 3337 principi

2655 3334 3157 3417 providendum,
3223 3343 3300 3399 ut
3353 3335 3510 3399 Iove
3635 3335 3911 3418 deosque
3973 3337 4287 3420 propitios
4341 3336 4606 3403 habeat.

2655 3419 2829 3485 Nam
2873 3421 2995 3487 hoc
3040 3422 3370 3504 eleganter
3413 3419 3496 3485 ab
3606 3420 3810 3486 oratio
3855 3421 4098 3487 dictum
4142 3430 4265 3488 est:

2964 3522 3168 3592 Regum
3204 3522 3560 3578 timendorum
3592 3524 3644 3577 in
3682 3524 3934 3593 proprios
3969 3539 4176 3605 gregeS,

2960 3590 3139 3713 {fagi-is
3172 3591 3224 3672 in
3260 3593 3410 3714 iptzgs
3423 3591 3721 3714 tit-imperi&
3757 3598 3842 3647 est
3874 3591 4034 3662 Iovis,

2964 3676 3806 3797 Guncffffiercssiouffivetitis.

2658 3830 3044 3897 Consideret
3100 3850 3254 3915 ergo
3306 3831 3636 3915 princeps,
3695 3853 3734 3896 a
3778 3830 3900 3896 diis
3952 3832 4174 3916 populi
4229 3842 4608 3917 susceptam

2659 3915 3286 3982 administrationem
3300 3968 3316 3996 ‚
3383 3923 3450 3981 et
3511 3916 3596 3981 iis
3659 3916 3817 4000 ipsis
3883 3919 4199 3983 rationem
4252 3917 4609 4012 aliquando

2658 4001 3083 4091 reddendam:
3132 4009 3324 4086 atque
3368 4011 3442 4067 ut
3484 4007 3577 4068 ait
3617 4002 3909 4084 Theseus
3953 4003 4124 4086 apud
4162 4002 4486 4070 Senecam
4533 4007 4612 4071 in

2659 4087 2946 4154 Hercule
2989 4088 3274 4153 furente:
3313 4138 3322 4149 .

2966 4189 3136 4245 Iudex
3170 4189 3400 4258 futurus,
3436 4193 3690 4261 sanguine
3725 4192 3959 4246 humano
3995 4191 4203 4247 abstine

2967 4257 3276 4340 Quicunque
3312 4276 3524 4329 regnan,
3551 4260 3769 4329 „scelera
3803 4267 4059 4315 taxantur
4090 4234 4252 4315 modo

2964 4328 3173 4382 Maiore
3208 4335 3412 4384 nostra.
3431 4331 3473 4396 ι)

2836 4430 2912 4495 Si
2931 4433 3232 4496 rationem
3255 4452 3296 4495 a
3317 4452 3413 4495 me
3446 4429 3749 4518 repetant]
3796 4432 4048 4497 Allusit
4081 4431 4163 4496 ad
4198 4453 4448 4498 morem
4484 4455 4610 4499 an-

2661 4519 2936 4601 tiquum,
2978 4537 3106 4598 quo
3141 4537 3438 4583 censores
3482 4517 3563 4583 ab
3606 4518 3685 4583 iis
3727 4517 3835 4600 qui
3881 4519 4335 4602 magistratum
4499 4541 4610 4586 se-

2660 4611 2831 4683 rant,
2863 4604 3194 4667 rationem
3237 4603 3338 4666 sui
3381 4603 3804 4688 magistratus
3849 4605 4286 4687 reposcebant.
4426 4606 4610 4671 icero

2660 4680 2767 4755 lib.
2805 4688 2931 4753 III.
2979 4687 3059 4752 de
3103 4687 3423 4772 Legibus:
3477 4687 3675 4774 Apud
3718 4688 3975 4754 eosdem
4019 4710 4345 4768 censores,
4389 4689 4440 4754 ii
4489 4693 4611 4774 qui

2659 4776 3049 4860 magistratu
3094 4774 3390 4853 abierint,
3435 4774 3636 4840 edant
3676 4782 3744 4838 et
3785 4782 4116 4858 exponant
4147 4774 4304 4858 quid
4346 4768 4416 4839 in'
4459 4797 4611 4842 ma-

2661 4863 2933 4947 gistratu
2981 4859 3316 4943 gesserint.
3389 4860 3480 4923 Et
3511 4860 3941 4927 Proconsules
3979 4861 4260 4926 rationes
4294 4858 4379 4924 ad
4413 4881 4610 4928 aerae

2660 4949 2831 5013 rium
2874 4941 3262 5011 referebant.

2798 5218 2856 5288 1)
2896 5219 3006 5275 Ed.
3041 5219 3247 5273 Amet„-
3275 5226 3474 5275 vestra.
3546 5218 3642 5303 Sic
3672 5220 3834 5276 etiam
3869 5220 3987 5276 edd.
4023 5219 4441 5292 καρπαίαν-ιω.
