4984 5975
376 324 497 388 225

545 510 732 578 Haec
790 511 1059 576 nomina
1099 511 1328 576 mortis
1372 518 1439 576 et
1490 509 1736 575 inferni
1790 530 1925 574 non
1969 509 2164 573 aliam
2210 510 2325 574 ha-

376 600 530 665 bere
575 617 766 681 posse
809 597 1265 680 acceptionem,
1310 597 1384 660 in
1431 596 1728 662 versibus
1752 595 2168 661 Psalmorum
2207 599 2325 674 [fol.

379 689 488 764 45]
525 704 691 767 quos
726 682 1098 762 obtrudunt,
1145 691 1214 747 et
1245 683 1318 746 in
1352 683 1607 749 cantico
1640 681 1757 746 illo
1793 681 2136 760 Ezechiae,
2175 703 2325 746 con-

377 770 590 836 tendo.
659 769 877 852 Atque
916 766 984 833 id
1019 769 1213 834 certis
1249 769 1656 852 argumentis
1690 767 1904 833 evinci
1947 788 2133 850 posse
2169 787 2324 833 con-

376 858 584 922 firmo.
648 854 732 918 In
773 854 879 918 his
924 854 1099 919 enim
1143 853 1472 920 versibus:
1531 854 1596 918 N
1596 852 1868 936 nmquid
1908 853 2184 918 mortuis
2226 852 2324 917 fa-

376 943 505 1007 cies
544 939 889 1017 mirabilia,
928 951 1067 1018 eto„
1113 941 1304 1004 item:
1362 938 1550 1020 Quae
1594 939 1845 1004 utilitas
1889 938 1961 1002 in
2003 939 2326 1022 sanguine

377 1048 543 1106 meo,
589 1033 731 1104 etc„
787 1026 927 1091 sive
962 1023 1291 1105 Christus,
1338 1032 1534 1109 caput
1576 1022 1887 1102 fidelium,
1940 1024 2078 1090 sive
2121 1024 2324 1090 eccle-

377 1114 492 1192 sia,
540 1113 679 1177 eius
725 1133 977 1194 corpus,
1022 1110 1344 1193 loquitur:
1384 1118 1695 1189 mortem,
1743 1117 1822 1174 ut
1862 1132 2005 1175 rem
2047 1110 2326 1175 horribi-

374 1200 508 1264 lem
562 1218 639 1262 ac
690 1195 1137 1262 detestandam
1155 1246 1170 1276 ,
1232 1197 1477 1280 refugit
1535 1218 1609 1262 ac
1668 1195 2065 1279 deprecatur.
2134 1194 2328 1276 Quod

376 1287 576 1351 etiam
629 1284 786 1348 facit
827 1283 1144 1348 Ezechias
1198 1283 1269 1347 in
1324 1304 1442 1348 suo
1495 1283 1765 1347 cantico.
1845 1279 1984 1347 Cur
2038 1282 2131 1347 sic
2176 1281 2328 1345 hor-

376 1378 528 1436 rent
583 1368 666 1433 ad
722 1389 965 1433 nomen
1020 1369 1280 1446 mortis,
1336 1370 1392 1433 si
1447 1368 1668 1433 Deum
1720 1366 2206 1433 misericordem
2254 1387 2329 1431 ac

378 1457 502 1524 sibi
532 1455 901 1538 'propitium
947 1454 1284 1519 sentiunt?
1355 1455 1466 1519 An
1509 1454 1660 1537 quia
1703 1452 1985 1536 amplius
2025 1452 2192 1517 nihil
2227 1453 2329 1516 fu-

379 1542 513 1607 turi
557 1540 752 1606 sunt?
829 1538 963 1605 Sed
1006 1540 1290 1605 evadent
1331 1561 1414 1604 ex
1457 1539 1579 1605 hoc
1632 1537 2007 1604 turbulento
2050 1537 2326 1618 saecu10,

379 1649 460 1694 ex
511 1627 767 1692 infestis
821 1625 1324 1705 tentationibuS,
1384 1646 1468 1691 ex
1521 1624 1977 1708 inquietudine
2033 1626 2104 1688 in
2148 1645 2327 1688 sum-

381 1733 561 1779 mum
602 1713 814 1777 otium
847 1720 915 1776 et
948 1711 1203 1776 beatam
1241 1712 1548 1795 requiem.
1616 1711 1708 1775 Et
1732 1711 1885 1793 quia
1909 1709 2074 1774 nihil
2112 1715 2325 1787 erunt,

384 1798 548 1864 nihil
584 1799 740 1863 mali
799 1797 1112 1863 sentient:
1169 1796 1502 1863 excitandi
1552 1817 1669 1862 suo
1728 1793 2020 1879 tempore
2063 1794 2145 1859 ad
2189 1795 2328 1878 glo-

381 1886 566 1963 riam,
605 1905 770 1966 quae
814 1892 881 1947 ct
904 1885 952 1966 ¹)
1009 1902 1235 1947 eorum
1288 1891 1498 1947 morte
1542 1881 1709 1947 nihil
1755 1881 2072 1959 differtur,
2119 1901 2327 1963 neque

383 1972 519 2036 vita
564 1969 980 2035 acceleratur.
1064 1967 1546 2034 Convertamur
1601 1967 1683 2033 ad
1721 1968 2016 2032 ‚aliorum
2070 1972 2326 2033 sancto·

380 2078 531 2121 rum
577 2054 906 2137 exempla,
964 2076 1049 2118 an
1095 2054 1228 2120 tale
1273 2054 1517 2137 aliquid
1561 2055 1656 2119 eis
1700 2051 2049 2118 acciderit?
2100 2051 2326 2133 Quum

381 2143 444 2207 N
445 2164 522 2207 oe
579 2142 887 2220 moritur,
954 2160 1086 2205 non
1144 2140 1439 2223 deplorat
1479 2141 1788 2205 miseram
1832 2145 2077 2203 sortem
2122 2156 2324 2203 suam.

384 2227 720 2294 Abraham
771 2247 904 2291 non
960 2225 1372 2291 lamentatur.
1455 2225 1651 2291 Iacob
1705 2225 1904 2290 etiam
1957 2224 2130 2288 inter
2173 2222 2326 2287 ulti-

380 2334 523 2379 mos
567 2313 837 2395 spiritus
891 2312 1262 2396 gratulatur
1306 2311 1462 2390 sibi,
1517 2310 1689 2393 quod
1727 2309 2012 2375 salutare
2054 2309 2325 2374 Domini

374 2406 710 2484 exspectet
765 2397 965 2482 (Gen.
1005 2402 1106 2476 49,
1152 2401 1276 2479 18).
1353 2397 1471 2462 Iob
1514 2416 1648 2461 non
1691 2396 2110 2480 lacrymatur.
2177 2394 2324 2460 Mo-

375 2506 494 2565 666,
542 2506 744 2567 quum
780 2483 964 2548 audit
1006 2503 1046 2546 a
1088 2483 1392 2562 Domino,
1436 2481 1743 2548 ultimam
1784 2481 2015 2545 horam
2055 2480 2322 2559 instare,

377 2592 506 2636 non
570 2577 1033 2635 commovetur.
1133 2568 1411 2647 Omnes,
1490 2576 1811 2651 quantum
1863 2566 2085 2632 videre
2150 2566 2319 2644 licet,

374 2662 674 2740 prompto
722 2656 941 2720 animo
995 2663 1272 2721 mortem
1320 2653 1824 2738 amplectuntur.
1891 2651 2106 2718 Voces
2148 2651 2319 2732 illae,

372 2742 606 2826 quibus
658 2742 925 2806 vocanti
971 2741 1257 2806 Domino
1326 2742 1539 2806 sancti
1594 2738 2019 2823 respondent,
2075 2737 2322 2822 passim

371 2828 600 2894 obviae
634 2836 819 2892 sunt:
863 2827 1054 2905 Ecce,
1094 2848 1214 2912 ego
1240 2826 1491 2906 adsum,
1514 2826 1813 2890 Domine.
1882 2822 2167 2908 Oportet
2199 2823 2319 2906 igi-

372 2923 480 2980 tur
515 2910 695 2978 aliud
735 2912 1046 2997 quiddam
1081 2934 1240 2991 esse,
1278 2911 1451 2997 quod
1486 2911 1847 2990 Christum,
1886 2919 1953 2974 et
1986 2910 2126 2976 eius
2160 2908 2321 2974 fide-

372 3000 465 3066 les
508 2998 860 3084 compellat
912 2999 994 3064 ad
1041 2998 1410 3065 huiusmodi
1470 2997 1927 3082 querimonias.
2004 2995 2156 3061 Non
2201 2994 2320 3060 du-

371 3087 570 3164 bium,
616 3086 776 3168 quin
816 3083 1140 3164 Christus,
1185 3106 1388 3168 quum
1431 3105 1501 3150 se
1546 3084 1813 3149 offerret
1851 3103 1972 3166 pro
2016 3082 2205 3147 nobis
2246 3101 2322 3148 ac

371 3177 900 3256 repraesentaret
956 3170 1039 3235 ad
1101 3192 1407 3254 poenam,
1475 3191 1627 3236 cum
1689 3177 2010 3252 potestate
2064 3166 2320 3245 diaboli,

372 3279 520 3323 cum
563 3258 922 3321 inferorum
965 3256 1359 3323 cruciatibus
1402 3278 1478 3321 ac
1522 3254 1847 3320 doloribus
1891 3255 2118 3318 mortis
2154 3274 2244 3336 pu
2291 3289 2319 3301 ·

371 3342 647 3409 naverit.
737 3340 923 3422 Quae
1002 3344 1222 3406 omnia
1299 3344 1370 3406 in
1438 3349 1663 3407 nostra
1736 3360 1932 3405 carne
1998 3340 2235 3404 vincen
2283 3359 2322 3401 a

373 3436 590 3495 erant:
652 3439 725 3492 ut
765 3428 870 3493 ius
914 3449 1137 3507 suum,
1194 3427 1364 3510 quod
1415 3428 1487 3492 in
1528 3448 1650 3491 nos
1668 3429 1725 3510 ²)
1771 3424 2126 3502 habebant,
2172 3445 2318 3505 per-

373 3515 622 3581 derent.
689 3512 772 3578 In
816 3513 941 3579 hoc
994 3514 1200 3597 igitur
1242 3534 1479 3598 agone,
1536 3531 1738 3595 quum
1774 3509 1974 3593 rigori
2017 3530 2091 3575 ac
2135 3529 2320 3575 seve-

371 3602 553 3665 ritati
600 3598 858 3664 divinae
912 3599 1202 3664 iustitiae
1258 3599 1662 3665 satisfaceret
1677 3648 1692 3673 ,
1759 3617 1962 3679 quum
2006 3594 2319 3660 adversus

371 3687 641 3762 inferos,
696 3691 976 3750 mortem
1030 3706 1105 3750 ac
1159 3684 1490 3750 diabolum
1546 3681 2086 3767 congrederetur,
2132 3680 2318 3746 invo-

372 3772 548 3839 cavit
590 3781 862 3853 patrem,
907 3791 991 3834 ne
1034 3792 1104 3835 se
1147 3771 1220 3834 in
1262 3771 1467 3835 tantis
1495 3768 1817 3853 angustiis
1853 3766 2198 3843 desereret,
2234 3788 2319 3831 116

375 3879 443 3923 66
485 3857 793 3940 potestati
838 3856 1068 3920 mortis
1122 3857 1560 3939 permitteret:
1618 3854 1784 3919 nihil
1829 3851 2008 3917 aliud
2052 3874 2091 3917 a
2132 3859 2320 3935 patre

377 3950 621 4026 petens,
668 3962 863 4025 quam
908 3950 987 4005 ut
1028 3942 1373 4007 infirmitas
1408 3950 1650 4019 nostra,
1687 3961 1880 4022 quam
1922 3941 1994 4003 in
2030 3959 2146 4004 suo
2181 3958 2321 4004 cor-

375 4048 530 4112 pore
575 4028 956 4106 sustinebat,
1003 4048 1043 4091 a
1084 4035 1405 4110 potestate
1451 4026 1690 4091 diaboli
1735 4033 1803 4090 et
1836 4025 2066 4090 mortis
2112 4021 2322 4089 solve-

375 4125 574 4181 retur.
642 4113 829 4179 Haec
870 4122 972 4179 est
1014 4113 1177 4178 fides
1219 4121 1462 4191 nostra,
1501 4112 1606 4179 cui
1648 4131 1827 4177 nuuc
1860 4109 2317 4186 incumbimus,

374 4199 546 4283 quod
591 4219 802 4282 poena
843 4199 1092 4282 peccati
1125 4200 1198 4263 in
1232 4219 1427 4265 carne
1472 4205 1697 4264 nostra
1730 4196 2013 4274 admissi,
2052 4216 2216 4278 quae
2251 4196 2322 4258 in

374 4284 602 4351 eadem
646 4304 844 4350 carne
887 4285 1200 4350 solvenda
1243 4292 1412 4365 erat,
1446 4295 1544 4348 -ut
1582 4282 1844 4348 divinae
1885 4282 2173 4347 iustitiae
2218 4302 2321 4345 sa·
2362 4279 2371 4292 ⁴

373 4374 668 4447 defieret,
706 4370 915 4436 soluta
951 4392 1025 4437 ac
1061 4371 1345 4454 depensa
1381 4378 1483 4436 est
1521 4370 1594 4434 in
1628 4389 1823 4434 carne
1846 4367 2117 4443 Christi,
2155 4387 2321 4448 quae

372 4466 600 4523 nostra
652 4464 812 4521 erat.
889 4457 1176 4523 Mortem
1232 4456 1437 4541 igitur
1502 4477 1635 4520 non
1687 4452 2071 4537 deprecatur
2127 4450 2321 4517 Chri-

373 4552 547 4610 stus:
607 4540 721 4608 sed
778 4563 1047 4626 gravem
1104 4563 1372 4609 sensum
1417 4540 1788 4607 severitatis
1831 4538 1990 4617 Dei,
2036 4558 2164 4621 qua
2204 4559 2322 4620 per

373 4637 654 4695 mortem
708 4648 829 4711 pro
886 4629 1072 4694 nobis
1124 4627 1572 4713 corripiendus
1617 4635 1774 4692 erat.
1850 4624 1976 4690 Vis
2029 4625 2194 4690 scire
2238 4645 2322 4688 ex

377 4736 501 4798 quo
560 4714 801 4779 affectu
850 4714 1012 4779 haec
1066 4735 1196 4779 vox
1254 4713 1605 4798 prodierit?
1679 4712 1830 4776 Non
1882 4731 2147 4793 possum
2204 4709 2322 4774 tibi

378 4801 612 4866 melius
657 4801 1043 4883 exprimere,
1087 4821 1284 4883 quam
1329 4823 1459 4868 vox
1502 4798 1792 4865 eiusdem
1838 4795 2068 4862 altera:
2114 4803 2319 4878 pater,

377 4894 581 4969 pater,
619 4894 694 4949 ut
733 4883 889 4968 quid
931 4906 1037 4950 me
1082 4885 1524 4970 dereliquisti?
1593 4885 1740 4949 Hos
1782 4883 1985 4967 igitur
2027 4888 2321 4945 mortuos

376 4980 444 5038 et
485 4969 795 5054 sepultos,
839 4973 908 5037 in
953 4979 1194 5036 terram
1239 4972 1583 5037 oblivionis
1627 4970 2017 5053 deportatos,
2054 4972 2241 5032 vocat
2283 4985 2323 5028 a

517 5246 578 5313 1)
614 5244 774 5300 1542:
811 5261 1002 5315 neque.
1206 5242 1268 5307 2)
1304 5243 1478 5313 nobis,
1515 5241 1652 5298 1552
1686 5258 1824 5314 seqq.

593 5332 817 5387 Caluini
843 5346 1028 5400 opera.
1109 5329 1224 5386 Vol.
1269 5330 1329 5385 V.

1896 318 2848 388 PSYOHOPANNYOHIA.

4256 328 4382 393 226

2427 509 2574 574 Deo
2621 509 2980 577 derelictos.
3070 508 3181 574 Ad
3233 510 3410 576 hunc
3475 510 3743 576 modum
3796 515 4007 579 sancti
4021 565 4039 593 ,
4109 513 4383 584 docente

2430 597 2663 679 spiritu
2718 597 2878 674 Dei,
2934 617 3070 661 non
3127 597 3540 678 usurpabunt
3592 598 3714 662 has
3773 619 3993 678 voces,
4043 621 4171 683 quo
4225 622 4265 666 a
4308 623 4380 668 se

2428 689 2733 748 avertant
2764 691 3063 761 mortem,
3109 689 3176 746 ct
3200 683 3245 764 ¹)
3274 683 3402 747 Dei
3441 685 3870 750 vocationem:
3910 684 4026 751 sed
4047 707 4172 768 quo
4209 688 4379 754 iudi-

2380 841 2388 854 *
2429 768 2624 847 cium,
2668 768 2837 833 iram
2882 777 2949 832 et
2982 767 3397 833 severitatem
3433 768 3565 833 Dei
3599 769 4056 851 deprecentur:
4104 794 4232 855 qua
4264 796 4381 859 per

2426 861 2710 919 mortem
2752 854 2993 938 corripi
3037 875 3106 920 66
3152 858 3270 932 [fol.
3310 858 3418 934 46]
3466 872 3505 918 a
3547 855 3692 920 Deo
3733 857 4045 921 sentiunt.
4114 857 4261 926 Hoc
4295 883 4380 926 ne

2429 939 2833 1005 comminisci
2886 938 3144 1017 videar,
3198 960 3464 1022 quaero,
3522 942 3690 1006 sitne
3744 941 3959 1007 fidelis
4031 951 4380 1012 vocaturus

2429 1024 2790 1108 simplicem
2847 1035 2915 1091 et
2969 1024 3335 1090 naturalem
3386 1033 3670 1091 mortem
3684 1078 3700 1105 ,
3757 1028 3924 1092 iram
3976 1037 4042 1094 et
4095 1035 4380 1098 terrores

2427 1110 2603 1176 Dei?
2672 1112 2824 1176 Non
2879 1112 3158 1178 arbitror
3214 1110 3360 1175 illos
3415 1132 3489 1176 eo
3544 1133 3749 1195 usque
3805 1113 4248 1197 impudentes,
4307 1126 4381 1182 ut

2430 1195 2718 1262 audeant
2769 1198 3115 1262 affirmare.
3206 1197 3442 1279 Atqui,
3486 1207 3766 1262 mortem
3810 1198 3993 1263 illam
4037 1200 4131 1266 sic
4171 1202 4377 1269 inter-

2428 1291 2727 1365 pretatur
2770 1284 3090 1366 propheta
3145 1282 3377 1348 iisdem
3426 1282 3614 1348 locis:
3670 1283 3755 1347 In
3809 1307 3914 1350 me
3952 1289 4377 1370 transierunt,

2433 1368 2635 1448 Deus,
2676 1368 2813 1433 irae
2857 1377 3037 1447 tuae,
3099 1377 3167 1433 et
3209 1376 3494 1434 terrores
3537 1369 3769 1433 mortis
3823 1374 4380 1440 conturbaverunt

2432 1475 2540 1518 me
2586 1454 2786 1539 (PsaL
2829 1458 2930 1532 88,
2970 1460 3027 1518 8.
3073 1456 3196 1536 17).
3307 1455 3400 1519 Et
3451 1455 3664 1520 multa
3705 1455 3836 1519 alia
3880 1458 4171 1540 subiicit,
4214 1482 4379 1544 quae

2433 1541 2813 1621 pertineant
2864 1538 2949 1604 ad
2999 1540 3167 1604 iram
3222 1540 3367 1605 Dei.
3450 1541 3745 1606 Alterius
3802 1564 3959 1607 vero
4029 1543 4154 1609 loci
4219 1547 4380 1613 haec

2432 1626 2635 1691 verba
2697 1633 2878 1691 sunt:
2938 1623 3265 1706 Quoniam
3333 1636 3743 1691 momentum
3796 1628 3868 1691 in
3927 1628 4380 1713 indignatione

2433 1712 2590 1791 eius,
2636 1719 2704 1775 et
2744 1712 2883 1777 vita
2923 1711 2994 1775 in
3037 1710 3493 1777 benevolentia
3527 1713 3669 1777 eius
3705 1713 3907 1797 (Psal.
3951 1719 4050 1793 30,
4092 1719 4178 1797 6).
4244 1714 4380 1783 Sed

2428 1797 2704 1862 lectores
2746 1796 2990 1875 hortor,
3035 1796 3118 1861 ad
3158 1796 3464 1863 volumen
3506 1819 3575 1863 se
3608 1798 3981 1865 conferant:
4035 1809 4113 1865 ut
4154 1825 4240 1867 ex
4281 1804 4383 1868 in-

2430 1884 2636 1966 tegris
2694 1882 2947 1952 duobus
3000 1882 3312 1962 Psalmis,
3374 1891 3441 1947 et
3504 1884 3755 1949 cantico
3819 1883 3931 1949 ino
3946 1936 3962 1963 ,
4036 1889 4383 1954 certiorem

2427 1967 2628 2033 fidem
2666 1976 2913 2051 petant.
2984 1966 3096 2033 Sic
3139 1969 3317 2033 enim
3359 1990 3481 2034 nec
3513 1970 3703 2034 fucus
3744 1968 3876 2035 illis
3911 1971 4050 2051 fiet,
4098 1981 4165 2038 et
4198 1974 4383 2040 facile

2428 2052 2735 2119 obtinebo
2779 2053 2957 2139 apud
3001 2076 3128 2133 eos,
3172 2055 3283 2137 qui
3328 2065 3490 2120 sano
3530 2053 3766 2120 iudicio
3808 2055 4051 2140 legent.
4121 2059 4381 2125 Consti-

2427 2140 2677 2204 tuimus
2721 2161 2894 2224 ergo,
2939 2147 3218 2205 mortem
3260 2140 3391 2205 illis
3426 2140 3584 2206 locis
3619 2161 3779 2221 6666,
3825 2142 4071 2209 sentire
4102 2144 4271 2210 iram
4306 2167 4382 2212 ac

2429 2224 2747 2290 iudicium
2798 2226 2955 2304 Dei,
3024 2226 3272 2309 hocque
3328 2246 3525 2291 sensu
3579 2228 3934 2308 perterreri
3987 2250 4062 2294 ac
4116 2238 4380 2297 contur-

2429 2312 2588 2377 bari.
2659 2309 2772 2376 Sic
2812 2311 3152 2390 Ezechias,
3199 2332 3400 2394 quum
3434 2311 3690 2378 videret
3724 2333 3794 2376 se
3829 2313 4200 2397 relinquere
4232 2338 4379 2401 reg-

2427 2418 2589 2462 num
2633 2398 3002 2480 expositum
3047 2397 3338 2462 hostium
3386 2396 3643 2480 probris
3685 2418 3760 2464 ac
3805 2397 4185 2482 direptioni,
4229 2424 4379 2484 pro-

2426 2483 2561 2547 lem
2605 2504 2762 2548 vero
2806 2504 2876 2548 66
2918 2504 3052 2548 11611
3097 2482 3497 2565 relinquere,
3544 2504 3583 2547 a
3625 2503 3769 2565 qua.¹
3796 2482 4220 2552 descenderet
4262 2510 4378 2553 ex-

2426 2570 2738 2651 spectatio
2793 2569 3119 2652 gentium:
3178 2568 3341 2633 haec
3357 2620 3372 2647 ,
3425 2590 3588 2651 quae
3644 2569 3836 2653 signa
3889 2579 4078 2635 erant
4118 2573 4268 2636 irati
4313 2582 4381 2639 et

2423 2655 2758 2737 punientis
2794 2655 2956 2732 Dei,
3004 2654 3444 2720 sollicitabant
3487 2655 3777 2719 animam
3820 2655 3978 2734 eius,
4024 2678 4156 2722 non
4201 2680 4376 2724 mor-

2424 2740 2513 2806 tis
2548 2749 2777 2818 terror,
2818 2761 3017 2823 quam
3049 2747 3273 2822 postea
3305 2739 3493 2805 nulla
3528 2739 3982 2823 deprecatione
4018 2743 4235 2809 subiit.
4295 2744 4378 2809 In

2426 2847 2683 2891 summa
2725 2828 2951 2906 fateor,
2996 2833 3277 2890 mortem
3321 2847 3405 2891 ex
3448 2846 3519 2890 se
3553 2825 3803 2890 malum
3847 2847 4006 2906 esse,
4053 2849 4257 2910 quum
4293 2831 4381 2895 sit

2423 2911 2793 2978 maledictio
2819 2919 2886 2977 et
2925 2931 3139 2998 poena
3169 2912 3454 2996 peccati:
3500 2917 3583 2990 et,
3620 2932 3824 2995 quum
3856 2913 4085 2996 ipsam,
4126 2935 4245 2998 per
4287 2936 4376 2995 se,

2424 2998 2692 3083 plenam
2734 3020 2877 3065 esse
2911 2998 3178 3064 terroris
3213 3019 3289 3064 ac
3326 2997 3764 3077 desolationis,
3801 3005 3943 3063 tum
3979 3020 4135 3066 vero
4171 3002 4242 3065 in
4276 3002 4378 3066 ul-

2426 3086 2659 3150 timam
2694 3084 3214 3169 desperationem
3237 3105 3347 3150 eos
3383 3083 3727 3168 depellere,
3765 3085 3875 3166 qui
3912 3086 4207 3151 sentiunt
4232 3109 4379 3152 eam

2425 3172 2552 3236 sibi
2585 3170 2800 3256 infligi
2834 3172 2913 3237 ab
2947 3171 3115 3235 irato
3150 3179 3218 3235 et
3250 3171 3564 3254 puniente
3598 3169 3759 3234 Deo.
3828 3170 4056 3236 Unum
4091 3178 4191 3237 est
4223 3194 4378 3239 con-

2427 3256 2815 3334 dimentum,
2864 3255 3032 3339 quod
3078 3263 3336 3320 tantam
3381 3256 3521 3321 eius
3565 3254 3985 3321 acerbitatem
4030 3266 4375 3341 temperet:

2424 3343 2601 3407 inter
2641 3343 2784 3407 eius
2829 3343 3167 3425 angustias
3212 3361 3602 3424 cognoscere
3647 3340 3867 3405 Deum
3912 3342 4035 3408 sibi
4082 3364 4223 3408 osse
4263 3365 4380 3430 P&

2424 3435 2623 3506 trem,
2694 3426 3036 3492 Christum
3104 3427 3346 3492 habere
3413 3426 3647 3493 ducem
3701 3447 3776 3491 ac
3830 3428 4150 3492 comitem.
4228 3428 4378 3493 Hoc

2425 3511 2842 3579 condimento
2940 3513 3009 3577 ui
3063 3518 3319 3590 carent,
3377 3513 3626 3578 habent
3668 3518 3947 3576 mortem
3993 3533 4109 3594 pro
4154 3513 4377 3577 confu-

2424 3600 2608 3663 sione
2664 3606 2732 3663 et
2785 3534 3146 3680 perditione
3201 3606 3485 3663 aeterna.
3557 3596 3780 3678 Quare
3826 3597 4046 3660 Deum
4104 3596 4374 3665 laudare

2424 3685 2491 3748 in
2534 3690 2742 3749 morte
2786 3704 2918 3748 non
2962 3691 3255 3766 possunt.

2595 3855 2738 3919 Iam
2786 3875 3018 3921 versus
3060 3853 3199 3919 ille:
3247 3855 3400 3920 Non
3438 3855 3680 3919 mortui
3723 3849 4085 3917 laudabunt
4126 3857 4210 3930 te,
4248 3860 4369 3918 etc.

2426 3939 2674 4005 claudit
2710 3939 2938 4005 laudes
2972 3939 3214 4024 populi,
3252 3939 3502 4025 gratias
3623 3939 3792 4004 entis
3826 3937 3992 4016 Deo,
4030 3936 4201 4020 quod
4236 3937 4375 4004 eius

2426 4047 2627 4091 manu
2680 4031 3015 4109 protectus
3060 4033 3232 4092 esset
3274 4048 3315 4091 a
3366 4026 3545 4110 peric
3616 4043 3683 4088 o:
3741 4024 3815 4087 in
3868 4022 4046 4088 hunc
4089 4044 4372 4103 sensum,

2427 4112 2480 4177 si
2534 4113 2935 4196 permisisset
2986 4133 3107 4177 nos
3164 4111 3442 4196 opprimi
3495 4110 3856 4189 Dominus,
3917 4131 3993 4174 66
4038 4109 4262 4175 venire
4302 4109 4373 4174 in

2424 4205 2815 4282 potestatem
2870 4196 3077 4263 hostis
3093 4249 3110 4278 ,
3168 4196 3549 4262 insultasset
3605 4196 3743 4261 eius
3797 4195 4046 4263 nomini
4101 4194 4249 4273 ille,
4309 4203 4376 4259 et

2427 4284 2742 4368 gloriatus
2785 4291 2960 4349 esset
3003 4305 3073 4348 se
3116 4303 3455 4366 superasse
3496 4280 3863 4346 Dominum
3896 4280 4121 4347 Israel.
4181 4280 4375 4345 Nunc

2427 4390 2585 4435 vero
2627 4370 2739 4436 ubi
2778 4369 3103 4434 Dominus
3147 4371 3286 4434 eius
3329 4368 3632 4433 ferociam
3676 4367 3988 4449 repressit
4028 4386 4103 4432 ac
4146 4372 4373 4432 contu·

2427 4453 2555 4534 dit,
2602 4455 2715 4521 ubi
2768 4476 2888 4520 nos
2943 4453 3026 4519 ab
3070 4455 3212 4520 eius
3256 4453 3529 4519 saevitia
3571 4453 3844 4536 eripuit,
3903 4453 3975 4521 in
4014 4473 4215 4516 manu
4256 4472 4373 4536 po-

2426 4542 2591 4605 tenti
2627 4550 2694 4606 et
2729 4540 2994 4606 brachio
3033 4540 3313 4606 excelso:
3353 4560 3485 4603 non
3521 4547 3830 4621 poterunt
3862 4546 4089 4622 gentes
4125 4537 4370 4602 dicere:

2424 4626 2557 4692 Ubi
2598 4634 2701 4691 est
2741 4625 2927 4692 Deus
2969 4624 3240 4692 eorum?
3298 4625 3408 4708 qui
3462 4646 3531 4689 se
3575 4646 3728 4690 vere
3772 4625 3994 4690 Deum
4036 4623 4373 4689 viventem

2426 4711 2727 4777 ostendit.
2798 4711 2939 4778 Nec
3041 4711 3237 4777 oterit
3289 4711 3429 4775 eius
3488 4709 3935 4776 misericordia
3987 4710 4056 4773 in
4100 4707 4373 4774 dubium

2425 4799 2669 4876 venire,
2715 4818 2909 4880 quam
2954 4820 2994 4863 a
3040 4818 3116 4862 eo
3155 4796 3429 4862 mirifice
3463 4795 3780 4861 exhibuit.
3847 4796 3938 4860 Et
3979 4795 4087 4859 hic
4126 4794 4371 4858 mortui

2426 4883 2872 4968 appellantur,
2929 4882 3221 4949 derelicti
3266 4903 3305 4947 a
3348 4883 3491 4947 Deo
3506 4933 3522 4960 ,
3583 4890 3652 4947 et
3704 4883 3814 4966 qui
3872 4881 4013 4947 eius
4055 4879 4371 4944 virtutem

2426 4990 2503 5034 ac
2544 4969 3021 5052 benignitatem
3065 4988 3222 5051 erga
3255 4988 3325 5033 se
3361 4989 3494 5034 non
3531 4973 3902 5035 senserunt:
3950 4964 4371 5048 quemadmo-

2570 5243 2628 5308 1)
2672 5240 2765 5296 Sic
2798 5240 2915 5296 sola
2951 5238 3087 5294 1542
3120 5245 3443 5298 assmae’ente
3481 5241 3642 5297 Gallo
3650 5260 3669 5308 ;
3704 5244 3965 5374 caeter-ale5
3982 5251 4189 5291 omnes.-
4224 5243 4301 5291 ut.
