<?xml version="1.0" encoding="UTF-8"?>
<!DOCTYPE html PUBLIC "-//W3C//DTD XHTML 1.0 Transitional//EN"
    "http://www.w3.org/TR/xhtml1/DTD/xhtml1-transitional.dtd">
<html xmlns="http://www.w3.org/1999/xhtml" xml:lang="en" lang="en">
 <head>
  <title>
</title>
<meta http-equiv="Content-Type" content="text/html;charset=utf-8" />
  <meta name='ocr-system' content='tesseract 3.04.00' />
  <meta name='ocr-capabilities' content='ocr_page ocr_carea ocr_par ocr_line ocrx_word'/>
</head>
<body>
  <div class='ocr_page' id='page_1' title='image "./ioanniscalvinio14unkngoog_0192.png"; bbox 0 0 4984 5975; ppageno 0'>
   <div class='ocr_carea' id='block_1_1' title="bbox 620 294 750 358">
    <p class='ocr_par' dir='ltr' id='par_1_1' title="bbox 620 294 750 358">
     <span class='ocr_line' id='line_1_1' title="bbox 620 294 750 358; baseline -0.015 0"><span class='ocrx_word' id='word_1_1' title='bbox 620 294 750 358; x_wconf 79' lang='lat'><strong>259</strong></span> 
     </span>
    </p>
   </div>
   <div class='ocr_carea' id='block_1_2' title="bbox 617 472 2580 4851">
    <p class='ocr_par' dir='ltr' id='par_1_2' title="bbox 617 472 2580 4851">
     <span class='ocr_line' id='line_1_2' title="bbox 618 472 2580 564; baseline -0.004 -18"><span class='ocrx_word' id='word_1_2' title='bbox 618 480 896 564; x_wconf 82' lang='lat' dir='ltr'><strong>propius</strong></span> <span class='ocrx_word' id='word_1_3' title='bbox 934 476 1048 542; x_wconf 85' lang='lat' dir='ltr'><strong>ille</strong></span> <span class='ocrx_word' id='word_1_4' title='bbox 1091 474 1367 542; x_wconf 87' lang='lat' dir='ltr'><strong>accessit</strong></span> <span class='ocrx_word' id='word_1_5' title='bbox 1396 473 1875 558; x_wconf 67' lang='lat' dir='ltr'><strong>praestigiator,</strong></span> <span class='ocrx_word' id='word_1_6' title='bbox 1914 472 2171 538; x_wconf 87' lang='lat' dir='ltr'><strong>fabulae</strong></span> <span class='ocrx_word' id='word_1_7' title='bbox 2205 493 2363 539; x_wconf 90' lang='lat' dir='ltr'><strong>suae</strong></span> <span class='ocrx_word' id='word_1_8' title='bbox 2395 479 2580 538; x_wconf 85' lang='lat' dir='ltr'><strong>actus</strong></span> 
     </span>
     <span class='ocr_line' id='line_1_3' title="bbox 624 558 2579 649; baseline -0.004 -18"><span class='ocrx_word' id='word_1_9' title='bbox 624 566 865 649; x_wconf 82' lang='lat' dir='ltr'><strong>partim</strong></span> <span class='ocrx_word' id='word_1_10' title='bbox 906 562 1246 639; x_wconf 91' lang='lat' dir='ltr'><strong>motorios,</strong></span> <span class='ocrx_word' id='word_1_11' title='bbox 1292 561 1534 643; x_wconf 85' lang='lat' dir='ltr'><strong>partim</strong></span> <span class='ocrx_word' id='word_1_12' title='bbox 1576 560 1880 625; x_wconf 89' lang='lat' dir='ltr'><strong>statarios</strong></span> <span class='ocrx_word' id='word_1_13' title='bbox 1926 558 2212 638; x_wconf 87' lang='lat' dir='ltr'><strong>orditur,</strong></span> <span class='ocrx_word' id='word_1_14' title='bbox 2256 558 2579 642; x_wconf 86' lang='lat' dir='ltr'><strong>magicas-</strong></span> 
     </span>
     <span class='ocr_line' id='line_1_4' title="bbox 625 642 2580 735; baseline -0.004 -19"><span class='ocrx_word' id='word_1_15' title='bbox 625 672 752 735; x_wconf 89' lang='lat' dir='ltr'><strong>que</strong></span> <span class='ocrx_word' id='word_1_16' title='bbox 792 649 942 714; x_wconf 91' lang='lat' dir='ltr'><strong>illas</strong></span> <span class='ocrx_word' id='word_1_17' title='bbox 976 647 1475 724; x_wconf 76' lang='lat' dir='ltr'>susurrationes,</span> <span class='ocrx_word' id='word_1_18' title='bbox 1518 644 1753 730; x_wconf 90' lang='lat' dir='ltr'><strong>quibus</strong></span> <span class='ocrx_word' id='word_1_19' title='bbox 1795 666 1832 711; x_wconf 93' lang='lat' dir='ltr'><strong>e</strong></span> <span class='ocrx_word' id='word_1_20' title='bbox 1866 644 2043 711; x_wconf 92' lang='lat' dir='ltr'><strong>coelo</strong></span> <span class='ocrx_word' id='word_1_21' title='bbox 2078 644 2419 711; x_wconf 73' lang='lat' dir='ltr'><strong>Christum</strong></span> <span class='ocrx_word' id='word_1_22' title='bbox 2454 642 2580 710; x_wconf 90' lang='lat' dir='ltr'><strong>sibi</strong></span> 
     </span>
     <span class='ocr_line' id='line_1_5' title="bbox 624 730 2579 814; baseline -0.004 -12"><span class='ocrx_word' id='word_1_23' title='bbox 624 736 891 802; x_wconf 88' lang='lat' dir='ltr'><strong>videtur</strong></span> <span class='ocrx_word' id='word_1_24' title='bbox 933 740 1353 810; x_wconf 89' lang='lat' dir='ltr'><strong>evocaturus,</strong></span> <span class='ocrx_word' id='word_1_25' title='bbox 1414 731 1562 797; x_wconf 91' lang='lat' dir='ltr'><strong>aliis</strong></span> <span class='ocrx_word' id='word_1_26' title='bbox 1606 730 1871 814; x_wconf 88' lang='lat' dir='ltr'><strong>quidem</strong></span> <span class='ocrx_word' id='word_1_27' title='bbox 1914 737 2091 796; x_wconf 89' lang='lat' dir='ltr'><strong>certe</strong></span> <span class='ocrx_word' id='word_1_28' title='bbox 2132 735 2282 810; x_wconf 79' lang='lat' dir='ltr'><strong>[pag.</strong></span> <span class='ocrx_word' id='word_1_29' title='bbox 2331 736 2439 810; x_wconf 80' lang='lat'><strong>24]</strong></span> <span class='ocrx_word' id='word_1_30' title='bbox 2485 731 2579 795; x_wconf 92' lang='lat' dir='ltr'><strong>vi-</strong></span> 
     </span>
     <span class='ocr_line' id='line_1_6' title="bbox 625 814 2579 901; baseline -0.003 -15"><span class='ocrx_word' id='word_1_31' title='bbox 625 820 764 886; x_wconf 91' lang='lat' dir='ltr'><strong>deri</strong></span> <span class='ocrx_word' id='word_1_32' title='bbox 809 818 971 895; x_wconf 91' lang='lat' dir='ltr'><strong>vult,</strong></span> <span class='ocrx_word' id='word_1_33' title='bbox 1017 817 1254 901; x_wconf 84' lang='lat' dir='ltr'><strong>quibus</strong></span> <span class='ocrx_word' id='word_1_34' title='bbox 1297 825 1657 895; x_wconf 89' lang='lat' dir='ltr'><strong>evocatum,</strong></span> <span class='ocrx_word' id='word_1_35' title='bbox 1700 816 1784 881; x_wconf 90' lang='lat' dir='ltr'><strong>ad</strong></span> <span class='ocrx_word' id='word_1_36' title='bbox 1824 815 2338 882; x_wconf 81' lang='lat' dir='ltr'><strong>immolationem</strong></span> <span class='ocrx_word' id='word_1_37' title='bbox 2380 814 2579 881; x_wconf 90' lang='lat' dir='ltr'><strong>devo-</strong></span> 
     </span>
     <span class='ocr_line' id='line_1_7' title="bbox 625 900 2578 989; baseline -0.003 -17"><span class='ocrx_word' id='word_1_38' title='bbox 625 914 767 972; x_wconf 89' lang='lat' dir='ltr'><strong>vet:</strong></span> <span class='ocrx_word' id='word_1_39' title='bbox 815 904 1051 989; x_wconf 83' lang='lat' dir='ltr'><strong>quibus</strong></span> <span class='ocrx_word' id='word_1_40' title='bbox 1094 903 1225 987; x_wconf 79' lang='lat' dir='ltr'><strong>Dei</strong></span> <span class='ocrx_word' id='word_1_41' title='bbox 1266 924 1424 987; x_wconf 91' lang='lat' dir='ltr'><strong>erga</strong></span> <span class='ocrx_word' id='word_1_42' title='bbox 1469 903 1811 968; x_wconf 90' lang='lat' dir='ltr'><strong>hominum</strong></span> <span class='ocrx_word' id='word_1_43' title='bbox 1855 924 2063 987; x_wconf 91' lang='lat' dir='ltr'><strong>genus</strong></span> <span class='ocrx_word' id='word_1_44' title='bbox 2106 900 2578 968; x_wconf 89' lang='lat' dir='ltr'><strong>reconciliatio-</strong></span> 
     </span>
     <span class='ocr_line' id='line_1_8' title="bbox 626 987 2578 1072; baseline -0.002 -15"><span class='ocrx_word' id='word_1_45' title='bbox 626 1013 809 1071; x_wconf 82' lang='lat' dir='ltr'><strong>nem,</strong></span> <span class='ocrx_word' id='word_1_46' title='bbox 869 1011 943 1056; x_wconf 89' lang='lat' dir='ltr'><strong>ac</strong></span> <span class='ocrx_word' id='word_1_47' title='bbox 1000 990 1055 1054; x_wconf 93' lang='lat' dir='ltr'><strong>si</strong></span> <span class='ocrx_word' id='word_1_48' title='bbox 1109 990 1183 1053; x_wconf 92' lang='lat' dir='ltr'><strong>in</strong></span> <span class='ocrx_word' id='word_1_49' title='bbox 1235 988 1561 1054; x_wconf 83' lang='lat' dir='ltr'><strong>demortui</strong></span> <span class='ocrx_word' id='word_1_50' title='bbox 1603 987 1859 1055; x_wconf 88' lang='lat' dir='ltr'><strong>Ohristi</strong></span> <span class='ocrx_word' id='word_1_51' title='bbox 1912 987 2129 1053; x_wconf 90' lang='lat' dir='ltr'><strong>locum</strong></span> <span class='ocrx_word' id='word_1_52' title='bbox 2185 987 2578 1072; x_wconf 77' lang='lat' dir='ltr'><strong>subrogatus</strong></span> 
     </span>
     <span class='ocr_line' id='line_1_9' title="bbox 625 1072 2576 1156; baseline -0.004 -12"><span class='ocrx_word' id='word_1_53' title='bbox 625 1084 816 1156; x_wconf 89' lang='lat' dir='ltr'><strong>esset,</strong></span> <span class='ocrx_word' id='word_1_54' title='bbox 861 1075 1146 1140; x_wconf 89' lang='lat' dir='ltr'><strong>molitur.</strong></span> <span class='ocrx_word' id='word_1_55' title='bbox 1213 1075 1400 1141; x_wconf 89' lang='lat' dir='ltr'><strong>Haec</strong></span> <span class='ocrx_word' id='word_1_56' title='bbox 1443 1095 1592 1141; x_wconf 93' lang='lat' dir='ltr'><strong>cum</strong></span> <span class='ocrx_word' id='word_1_57' title='bbox 1637 1074 1855 1153; x_wconf 83' lang='lat' dir='ltr'><strong>simili,</strong></span> <span class='ocrx_word' id='word_1_58' title='bbox 1901 1094 2030 1156; x_wconf 90' lang='lat' dir='ltr'><strong>qua</strong></span> <span class='ocrx_word' id='word_1_59' title='bbox 2064 1075 2403 1156; x_wconf 81' lang='lat' dir='ltr'><strong>superiora</strong></span> <span class='ocrx_word' id='word_1_60' title='bbox 2439 1072 2576 1152; x_wconf 87' lang='lat' dir='ltr'><strong>illa,</strong></span> 
     </span>
     <span class='ocr_line' id='line_1_10' title="bbox 624 1158 2576 1243; baseline -0.004 -12"><span class='ocrx_word' id='word_1_61' title='bbox 624 1162 1044 1231; x_wconf 84' lang='lat' dir='ltr'><strong>veneratione</strong></span> <span class='ocrx_word' id='word_1_62' title='bbox 1079 1161 1294 1243; x_wconf 91' lang='lat' dir='ltr'><strong>excipi</strong></span> <span class='ocrx_word' id='word_1_63' title='bbox 1328 1161 1409 1226; x_wconf 91' lang='lat' dir='ltr'><strong>ab</strong></span> <span class='ocrx_word' id='word_1_64' title='bbox 1443 1160 1756 1226; x_wconf 90' lang='lat' dir='ltr'><strong>universa</strong></span> <span class='ocrx_word' id='word_1_65' title='bbox 1788 1159 2211 1224; x_wconf 91' lang='lat' dir='ltr'><strong>multitudine</strong></span> <span class='ocrx_word' id='word_1_66' title='bbox 2243 1158 2447 1238; x_wconf 89' lang='lat' dir='ltr'><strong>vides,</strong></span> <span class='ocrx_word' id='word_1_67' title='bbox 2492 1158 2576 1224; x_wconf 89' lang='lat' dir='ltr'><strong>ad</strong></span> 
     </span>
     <span class='ocr_line' id='line_1_11' title="bbox 626 1245 2578 1332; baseline -0.003 -18"><span class='ocrx_word' id='word_1_68' title='bbox 626 1269 771 1314; x_wconf 91' lang='lat' dir='ltr'><strong>eam</strong></span> <span class='ocrx_word' id='word_1_69' title='bbox 814 1268 1066 1332; x_wconf 91' lang='lat' dir='ltr'><strong>quoque</strong></span> <span class='ocrx_word' id='word_1_70' title='bbox 1109 1248 1319 1330; x_wconf 88' lang='lat' dir='ltr'><strong>ipsam</strong></span> <span class='ocrx_word' id='word_1_71' title='bbox 1363 1245 1751 1311; x_wconf 88' lang='lat' dir='ltr'><strong>imitandam</strong></span> <span class='ocrx_word' id='word_1_72' title='bbox 1794 1245 2052 1311; x_wconf 92' lang='lat' dir='ltr'><strong>vultum</strong></span> <span class='ocrx_word' id='word_1_73' title='bbox 2095 1245 2458 1323; x_wconf 89' lang='lat' dir='ltr'><strong>assimulas,</strong></span> <span class='ocrx_word' id='word_1_74' title='bbox 2504 1245 2578 1309; x_wconf 91' lang='lat' dir='ltr'><strong>in</strong></span> 
     </span>
     <span class='ocr_line' id='line_1_12' title="bbox 622 1330 2577 1418; baseline -0.002 -19"><span class='ocrx_word' id='word_1_75' title='bbox 622 1354 819 1418; x_wconf 90' lang='lat' dir='ltr'><strong>quem</strong></span> <span class='ocrx_word' id='word_1_76' title='bbox 864 1333 968 1409; x_wconf 89' lang='lat' dir='ltr'><strong>(ut</strong></span> <span class='ocrx_word' id='word_1_77' title='bbox 1009 1331 1383 1415; x_wconf 93' lang='lat' dir='ltr'><strong>minimum)</strong></span> <span class='ocrx_word' id='word_1_78' title='bbox 1426 1332 1816 1413; x_wconf 79' lang='lat' dir='ltr'><strong>inscriptam</strong></span> <span class='ocrx_word' id='word_1_79' title='bbox 1852 1351 1995 1397; x_wconf 89' lang='lat' dir='ltr'><strong>esse</strong></span> <span class='ocrx_word' id='word_1_80' title='bbox 2030 1330 2349 1396; x_wconf 86' lang='lat' dir='ltr'><strong>eiusmodi</strong></span> <span class='ocrx_word' id='word_1_81' title='bbox 2391 1351 2577 1414; x_wconf 91' lang='lat' dir='ltr'><strong>spec·</strong></span> 
     </span>
     <span class='ocr_line' id='line_1_13' title="bbox 625 1414 2577 1486; baseline -0.003 0"><span class='ocrx_word' id='word_1_82' title='bbox 625 1419 823 1486; x_wconf 88' lang='lat' dir='ltr'><strong>taculi</strong></span> <span class='ocrx_word' id='word_1_83' title='bbox 878 1419 1265 1485; x_wconf 78' lang='lat' dir='ltr'><strong>acerrimam</strong></span> <span class='ocrx_word' id='word_1_84' title='bbox 1334 1418 1881 1484; x_wconf 81' lang='lat' dir='ltr'><strong>abominationem</strong></span> <span class='ocrx_word' id='word_1_85' title='bbox 1937 1416 2224 1482; x_wconf 79' lang='lat' dir='ltr'><strong>decebat.</strong></span> <span class='ocrx_word' id='word_1_86' title='bbox 2312 1417 2406 1481; x_wconf 87' lang='lat' dir='ltr'><strong>Et</strong></span> <span class='ocrx_word' id='word_1_87' title='bbox 2461 1414 2577 1481; x_wconf 88' lang='lat' dir='ltr'><strong>ad-</strong></span> 
     </span>
     <span class='ocr_line' id='line_1_14' title="bbox 624 1502 2577 1587; baseline -0.002 -17"><span class='ocrx_word' id='word_1_88' title='bbox 624 1504 754 1572; x_wconf 92' lang='lat' dir='ltr'><strong>huc</strong></span> <span class='ocrx_word' id='word_1_89' title='bbox 810 1505 974 1570; x_wconf 86' lang='lat' dir='ltr'><strong>mihi</strong></span> <span class='ocrx_word' id='word_1_90' title='bbox 1027 1503 1403 1587; x_wconf 89' lang='lat' dir='ltr'><strong>negabitur,</strong></span> <span class='ocrx_word' id='word_1_91' title='bbox 1460 1504 1573 1586; x_wconf 92' lang='lat' dir='ltr'><strong>qui</strong></span> <span class='ocrx_word' id='word_1_92' title='bbox 1642 1504 1912 1569; x_wconf 90' lang='lat' dir='ltr'><strong>missam</strong></span> <span class='ocrx_word' id='word_1_93' title='bbox 1968 1502 2305 1587; x_wconf 82' lang='lat' dir='ltr'><strong>religionis</strong></span> <span class='ocrx_word' id='word_1_94' title='bbox 2361 1503 2577 1585; x_wconf 88' lang='lat' dir='ltr'><strong>specie</strong></span> 
     </span>
     <span class='ocr_line' id='line_1_15' title="bbox 626 1588 2577 1671; baseline -0.003 -14"><span class='ocrx_word' id='word_1_95' title='bbox 626 1591 866 1670; x_wconf 90' lang='lat' dir='ltr'><strong>audiat,</strong></span> <span class='ocrx_word' id='word_1_96' title='bbox 912 1611 1061 1656; x_wconf 91' lang='lat' dir='ltr'><strong>eum</strong></span> <span class='ocrx_word' id='word_1_97' title='bbox 1103 1589 1395 1668; x_wconf 91' lang='lat' dir='ltr'><strong>totidem,</strong></span> <span class='ocrx_word' id='word_1_98' title='bbox 1440 1596 1601 1671; x_wconf 90' lang='lat' dir='ltr'><strong>quot</strong></span> <span class='ocrx_word' id='word_1_99' title='bbox 1633 1590 1706 1654; x_wconf 91' lang='lat' dir='ltr'><strong>in</strong></span> <span class='ocrx_word' id='word_1_100' title='bbox 1743 1610 1823 1655; x_wconf 89' lang='lat' dir='ltr'><strong>ea</strong></span> <span class='ocrx_word' id='word_1_101' title='bbox 1856 1596 2339 1671; x_wconf 86' lang='lat' dir='ltr'><strong>perpetrantur,</strong></span> <span class='ocrx_word' id='word_1_102' title='bbox 2375 1588 2577 1652; x_wconf 91' lang='lat' dir='ltr'><strong>sacri-</strong></span> 
     </span>
     <span class='ocr_line' id='line_1_16' title="bbox 623 1672 2577 1761; baseline -0.003 -18"><span class='ocrx_word' id='word_1_103' title='bbox 623 1677 944 1761; x_wconf 90' lang='lat' dir='ltr'><strong>legiorum</strong></span> <span class='ocrx_word' id='word_1_104' title='bbox 985 1682 1352 1741; x_wconf 88' lang='lat' dir='ltr'><strong>consortem</strong></span> <span class='ocrx_word' id='word_1_105' title='bbox 1396 1697 1467 1740; x_wconf 86' lang='lat' dir='ltr'><strong>se</strong></span> <span class='ocrx_word' id='word_1_106' title='bbox 1511 1673 1685 1758; x_wconf 89' lang='lat' dir='ltr'><strong>apud</strong></span> <span class='ocrx_word' id='word_1_107' title='bbox 1721 1675 2037 1753; x_wconf 89' lang='lat' dir='ltr'><strong>homines,</strong></span> <span class='ocrx_word' id='word_1_108' title='bbox 2082 1672 2397 1757; x_wconf 91' lang='lat' dir='ltr'><strong>quidquid</strong></span> <span class='ocrx_word' id='word_1_109' title='bbox 2433 1674 2577 1739; x_wconf 91' lang='lat' dir='ltr'><strong>ani-</strong></span> 
     </span>
     <span class='ocr_line' id='line_1_17' title="bbox 624 1759 2576 1844; baseline -0.002 -17"><span class='ocrx_word' id='word_1_110' title='bbox 624 1785 771 1828; x_wconf 89' lang='lat' dir='ltr'><strong>mus</strong></span> <span class='ocrx_word' id='word_1_111' title='bbox 809 1764 953 1827; x_wconf 92' lang='lat' dir='ltr'><strong>Deo</strong></span> <span class='ocrx_word' id='word_1_112' title='bbox 996 1763 1176 1827; x_wconf 91' lang='lat' dir='ltr'><strong>intus</strong></span> <span class='ocrx_word' id='word_1_113' title='bbox 1219 1767 1446 1839; x_wconf 90' lang='lat' dir='ltr'><strong>canat,</strong></span> <span class='ocrx_word' id='word_1_114' title='bbox 1502 1760 1843 1844; x_wconf 79' lang='lat' dir='ltr'><strong>profiteri?</strong></span> <span class='ocrx_word' id='word_1_115' title='bbox 1910 1760 2084 1826; x_wconf 89' lang='lat' dir='ltr'><strong>Ecce</strong></span> <span class='ocrx_word' id='word_1_116' title='bbox 2127 1760 2393 1826; x_wconf 91' lang='lat' dir='ltr'><strong>demum</strong></span> <span class='ocrx_word' id='word_1_117' title='bbox 2434 1759 2576 1825; x_wconf 90' lang='lat' dir='ltr'><strong>ido·</strong></span> 
     </span>
     <span class='ocr_line' id='line_1_18' title="bbox 619 1845 2578 1930; baseline -0.001 -17"><span class='ocrx_word' id='word_1_118' title='bbox 619 1848 761 1914; x_wconf 92' lang='lat' dir='ltr'><strong>lum</strong></span> <span class='ocrx_word' id='word_1_119' title='bbox 801 1847 983 1924; x_wconf 88' lang='lat' dir='ltr'><strong>illud,</strong></span> <span class='ocrx_word' id='word_1_120' title='bbox 1028 1847 1316 1930; x_wconf 91' lang='lat' dir='ltr'><strong>corporis</strong></span> <span class='ocrx_word' id='word_1_121' title='bbox 1359 1846 1624 1929; x_wconf 89' lang='lat' dir='ltr'><strong>quidem</strong></span> <span class='ocrx_word' id='word_1_122' title='bbox 1657 1846 1871 1929; x_wconf 90' lang='lat' dir='ltr'><strong>specie</strong></span> <span class='ocrx_word' id='word_1_123' title='bbox 1904 1845 2240 1929; x_wconf 89' lang='lat' dir='ltr'><strong>pusillum,</strong></span> <span class='ocrx_word' id='word_1_124' title='bbox 2276 1852 2578 1928; x_wconf 88' lang='lat' dir='ltr'><strong>aspectu-</strong></span> 
     </span>
     <span class='ocr_line' id='line_1_19' title="bbox 623 1930 2577 2018; baseline -0.002 -19"><span class='ocrx_word' id='word_1_125' title='bbox 623 1955 750 2018; x_wconf 88' lang='lat' dir='ltr'><strong>que</strong></span> <span class='ocrx_word' id='word_1_126' title='bbox 803 1931 1189 2011; x_wconf 88' lang='lat' dir='ltr'><strong>candidum,</strong></span> <span class='ocrx_word' id='word_1_127' title='bbox 1258 1931 1372 1997; x_wconf 90' lang='lat' dir='ltr'><strong>sed</strong></span> <span class='ocrx_word' id='word_1_128' title='bbox 1420 1932 1716 1997; x_wconf 91' lang='lat' dir='ltr'><strong>omnium</strong></span> <span class='ocrx_word' id='word_1_129' title='bbox 1766 1931 1964 2016; x_wconf 90' lang='lat' dir='ltr'><strong>longe</strong></span> <span class='ocrx_word' id='word_1_130' title='bbox 2010 1940 2077 1996; x_wconf 90' lang='lat' dir='ltr'><strong>et</strong></span> <span class='ocrx_word' id='word_1_131' title='bbox 2118 1930 2577 2015; x_wconf 88' lang='lat' dir='ltr'><strong>pestilentissi-</strong></span> 
     </span>
     <span class='ocr_line' id='line_1_20' title="bbox 620 2016 2576 2101; baseline -0.001 -17"><span class='ocrx_word' id='word_1_132' title='bbox 620 2041 807 2084; x_wconf 92' lang='lat' dir='ltr'><strong>mum</strong></span> <span class='ocrx_word' id='word_1_133' title='bbox 840 2026 908 2084; x_wconf 90' lang='lat' dir='ltr'><strong>et</strong></span> <span class='ocrx_word' id='word_1_134' title='bbox 941 2018 1370 2093; x_wconf 90' lang='lat' dir='ltr'><strong>teterrimum,</strong></span> <span class='ocrx_word' id='word_1_135' title='bbox 1396 2017 1480 2083; x_wconf 88' lang='lat' dir='ltr'><strong>ad</strong></span> <span class='ocrx_word' id='word_1_136' title='bbox 1516 2016 1878 2101; x_wconf 90' lang='lat' dir='ltr'><strong>tangendos</strong></span> <span class='ocrx_word' id='word_1_137' title='bbox 1902 2017 2369 2101; x_wconf 88' lang='lat' dir='ltr'><strong>superstitione</strong></span> <span class='ocrx_word' id='word_1_138' title='bbox 2391 2038 2576 2100; x_wconf 85' lang='lat' dir='ltr'><strong>spec·-</strong></span> 
     </span>
     <span class='ocr_line' id='line_1_21' title="bbox 620 2102 2579 2171; baseline -0.001 -1"><span class='ocrx_word' id='word_1_139' title='bbox 620 2112 910 2171; x_wconf 89' lang='lat' dir='ltr'><strong>tatorum</strong></span> <span class='ocrx_word' id='word_1_140' title='bbox 954 2104 1206 2169; x_wconf 89' lang='lat' dir='ltr'><strong>animos</strong></span> <span class='ocrx_word' id='word_1_141' title='bbox 1247 2102 1586 2168; x_wconf 83' lang='lat' dir='ltr'><strong>attollitur.</strong></span> <span class='ocrx_word' id='word_1_142' title='bbox 1675 2103 1854 2169; x_wconf 89' lang='lat' dir='ltr'><strong>Huic</strong></span> <span class='ocrx_word' id='word_1_143' title='bbox 1920 2103 2077 2168; x_wconf 91' lang='lat' dir='ltr'><strong>dum</strong></span> <span class='ocrx_word' id='word_1_144' title='bbox 2142 2124 2284 2168; x_wconf 88' lang='lat' dir='ltr'><strong>sese</strong></span> <span class='ocrx_word' id='word_1_145' title='bbox 2349 2124 2579 2169; x_wconf 89' lang='lat' dir='ltr'><strong>omnes</strong></span> 
     </span>
     <span class='ocr_line' id='line_1_22' title="bbox 621 2188 2575 2274; baseline -0.002 -18"><span class='ocrx_word' id='word_1_146' title='bbox 621 2190 969 2274; x_wconf 83' lang='lat' dir='ltr'><strong>stupefacti</strong></span> <span class='ocrx_word' id='word_1_147' title='bbox 1021 2188 1417 2268; x_wconf 81' lang='lat' dir='ltr'><strong>advolvunt,</strong></span> <span class='ocrx_word' id='word_1_148' title='bbox 1473 2197 1546 2252; x_wconf 87' lang='lat' dir='ltr'><strong>tu</strong></span> <span class='ocrx_word' id='word_1_149' title='bbox 1612 2188 1810 2254; x_wconf 91' lang='lat' dir='ltr'><strong>simul</strong></span> <span class='ocrx_word' id='word_1_150' title='bbox 1861 2210 2176 2255; x_wconf 91' lang='lat' dir='ltr'><strong>converso</strong></span> <span class='ocrx_word' id='word_1_151' title='bbox 2234 2190 2304 2254; x_wconf 93' lang='lat' dir='ltr'><strong>in</strong></span> <span class='ocrx_word' id='word_1_152' title='bbox 2357 2190 2575 2272; x_wconf 89' lang='lat' dir='ltr'><strong>ipsum</strong></span> 
     </span>
     <span class='ocr_line' id='line_1_23' title="bbox 621 2273 2576 2359; baseline -0.001 -17"><span class='ocrx_word' id='word_1_153' title='bbox 621 2277 889 2354; x_wconf 86' lang='lat' dir='ltr'><strong>intuitu,</strong></span> <span class='ocrx_word' id='word_1_154' title='bbox 925 2274 1427 2341; x_wconf 89' lang='lat' dir='ltr'><strong>venerabundus</strong></span> <span class='ocrx_word' id='word_1_155' title='bbox 1451 2276 1901 2359; x_wconf 81' lang='lat' dir='ltr'><strong>prosterneris.</strong></span> <span class='ocrx_word' id='word_1_156' title='bbox 1963 2273 2025 2341; x_wconf 92' lang='grc' dir='ltr'>Ο</span> <span class='ocrx_word' id='word_1_157' title='bbox 2062 2275 2388 2359; x_wconf 83' lang='lat' dir='ltr'><strong>perditam</strong></span> <span class='ocrx_word' id='word_1_158' title='bbox 2423 2296 2576 2340; x_wconf 88' lang='lat' dir='ltr'><strong>nos-</strong></span> 
     </span>
     <span class='ocr_line' id='line_1_24' title="bbox 621 2359 2576 2445; baseline -0.001 -18"><span class='ocrx_word' id='word_1_159' title='bbox 621 2370 798 2427; x_wconf 88' lang='lat' dir='ltr'><strong>tram</strong></span> <span class='ocrx_word' id='word_1_160' title='bbox 839 2361 932 2426; x_wconf 90' lang='lat' dir='ltr'><strong>im</strong></span> <span class='ocrx_word' id='word_1_161' title='bbox 978 2359 1344 2433; x_wconf 87' lang='lat' dir='ltr'><strong>udentiam:</strong></span> <span class='ocrx_word' id='word_1_162' title='bbox 1392 2361 1448 2426; x_wconf 89' lang='lat' dir='ltr'><strong>si</strong></span> <span class='ocrx_word' id='word_1_163' title='bbox 1492 2360 1848 2444; x_wconf 88' lang='lat' dir='ltr'><strong>quidquam</strong></span> <span class='ocrx_word' id='word_1_164' title='bbox 1881 2382 2126 2441; x_wconf 90' lang='lat' dir='ltr'><strong>eorum,</strong></span> <span class='ocrx_word' id='word_1_165' title='bbox 2169 2382 2337 2445; x_wconf 92' lang='lat' dir='ltr'><strong>quae</strong></span> <span class='ocrx_word' id='word_1_166' title='bbox 2370 2360 2576 2427; x_wconf 87' lang='lat' dir='ltr'><strong>sacris</strong></span> 
     </span>
     <span class='ocr_line' id='line_1_25' title="bbox 620 2383 2578 2529; baseline -0.001 -16"><span class='ocrx_word' id='word_1_167' title='bbox 620 2447 832 2513; x_wconf 91' lang='lat' dir='ltr'><strong>literis</strong></span> <span class='ocrx_word' id='word_1_168' title='bbox 885 2383 1203 2513; x_wconf 53' lang='lat' dir='ltr'><strong>adversus</strong></span> <span class='ocrx_word' id='word_1_169' title='bbox 1258 2445 1695 2513; x_wconf 86' lang='lat' dir='ltr'><strong>idololatriam</strong></span> <span class='ocrx_word' id='word_1_170' title='bbox 1749 2447 2013 2529; x_wconf 88' lang='lat' dir='ltr'><strong>prodita</strong></span> <span class='ocrx_word' id='word_1_171' title='bbox 2065 2456 2253 2527; x_wconf 90' lang='lat' dir='ltr'><strong>sunt,</strong></span> <span class='ocrx_word' id='word_1_172' title='bbox 2311 2447 2392 2513; x_wconf 87' lang='lat' dir='ltr'><strong>ab</strong></span> <span class='ocrx_word' id='word_1_173' title='bbox 2447 2448 2578 2512; x_wconf 89' lang='lat' dir='ltr'><strong>ista</strong></span> 
     </span>
     <span class='ocr_line' id='line_1_26' title="bbox 621 2530 2578 2617; baseline 0 -18"><span class='ocrx_word' id='word_1_174' title='bbox 621 2535 715 2600; x_wconf 91' lang='lat' dir='ltr'><strong>sic</strong></span> <span class='ocrx_word' id='word_1_175' title='bbox 771 2531 1180 2616; x_wconf 88' lang='lat' dir='ltr'><strong>deprehensa</strong></span> <span class='ocrx_word' id='word_1_176' title='bbox 1234 2533 1712 2615; x_wconf 90' lang='lat' dir='ltr'><strong>coniunctaque</strong></span> <span class='ocrx_word' id='word_1_177' title='bbox 1736 2534 1787 2615; x_wconf 88' lang='lat'><strong>¹)</strong></span> <span class='ocrx_word' id='word_1_178' title='bbox 1843 2530 2310 2617; x_wconf 82' lang='lat' dir='ltr'><strong>deprecamur?</strong></span> <span class='ocrx_word' id='word_1_179' title='bbox 2394 2531 2578 2614; x_wconf 77' lang='lat' dir='ltr'><strong>Quid</strong></span> 
     </span>
     <span class='ocr_line' id='line_1_27' title="bbox 620 2617 2578 2702; baseline -0.002 -16"><span class='ocrx_word' id='word_1_180' title='bbox 620 2618 841 2686; x_wconf 81' lang='lat' dir='ltr'><strong>enim?</strong></span> <span class='ocrx_word' id='word_1_181' title='bbox 901 2638 989 2683; x_wconf 90' lang='lat' dir='ltr'><strong>an</strong></span> <span class='ocrx_word' id='word_1_182' title='bbox 1044 2619 1167 2684; x_wconf 88' lang='lat' dir='ltr'><strong>hoc</strong></span> <span class='ocrx_word' id='word_1_183' title='bbox 1219 2626 1322 2685; x_wconf 90' lang='lat' dir='ltr'><strong>est</strong></span> <span class='ocrx_word' id='word_1_184' title='bbox 1383 2617 1565 2683; x_wconf 87' lang='lat' dir='ltr'><strong>aliud</strong></span> <span class='ocrx_word' id='word_1_185' title='bbox 1630 2617 1788 2683; x_wconf 84' lang='lat' dir='ltr'><strong>idoli</strong></span> <span class='ocrx_word' id='word_1_186' title='bbox 1840 2639 2079 2702; x_wconf 91' lang='lat' dir='ltr'><strong>genus,</strong></span> <span class='ocrx_word' id='word_1_187' title='bbox 2189 2639 2344 2683; x_wconf 90' lang='lat' dir='ltr'><strong>uam</strong></span> <span class='ocrx_word' id='word_1_188' title='bbox 2402 2618 2578 2701; x_wconf 91' lang='lat' dir='ltr'><strong>quod</strong></span> 
     </span>
     <span class='ocr_line' id='line_1_28' title="bbox 621 2703 2578 2788; baseline -0.002 -17"><span class='ocrx_word' id='word_1_189' title='bbox 621 2705 894 2771; x_wconf 89' lang='lat' dir='ltr'><strong>adorare</strong></span> <span class='ocrx_word' id='word_1_190' title='bbox 939 2703 1225 2770; x_wconf 89' lang='lat' dir='ltr'><strong>secundo</strong></span> <span class='ocrx_word' id='word_1_191' title='bbox 1268 2704 1433 2788; x_wconf 89' lang='lat' dir='ltr'><strong>legis</strong></span> <span class='ocrx_word' id='word_1_192' title='bbox 1476 2704 1685 2787; x_wconf 88' lang='lat' dir='ltr'><strong>capite</strong></span> <span class='ocrx_word' id='word_1_193' title='bbox 1727 2703 2075 2769; x_wconf 81' lang='lat' dir='ltr'><strong>vetamur?</strong></span> <span class='ocrx_word' id='word_1_194' title='bbox 2214 2704 2338 2770; x_wconf 89' lang='lat' dir='ltr'><strong>uod</strong></span> <span class='ocrx_word' id='word_1_195' title='bbox 2382 2705 2439 2769; x_wconf 90' lang='lat' dir='ltr'><strong>si</strong></span> <span class='ocrx_word' id='word_1_196' title='bbox 2480 2704 2578 2769; x_wconf 85' lang='lat' dir='ltr'><strong>ita</strong></span> 
     </span>
     <span class='ocr_line' id='line_1_29' title="bbox 622 2789 2576 2874; baseline 0.001 -19"><span class='ocrx_word' id='word_1_197' title='bbox 622 2799 753 2868; x_wconf 91' lang='lat' dir='ltr'><strong>est,</strong></span> <span class='ocrx_word' id='word_1_198' title='bbox 811 2811 926 2855; x_wconf 94' lang='lat' dir='ltr'><strong>cur</strong></span> <span class='ocrx_word' id='word_1_199' title='bbox 969 2790 1110 2854; x_wconf 91' lang='lat' dir='ltr'><strong>eius</strong></span> <span class='ocrx_word' id='word_1_200' title='bbox 1153 2789 1404 2855; x_wconf 91' lang='lat' dir='ltr'><strong>cultum</strong></span> <span class='ocrx_word' id='word_1_201' title='bbox 1443 2791 1694 2854; x_wconf 86' lang='lat' dir='ltr'><strong>minore</strong></span> <span class='ocrx_word' id='word_1_202' title='bbox 1734 2789 1969 2857; x_wconf 90' lang='lat' dir='ltr'><strong>delicto</strong></span> <span class='ocrx_word' id='word_1_203' title='bbox 1983 2841 2001 2869; x_wconf 92' lang='lat'><strong>,</strong></span> <span class='ocrx_word' id='word_1_204' title='bbox 2067 2811 2264 2874; x_wconf 91' lang='lat' dir='ltr'><strong>quam</strong></span> <span class='ocrx_word' id='word_1_205' title='bbox 2307 2789 2576 2874; x_wconf 80' lang='lat' dir='ltr'><strong>babylo-</strong></span> 
     </span>
     <span class='ocr_line' id='line_1_30' title="bbox 622 2875 2577 2958; baseline -0.001 -17"><span class='ocrx_word' id='word_1_206' title='bbox 622 2877 807 2942; x_wconf 85' lang='lat' dir='ltr'><strong>nicae</strong></span> <span class='ocrx_word' id='word_1_207' title='bbox 860 2875 1040 2940; x_wconf 89' lang='lat' dir='ltr'><strong>illius</strong></span> <span class='ocrx_word' id='word_1_208' title='bbox 1094 2882 1347 2939; x_wconf 87' lang='lat' dir='ltr'><strong>statuae</strong></span> <span class='ocrx_word' id='word_1_209' title='bbox 1400 2875 1827 2941; x_wconf 81' lang='lat' dir='ltr'><strong>censeamus?</strong></span> <span class='ocrx_word' id='word_1_210' title='bbox 1896 2897 2093 2958; x_wconf 91' lang='lat' dir='ltr'><strong>quem</strong></span> <span class='ocrx_word' id='word_1_211' title='bbox 2162 2882 2383 2941; x_wconf 87' lang='lat' dir='ltr'><strong>tamen</strong></span> <span class='ocrx_word' id='word_1_212' title='bbox 2440 2886 2577 2940; x_wconf 90' lang='lat' dir='ltr'><strong>tres</strong></span> 
     </span>
     <span class='ocr_line' id='line_1_31' title="bbox 621 2960 2579 3044; baseline 0.001 -17"><span class='ocrx_word' id='word_1_213' title='bbox 621 2961 721 3027; x_wconf 91' lang='lat' dir='ltr'><strong>illi</strong></span> <span class='ocrx_word' id='word_1_214' title='bbox 736 3012 751 3039; x_wconf 93' lang='lat'><strong>,</strong></span> <span class='ocrx_word' id='word_1_215' title='bbox 807 2981 970 3044; x_wconf 88' lang='lat' dir='ltr'><strong>quos</strong></span> <span class='ocrx_word' id='word_1_216' title='bbox 1026 2980 1227 3043; x_wconf 88' lang='lat' dir='ltr'><strong>supra</strong></span> <span class='ocrx_word' id='word_1_217' title='bbox 1282 2960 1655 3039; x_wconf 91' lang='lat' dir='ltr'><strong>retulimus,</strong></span> <span class='ocrx_word' id='word_1_218' title='bbox 1701 2960 2076 3041; x_wconf 87' lang='lat' dir='ltr'><strong>Israelitae,</strong></span> <span class='ocrx_word' id='word_1_219' title='bbox 2122 2969 2189 3027; x_wconf 92' lang='lat' dir='ltr'><strong>et</strong></span> <span class='ocrx_word' id='word_1_220' title='bbox 2230 2968 2462 3040; x_wconf 91' lang='lat' dir='ltr'><strong>morte,</strong></span> <span class='ocrx_word' id='word_1_221' title='bbox 2509 2967 2579 3028; x_wconf 90' lang='lat' dir='ltr'><strong>et</strong></span> 
     </span>
     <span class='ocr_line' id='line_1_32' title="bbox 622 3045 2578 3132; baseline -0.001 -18"><span class='ocrx_word' id='word_1_222' title='bbox 622 3047 947 3130; x_wconf 88' lang='lat' dir='ltr'><strong>exquisito</strong></span> <span class='ocrx_word' id='word_1_223' title='bbox 972 3045 1055 3110; x_wconf 89' lang='lat' dir='ltr'><strong>ad</strong></span> <span class='ocrx_word' id='word_1_224' title='bbox 1088 3046 1430 3113; x_wconf 87' lang='lat' dir='ltr'><strong>saevitiam</strong></span> <span class='ocrx_word' id='word_1_225' title='bbox 1466 3047 1696 3112; x_wconf 90' lang='lat' dir='ltr'><strong>mortis</strong></span> <span class='ocrx_word' id='word_1_226' title='bbox 1729 3068 1987 3131; x_wconf 86' lang='lat' dir='ltr'><strong>genere,</strong></span> <span class='ocrx_word' id='word_1_227' title='bbox 2030 3048 2297 3132; x_wconf 90' lang='lat' dir='ltr'><strong>gravius</strong></span> <span class='ocrx_word' id='word_1_228' title='bbox 2337 3048 2578 3113; x_wconf 88' lang='lat' dir='ltr'><strong>exhor-</strong></span> 
     </span>
     <span class='ocr_line' id='line_1_33' title="bbox 620 3128 2578 3218; baseline 0.001 -20"><span class='ocrx_word' id='word_1_229' title='bbox 620 3129 939 3198; x_wconf 80' lang='lat' dir='ltr'><strong>ruerunt?</strong></span> <span class='ocrx_word' id='word_1_230' title='bbox 1006 3128 1084 3197; x_wconf 84' lang='lat' dir='ltr'><strong>Si</strong></span> <span class='ocrx_word' id='word_1_231' title='bbox 1129 3130 1512 3215; x_wconf 84' lang='lat' dir='ltr'><strong>vulgaribus</strong></span> <span class='ocrx_word' id='word_1_232' title='bbox 1555 3154 1631 3199; x_wconf 88' lang='lat' dir='ltr'><strong>ac</strong></span> <span class='ocrx_word' id='word_1_233' title='bbox 1686 3132 2083 3216; x_wconf 88' lang='lat' dir='ltr'><strong>quibuslibet</strong></span> <span class='ocrx_word' id='word_1_234' title='bbox 2138 3134 2432 3218; x_wconf 91' lang='lat' dir='ltr'><strong>gentium</strong></span> <span class='ocrx_word' id='word_1_235' title='bbox 2472 3155 2578 3200; x_wconf 91' lang='lat' dir='ltr'><strong>su-</strong></span> 
     </span>
     <span class='ocr_line' id='line_1_34' title="bbox 621 3216 2575 3303; baseline 0.001 -20"><span class='ocrx_word' id='word_1_236' title='bbox 621 3216 1114 3303; x_wconf 88' lang='lat' dir='ltr'><strong>perstitionibus</strong></span> <span class='ocrx_word' id='word_1_237' title='bbox 1158 3217 1424 3283; x_wconf 89' lang='lat' dir='ltr'><strong>subesse</strong></span> <span class='ocrx_word' id='word_1_238' title='bbox 1467 3221 1862 3302; x_wconf 90' lang='lat' dir='ltr'><strong>pronunciat</strong></span> <span class='ocrx_word' id='word_1_239' title='bbox 1903 3218 2233 3285; x_wconf 90' lang='lat' dir='ltr'><strong>Dominus</strong></span> <span class='ocrx_word' id='word_1_240' title='bbox 2283 3221 2575 3284; x_wconf 89' lang='lat' dir='ltr'><strong>immun-</strong></span> 
     </span>
     <span class='ocr_line' id='line_1_35' title="bbox 623 3303 2572 3390; baseline 0.001 -20"><span class='ocrx_word' id='word_1_241' title='bbox 623 3304 855 3370; x_wconf 89' lang='lat' dir='ltr'><strong>ditiam</strong></span> <span class='ocrx_word' id='word_1_242' title='bbox 870 3304 930 3388; x_wconf 76' lang='lat'><strong>²)</strong></span> <span class='ocrx_word' id='word_1_243' title='bbox 973 3322 1109 3367; x_wconf 92' lang='lat' dir='ltr'><strong>non</strong></span> <span class='ocrx_word' id='word_1_244' title='bbox 1133 3303 1550 3387; x_wconf 89' lang='lat' dir='ltr'><strong>tangendam,</strong></span> <span class='ocrx_word' id='word_1_245' title='bbox 1594 3306 1665 3369; x_wconf 92' lang='lat' dir='ltr'><strong>in</strong></span> <span class='ocrx_word' id='word_1_246' title='bbox 1706 3313 1898 3371; x_wconf 82' lang='lat' dir='ltr'><strong>tanta</strong></span> <span class='ocrx_word' id='word_1_247' title='bbox 1929 3304 2223 3371; x_wconf 89' lang='lat' dir='ltr'><strong>sordium</strong></span> <span class='ocrx_word' id='word_1_248' title='bbox 2247 3307 2572 3390; x_wconf 83' lang='lat' dir='ltr'><strong>congerie,</strong></span> 
     </span>
     <span class='ocr_line' id='line_1_36' title="bbox 623 3389 2574 3475; baseline 0 -19"><span class='ocrx_word' id='word_1_249' title='bbox 623 3396 873 3475; x_wconf 89' lang='lat' dir='ltr'><strong>quanta</strong></span> <span class='ocrx_word' id='word_1_250' title='bbox 916 3389 1024 3454; x_wconf 89' lang='lat' dir='ltr'><strong>hic</strong></span> <span class='ocrx_word' id='word_1_251' title='bbox 1066 3396 1340 3468; x_wconf 90' lang='lat' dir='ltr'><strong>constat,</strong></span> <span class='ocrx_word' id='word_1_252' title='bbox 1384 3397 1488 3455; x_wconf 89' lang='lat' dir='ltr'><strong>tot</strong></span> <span class='ocrx_word' id='word_1_253' title='bbox 1528 3390 2021 3475; x_wconf 87' lang='lat' dir='ltr'><strong>sacrilegiorum</strong></span> <span class='ocrx_word' id='word_1_254' title='bbox 2063 3391 2344 3458; x_wconf 87' lang='lat' dir='ltr'><strong>cumulis</strong></span> <span class='ocrx_word' id='word_1_255' title='bbox 2386 3391 2574 3459; x_wconf 93' lang='lat' dir='ltr'><strong>volu-</strong></span> 
     </span>
     <span class='ocr_line' id='line_1_37' title="bbox 620 3474 2263 3561; baseline 0.001 -20"><span class='ocrx_word' id='word_1_256' title='bbox 620 3476 751 3541; x_wconf 89' lang='lat' dir='ltr'><strong>tari</strong></span> <span class='ocrx_word' id='word_1_257' title='bbox 796 3475 909 3558; x_wconf 89' lang='lat' dir='ltr'><strong>qui</strong></span> <span class='ocrx_word' id='word_1_258' title='bbox 960 3474 1155 3541; x_wconf 89' lang='lat' dir='ltr'><strong>liceat</strong></span> <span class='ocrx_word' id='word_1_259' title='bbox 1168 3474 1200 3537; x_wconf 88' lang='lat'><strong>?</strong></span> <span class='ocrx_word' id='word_1_260' title='bbox 1273 3476 1370 3541; x_wconf 89' lang='lat' dir='ltr'><strong>Ut</strong></span> <span class='ocrx_word' id='word_1_261' title='bbox 1424 3484 1646 3542; x_wconf 90' lang='lat' dir='ltr'><strong>autem</strong></span> <span class='ocrx_word' id='word_1_262' title='bbox 1703 3498 1932 3543; x_wconf 88' lang='lat' dir='ltr'><strong>omncs</strong></span> <span class='ocrx_word' id='word_1_263' title='bbox 1985 3477 2263 3561; x_wconf 86' lang='lat' dir='ltr'><strong>apostoli</strong></span> 
     </span>
     <span class='ocr_line' id='line_1_38' title="bbox 620 3559 2279 3644; baseline -0.001 -15"><span class='ocrx_word' id='word_1_264' title='bbox 620 3562 765 3642; x_wconf 86' lang='lat' dir='ltr'><strong>tias,</strong></span> <span class='ocrx_word' id='word_1_265' title='bbox 808 3559 1043 3644; x_wconf 88' lang='lat' dir='ltr'><strong>quibus</strong></span> <span class='ocrx_word' id='word_1_266' title='bbox 1079 3562 1152 3626; x_wconf 92' lang='lat' dir='ltr'><strong>in</strong></span> <span class='ocrx_word' id='word_1_267' title='bbox 1183 3559 1623 3628; x_wconf 90' lang='lat' dir='ltr'><strong>idololatriam</strong></span> <span class='ocrx_word' id='word_1_268' title='bbox 1661 3562 2016 3642; x_wconf 90' lang='lat' dir='ltr'><strong>invehitur,</strong></span> <span class='ocrx_word' id='word_1_269' title='bbox 2060 3564 2279 3629; x_wconf 88' lang='lat' dir='ltr'><strong>uncis</strong></span> 
     </span>
     <span class='ocr_line' id='line_1_39' title="bbox 621 3647 2572 3732; baseline -0.001 -17"><span class='ocrx_word' id='word_1_270' title='bbox 621 3647 1152 3731; x_wconf 87' lang='lat' dir='ltr'><strong>complectamur,</strong></span> <span class='ocrx_word' id='word_1_271' title='bbox 1191 3668 1325 3712; x_wconf 92' lang='lat' dir='ltr'><strong>non</strong></span> <span class='ocrx_word' id='word_1_272' title='bbox 1367 3669 1556 3730; x_wconf 91' lang='lat' dir='ltr'><strong>posse</strong></span> <span class='ocrx_word' id='word_1_273' title='bbox 1599 3669 1719 3714; x_wconf 92' lang='lat' dir='ltr'><strong>nos</strong></span> <span class='ocrx_word' id='word_1_274' title='bbox 1761 3670 2031 3715; x_wconf 90' lang='lat' dir='ltr'><strong>mensae</strong></span> <span class='ocrx_word' id='word_1_275' title='bbox 2075 3648 2572 3732; x_wconf 73' lang='lat' dir='ltr'><strong>daemoniorum</strong></span> 
     </span>
     <span class='ocr_line' id='line_1_40' title="bbox 621 3732 2572 3819; baseline 0 -18"><span class='ocrx_word' id='word_1_276' title='bbox 621 3741 690 3801; x_wconf 90' lang='lat' dir='ltr'><strong>et</strong></span> <span class='ocrx_word' id='word_1_277' title='bbox 730 3732 986 3801; x_wconf 88' lang='lat' dir='ltr'><strong>Ohristi</strong></span> <span class='ocrx_word' id='word_1_278' title='bbox 1027 3754 1294 3799; x_wconf 88' lang='lat' dir='ltr'><strong>mensae</strong></span> <span class='ocrx_word' id='word_1_279' title='bbox 1336 3754 1475 3800; x_wconf 89' lang='lat' dir='ltr'><strong>una</strong></span> <span class='ocrx_word' id='word_1_280' title='bbox 1510 3734 1659 3800; x_wconf 87' lang='lat' dir='ltr'><strong>fieri</strong></span> <span class='ocrx_word' id='word_1_281' title='bbox 1698 3736 2071 3819; x_wconf 88' lang='lat' dir='ltr'><strong>participes,</strong></span> <span class='ocrx_word' id='word_1_282' title='bbox 2114 3736 2259 3819; x_wconf 88' lang='lat' dir='ltr'><strong>quis</strong></span> <span class='ocrx_word' id='word_1_283' title='bbox 2295 3735 2379 3801; x_wconf 88' lang='lat' dir='ltr'><strong>ad</strong></span> <span class='ocrx_word' id='word_1_284' title='bbox 2412 3737 2572 3802; x_wconf 88' lang='lat' dir='ltr'><strong>mis-</strong></span> 
     </span>
     <span class='ocr_line' id='line_1_41' title="bbox 619 3818 2571 3903; baseline -0.001 -16"><span class='ocrx_word' id='word_1_285' title='bbox 619 3840 763 3887; x_wconf 84' lang='lat' dir='ltr'><strong>sam</strong></span> <span class='ocrx_word' id='word_1_286' title='bbox 803 3818 871 3884; x_wconf 92' lang='lat' dir='ltr'><strong>id</strong></span> <span class='ocrx_word' id='word_1_287' title='bbox 914 3827 1208 3902; x_wconf 89' lang='lat' dir='ltr'><strong>spectare</strong></span> <span class='ocrx_word' id='word_1_288' title='bbox 1248 3819 1491 3903; x_wconf 80' lang='lat' dir='ltr'><strong>neget?</strong></span> <span class='ocrx_word' id='word_1_289' title='bbox 1549 3822 1735 3886; x_wconf 87' lang='lat' dir='ltr'><strong>cuius</strong></span> <span class='ocrx_word' id='word_1_290' title='bbox 1793 3821 1999 3887; x_wconf 89' lang='lat' dir='ltr'><strong>altare</strong></span> <span class='ocrx_word' id='word_1_291' title='bbox 2043 3841 2274 3888; x_wconf 90' lang='lat' dir='ltr'><strong>eversa</strong></span> <span class='ocrx_word' id='word_1_292' title='bbox 2319 3822 2571 3888; x_wconf 81' lang='lat' dir='ltr'><strong>Christi</strong></span> 
     </span>
     <span class='ocr_line' id='line_1_42' title="bbox 618 3905 2567 3991; baseline 0.001 -19"><span class='ocrx_word' id='word_1_293' title='bbox 618 3926 849 3972; x_wconf 90' lang='lat' dir='ltr'><strong>mensa</strong></span> <span class='ocrx_word' id='word_1_294' title='bbox 904 3905 1211 3989; x_wconf 88' lang='lat' dir='ltr'><strong>erigitur:</strong></span> <span class='ocrx_word' id='word_1_295' title='bbox 1268 3906 1452 3972; x_wconf 91' lang='lat' dir='ltr'><strong>cuius</strong></span> <span class='ocrx_word' id='word_1_296' title='bbox 1505 3906 1775 3989; x_wconf 88' lang='lat' dir='ltr'><strong>epulum</strong></span> <span class='ocrx_word' id='word_1_297' title='bbox 1827 3905 2169 3991; x_wconf 88' lang='lat' dir='ltr'><strong>diremptis</strong></span> <span class='ocrx_word' id='word_1_298' title='bbox 2184 3957 2201 3985; x_wconf 96' lang='lat'><strong>,</strong></span> <span class='ocrx_word' id='word_1_299' title='bbox 2245 3906 2567 3987; x_wconf 89' lang='lat' dir='ltr'><strong>laceratis,</strong></span> 
     </span>
     <span class='ocr_line' id='line_1_43' title="bbox 617 3989 2569 4077; baseline 0.001 -20"><span class='ocrx_word' id='word_1_300' title='bbox 617 3989 966 4057; x_wconf 90' lang='lat' dir='ltr'><strong>sordidatis</strong></span> <span class='ocrx_word' id='word_1_301' title='bbox 1011 4012 1277 4057; x_wconf 85' lang='lat' dir='ltr'><strong>mensae</strong></span> <span class='ocrx_word' id='word_1_302' title='bbox 1321 3990 1573 4058; x_wconf 87' lang='lat' dir='ltr'><strong>Ohristi</strong></span> <span class='ocrx_word' id='word_1_303' title='bbox 1624 3991 1839 4075; x_wconf 91' lang='lat' dir='ltr'><strong>epulis</strong></span> <span class='ocrx_word' id='word_1_304' title='bbox 1879 3994 2270 4061; x_wconf 86' lang='lat' dir='ltr'><strong>instruitur:</strong></span> <span class='ocrx_word' id='word_1_305' title='bbox 2326 3994 2395 4057; x_wconf 93' lang='lat' dir='ltr'><strong>in</strong></span> <span class='ocrx_word' id='word_1_306' title='bbox 2440 4015 2569 4077; x_wconf 88' lang='lat' dir='ltr'><strong>qua</strong></span> 
     </span>
     <span class='ocr_line' id='line_1_44' title="bbox 620 4075 2570 4159; baseline 0.001 -17"><span class='ocrx_word' id='word_1_307' title='bbox 620 4075 928 4142; x_wconf 85' lang='lat' dir='ltr'><strong>Christus</strong></span> <span class='ocrx_word' id='word_1_308' title='bbox 974 4075 1359 4153; x_wconf 84' lang='lat' dir='ltr'><strong>traducitur,</strong></span> <span class='ocrx_word' id='word_1_309' title='bbox 1404 4078 1544 4142; x_wconf 91' lang='lat' dir='ltr'><strong>eius</strong></span> <span class='ocrx_word' id='word_1_310' title='bbox 1587 4100 1765 4145; x_wconf 91' lang='lat' dir='ltr'><strong>mors</strong></span> <span class='ocrx_word' id='word_1_311' title='bbox 1806 4078 2125 4159; x_wconf 87' lang='lat' dir='ltr'><strong>illuditur,</strong></span> <span class='ocrx_word' id='word_1_312' title='bbox 2169 4079 2570 4146; x_wconf 86' lang='lat' dir='ltr'><strong>exsecrabile</strong></span> 
     </span>
     <span class='ocr_line' id='line_1_45' title="bbox 617 4159 2569 4247; baseline 0.002 -20"><span class='ocrx_word' id='word_1_313' title='bbox 617 4182 738 4246; x_wconf 92' lang='lat' dir='ltr'><strong>pro</strong></span> <span class='ocrx_word' id='word_1_314' title='bbox 782 4159 928 4226; x_wconf 92' lang='lat' dir='ltr'><strong>Deo</strong></span> <span class='ocrx_word' id='word_1_315' title='bbox 971 4160 1222 4226; x_wconf 88' lang='lat' dir='ltr'><strong>idolum</strong></span> <span class='ocrx_word' id='word_1_316' title='bbox 1263 4165 1672 4247; x_wconf 88' lang='lat' dir='ltr'><strong>supponitur,</strong></span> <span class='ocrx_word' id='word_1_317' title='bbox 1722 4186 1868 4230; x_wconf 89' lang='lat' dir='ltr'><strong>eam</strong></span> <span class='ocrx_word' id='word_1_318' title='bbox 1910 4185 2148 4232; x_wconf 90' lang='lat' dir='ltr'><strong>vocare</strong></span> <span class='ocrx_word' id='word_1_319' title='bbox 2192 4165 2569 4232; x_wconf 88' lang='lat' dir='ltr'><strong>daemonio-</strong></span> 
     </span>
     <span class='ocr_line' id='line_1_46' title="bbox 618 4249 2570 4335; baseline 0.001 -21"><span class='ocrx_word' id='word_1_320' title='bbox 618 4270 768 4314; x_wconf 90' lang='lat' dir='ltr'><strong>rum</strong></span> <span class='ocrx_word' id='word_1_321' title='bbox 809 4267 1110 4312; x_wconf 88' lang='lat' dir='ltr'><strong>mensam</strong></span> <span class='ocrx_word' id='word_1_322' title='bbox 1152 4249 1588 4332; x_wconf 80' lang='lat' dir='ltr'><strong>suppudebit?</strong></span> <span class='ocrx_word' id='word_1_323' title='bbox 1632 4270 1708 4315; x_wconf 90' lang='lat' dir='ltr'><strong>ac</strong></span> <span class='ocrx_word' id='word_1_324' title='bbox 1742 4271 1878 4315; x_wconf 92' lang='lat' dir='ltr'><strong>non</strong></span> <span class='ocrx_word' id='word_1_325' title='bbox 1916 4252 2156 4335; x_wconf 90' lang='lat' dir='ltr'><strong>potius,</strong></span> <span class='ocrx_word' id='word_1_326' title='bbox 2202 4250 2376 4335; x_wconf 92' lang='lat' dir='ltr'><strong>quod</strong></span> <span class='ocrx_word' id='word_1_327' title='bbox 2419 4260 2570 4315; x_wconf 86' lang='lat' dir='ltr'><strong>tan-</strong></span> 
     </span>
     <span class='ocr_line' id='line_1_47' title="bbox 620 4332 2570 4422; baseline 0.001 -22"><span class='ocrx_word' id='word_1_328' title='bbox 620 4343 728 4400; x_wconf 89' lang='lat' dir='ltr'><strong>tae</strong></span> <span class='ocrx_word' id='word_1_329' title='bbox 770 4332 1125 4415; x_wconf 90' lang='lat' dir='ltr'><strong>impietatis</strong></span> <span class='ocrx_word' id='word_1_330' title='bbox 1164 4341 1459 4400; x_wconf 89' lang='lat' dir='ltr'><strong>meretur</strong></span> <span class='ocrx_word' id='word_1_331' title='bbox 1511 4336 1887 4417; x_wconf 90' lang='lat' dir='ltr'><strong>insolentia,</strong></span> <span class='ocrx_word' id='word_1_332' title='bbox 1946 4358 2193 4403; x_wconf 91' lang='lat' dir='ltr'><strong>novum</strong></span> <span class='ocrx_word' id='word_1_333' title='bbox 2235 4337 2570 4422; x_wconf 88' lang='lat' dir='ltr'><strong>excogita-</strong></span> 
     </span>
     <span class='ocr_line' id='line_1_48' title="bbox 619 4417 2570 4507; baseline 0.001 -21"><span class='ocrx_word' id='word_1_334' title='bbox 619 4420 839 4486; x_wconf 89' lang='lat' dir='ltr'><strong>bimus</strong></span> <span class='ocrx_word' id='word_1_335' title='bbox 882 4417 1147 4501; x_wconf 87' lang='lat' dir='ltr'><strong>aliquod</strong></span> <span class='ocrx_word' id='word_1_336' title='bbox 1183 4441 1440 4501; x_wconf 91' lang='lat' dir='ltr'><strong>nomen,</strong></span> <span class='ocrx_word' id='word_1_337' title='bbox 1487 4443 1616 4506; x_wconf 90' lang='lat' dir='ltr'><strong>quo</strong></span> <span class='ocrx_word' id='word_1_338' title='bbox 1651 4421 2099 4489; x_wconf 88' lang='lat' dir='ltr'><strong>detestabilius</strong></span> <span class='ocrx_word' id='word_1_339' title='bbox 2132 4422 2445 4507; x_wconf 89' lang='lat' dir='ltr'><strong>quiddam</strong></span> <span class='ocrx_word' id='word_1_340' title='bbox 2480 4421 2570 4507; x_wconf 90' lang='lat' dir='ltr'><strong>(si</strong></span> 
     </span>
     <span class='ocr_line' id='line_1_49' title="bbox 620 4504 2569 4588; baseline 0.001 -16"><span class='ocrx_word' id='word_1_341' title='bbox 620 4505 766 4572; x_wconf 89' lang='lat' dir='ltr'><strong>fieri</strong></span> <span class='ocrx_word' id='word_1_342' title='bbox 823 4504 1059 4587; x_wconf 89' lang='lat' dir='ltr'><strong>possit)</strong></span> <span class='ocrx_word' id='word_1_343' title='bbox 1116 4506 1542 4588; x_wconf 82' lang='lat' dir='ltr'><strong>exprimatur.</strong></span> <span class='ocrx_word' id='word_1_344' title='bbox 1618 4509 1711 4573; x_wconf 88' lang='lat' dir='ltr'><strong>Et</strong></span> <span class='ocrx_word' id='word_1_345' title='bbox 1763 4528 1925 4576; x_wconf 83' lang='lat' dir='ltr'><strong>sane</strong></span> <span class='ocrx_word' id='word_1_346' title='bbox 1982 4508 2062 4575; x_wconf 93' lang='lat' dir='ltr'><strong>de</strong></span> <span class='ocrx_word' id='word_1_347' title='bbox 2116 4529 2192 4574; x_wconf 90' lang='lat' dir='ltr'><strong>eo</strong></span> <span class='ocrx_word' id='word_1_348' title='bbox 2236 4509 2569 4575; x_wconf 88' lang='lat' dir='ltr'><strong>haesitare</strong></span> 
     </span>
     <span class='ocr_line' id='line_1_50' title="bbox 621 4588 2570 4678; baseline 0.003 -23"><span class='ocrx_word' id='word_1_349' title='bbox 621 4588 940 4675; x_wconf 91' lang='lat' dir='ltr'><strong>quomodo</strong></span> <span class='ocrx_word' id='word_1_350' title='bbox 993 4589 1369 4657; x_wconf 91' lang='lat' dir='ltr'><strong>hominibus</strong></span> <span class='ocrx_word' id='word_1_351' title='bbox 1422 4615 1553 4659; x_wconf 87' lang='lat' dir='ltr'><strong>non</strong></span> <span class='ocrx_word' id='word_1_352' title='bbox 1601 4615 1872 4678; x_wconf 90' lang='lat' dir='ltr'><strong>prorsus</strong></span> <span class='ocrx_word' id='word_1_353' title='bbox 1913 4595 2123 4661; x_wconf 84' lang='lat' dir='ltr'><strong>caecis</strong></span> <span class='ocrx_word' id='word_1_354' title='bbox 2164 4597 2234 4660; x_wconf 91' lang='lat' dir='ltr'><strong>in</strong></span> <span class='ocrx_word' id='word_1_355' title='bbox 2278 4605 2570 4661; x_wconf 90' lang='lat' dir='ltr'><strong>mentem</strong></span> 
     </span>
     <span class='ocr_line' id='line_1_51' title="bbox 619 4674 2569 4765; baseline 0.002 -21"><span class='ocrx_word' id='word_1_356' title='bbox 619 4677 876 4755; x_wconf 87' lang='lat' dir='ltr'><strong>veniat,</strong></span> <span class='ocrx_word' id='word_1_357' title='bbox 926 4674 1114 4742; x_wconf 87' lang='lat' dir='ltr'><strong>valde</strong></span> <span class='ocrx_word' id='word_1_358' title='bbox 1152 4678 1386 4756; x_wconf 89' lang='lat' dir='ltr'><strong>miror,</strong></span> <span class='ocrx_word' id='word_1_359' title='bbox 1444 4701 1529 4745; x_wconf 89' lang='lat' dir='ltr'><strong>an</strong></span> <span class='ocrx_word' id='word_1_360' title='bbox 1574 4680 2067 4746; x_wconf 85' lang='lat' dir='ltr'><strong>daemoniorum</strong></span> <span class='ocrx_word' id='word_1_361' title='bbox 2111 4702 2409 4747; x_wconf 90' lang='lat' dir='ltr'><strong>mensam</strong></span> <span class='ocrx_word' id='word_1_362' title='bbox 2453 4703 2569 4765; x_wconf 91' lang='lat' dir='ltr'><strong>ap-</strong></span> 
     </span>
     <span class='ocr_line' id='line_1_52' title="bbox 620 4762 2571 4851; baseline 0.001 -21"><span class='ocrx_word' id='word_1_363' title='bbox 620 4762 866 4847; x_wconf 86' lang='lat' dir='ltr'><strong>pellare</strong></span> <span class='ocrx_word' id='word_1_364' title='bbox 922 4762 1194 4829; x_wconf 87' lang='lat' dir='ltr'><strong>missam</strong></span> <span class='ocrx_word' id='word_1_365' title='bbox 1250 4763 1561 4846; x_wconf 90' lang='lat' dir='ltr'><strong>debeant,</strong></span> <span class='ocrx_word' id='word_1_366' title='bbox 1615 4765 1700 4831; x_wconf 89' lang='lat' dir='ltr'><strong>ad</strong></span> <span class='ocrx_word' id='word_1_367' title='bbox 1757 4788 1958 4851; x_wconf 89' lang='lat' dir='ltr'><strong>quam</strong></span> <span class='ocrx_word' id='word_1_368' title='bbox 2011 4766 2571 4834; x_wconf 85' lang='lat' dir='ltr'><strong>exaedificandam</strong></span> 
     </span>
    </p>
   </div>
   <div class='ocr_carea' id='block_1_3' title="bbox 2371 3486 2574 3632">
    <p class='ocr_par' dir='ltr' id='par_1_3' title="bbox 2371 3486 2574 3632">
     <span class='ocr_line' id='line_1_53' title="bbox 2378 3486 2574 3543; baseline 0.005 -1"><span class='ocrx_word' id='word_1_369' title='bbox 2378 3486 2574 3543; x_wconf 89' lang='lat' dir='ltr'><strong>nten-</strong></span> 
     </span>
     <span class='ocr_line' id='line_1_54' title="bbox 2371 3564 2573 3632; baseline -0.015 0"><span class='ocrx_word' id='word_1_370' title='bbox 2371 3564 2573 3632; x_wconf 88' lang='lat' dir='ltr'><strong>verbo</strong></span> 
     </span>
    </p>
   </div>
   <div class='ocr_carea' id='block_1_4' title="bbox 624 4947 937 4956">
    <p class='ocr_par' dir='ltr' id='par_1_4' title="bbox 624 4947 937 4956">
     <span class='ocr_line' id='line_1_55' title="bbox 624 4947 937 4956; baseline 0 0"><span class='ocrx_word' id='word_1_371' title='bbox 624 4947 937 4956; x_wconf 95' lang='lat' dir='ltr'><strong> </strong></span> 
     </span>
    </p>
   </div>
   <div class='ocr_carea' id='block_1_5' title="bbox 618 5063 2570 5265">
    <p class='ocr_par' dir='ltr' id='par_1_5' title="bbox 618 5063 2570 5265">
     <span class='ocr_line' id='line_1_56' title="bbox 760 5063 2570 5140; baseline 0.004 -17"><span class='ocrx_word' id='word_1_372' title='bbox 760 5070 820 5136; x_wconf 83' lang='lat'><strong>1)</strong></span> <span class='ocrx_word' id='word_1_373' title='bbox 861 5070 956 5126; x_wconf 77' lang='lat' dir='ltr'><strong>Sic</strong></span> <span class='ocrx_word' id='word_1_374' title='bbox 987 5072 1107 5126; x_wconf 70' lang='lat' dir='ltr'><strong>sola</strong></span> <span class='ocrx_word' id='word_1_375' title='bbox 1142 5071 1423 5140; x_wconf 74' lang='lat' dir='ltr'><strong>princeps.</strong></span> <span class='ocrx_word' id='word_1_376' title='bbox 1492 5063 1749 5128; x_wconf 66' lang='lat' dir='ltr'><strong>caeterae</strong></span> <span class='ocrx_word' id='word_1_377' title='bbox 1782 5090 1969 5134; x_wconf 71' lang='lat' dir='ltr'><strong>omnes</strong></span> <span class='ocrx_word' id='word_1_378' title='bbox 2001 5074 2316 5130; x_wconf 70' lang='lat' dir='ltr'><strong>mendant.-</strong></span> <span class='ocrx_word' id='word_1_379' title='bbox 2359 5075 2570 5130; x_wconf 85' lang='lat' dir='ltr'><strong>convic-</strong></span> 
     </span>
     <span class='ocr_line' id='line_1_57' title="bbox 618 5139 2570 5213; baseline 0.001 -19"><span class='ocrx_word' id='word_1_380' title='bbox 618 5147 800 5209; x_wconf 82' lang='lat' dir='ltr'><strong>taque.</strong></span> <span class='ocrx_word' id='word_1_381' title='bbox 863 5139 1059 5195; x_wconf 75' lang='lat' dir='ltr'><strong>Gallus</strong></span> <span class='ocrx_word' id='word_1_382' title='bbox 1092 5143 1256 5195; x_wconf 70' lang='lat' dir='ltr'><strong>etiam</strong></span> <span class='ocrx_word' id='word_1_383' title='bbox 1289 5140 1477 5195; x_wconf 77' lang='lat' dir='ltr'><strong>habet.-</strong></span> <span class='ocrx_word' id='word_1_384' title='bbox 1516 5144 1856 5199; x_wconf 82' lang='lat' dir='ltr'><strong>convaincue.</strong></span> <span class='ocrx_word' id='word_1_385' title='bbox 2066 5145 2125 5211; x_wconf 76' lang='lat'><strong>2)</strong></span> <span class='ocrx_word' id='word_1_386' title='bbox 2168 5143 2263 5199; x_wconf 78' lang='lat' dir='ltr'><strong>Sic</strong></span> <span class='ocrx_word' id='word_1_387' title='bbox 2294 5144 2570 5213; x_wconf 76' lang='lat' dir='ltr'><strong>princeps.</strong></span> 
     </span>
     <span class='ocr_line' id='line_1_58' title="bbox 624 5208 1340 5265; baseline 0 -1"><span class='ocrx_word' id='word_1_388' title='bbox 624 5208 909 5264; x_wconf 74' lang='lat' dir='ltr'><strong>Caeterae:</strong></span> <span class='ocrx_word' id='word_1_389' title='bbox 937 5209 1340 5265; x_wconf 88' lang='lat' dir='ltr'><strong>immunditiem.</strong></span> 
     </span>
    </p>
   </div>
   <div class='ocr_carea' id='block_1_6' title="bbox 2344 280 2906 350">
    <p class='ocr_par' dir='ltr' id='par_1_6' title="bbox 2344 280 2906 350">
     <span class='ocr_line' id='line_1_59' title="bbox 2344 280 2906 350; baseline -0.004 0"><span class='ocrx_word' id='word_1_390' title='bbox 2344 280 2812 350; x_wconf 64' lang='lat' dir='ltr'><strong>EPISOEOLA</strong></span> <span class='ocrx_word' id='word_1_391' title='bbox 2849 282 2906 348; x_wconf 89' lang='lat'><strong>1.</strong></span> 
     </span>
    </p>
   </div>
   <div class='ocr_carea' id='block_1_7' title="bbox 2621 471 2638 5245">
    <p class='ocr_par' dir='ltr' id='par_1_7' title="bbox 2621 471 2638 5245">
     <span class='ocr_line' id='line_1_60' title="bbox 2621 471 2638 5245; baseline 0 0"><span class='ocrx_word' id='word_1_392' title='bbox 2621 471 2638 5245; x_wconf 95' lang='lat' dir='ltr'><strong> </strong></span> 
     </span>
    </p>
   </div>
   <div class='ocr_carea' id='block_1_8' title="bbox 4502 283 4631 347">
    <p class='ocr_par' dir='ltr' id='par_1_8' title="bbox 4502 283 4631 347">
     <span class='ocr_line' id='line_1_61' title="bbox 4502 283 4631 347; baseline 0.008 -1"><span class='ocrx_word' id='word_1_393' title='bbox 4502 283 4631 347; x_wconf 79' lang='lat'><strong>260</strong></span> 
     </span>
    </p>
   </div>
   <div class='ocr_carea' id='block_1_9' title="bbox 2680 469 4637 1672">
    <p class='ocr_par' dir='ltr' id='par_1_9' title="bbox 2683 469 4631 640">
     <span class='ocr_line' id='line_1_62' title="bbox 2683 469 4631 553; baseline 0 -17"><span class='ocrx_word' id='word_1_394' title='bbox 2683 469 3235 553; x_wconf 84' lang='lat' dir='ltr'><strong>sternendamque</strong></span> <span class='ocrx_word' id='word_1_395' title='bbox 3248 520 3266 550; x_wconf 91' lang='lat'><strong>,</strong></span> <span class='ocrx_word' id='word_1_396' title='bbox 3321 490 3550 552; x_wconf 83' lang='lat' dir='ltr'><strong>omnes</strong></span> <span class='ocrx_word' id='word_1_397' title='bbox 3593 469 3984 537; x_wconf 89' lang='lat' dir='ltr'><strong>daemonum</strong></span> <span class='ocrx_word' id='word_1_398' title='bbox 4029 470 4333 549; x_wconf 86' lang='lat' dir='ltr'><strong>technas,</strong></span> <span class='ocrx_word' id='word_1_399' title='bbox 4379 470 4631 538; x_wconf 85' lang='lat' dir='ltr'><strong>machi-</strong></span> 
     </span>
     <span class='ocr_line' id='line_1_63' title="bbox 2683 556 4264 640; baseline -0.001 -18"><span class='ocrx_word' id='word_1_400' title='bbox 2683 558 2842 635; x_wconf 80' lang='lat' dir='ltr'><strong>nas,‘</strong></span> <span class='ocrx_word' id='word_1_401' title='bbox 2868 556 3086 639; x_wconf 85' lang='lat' dir='ltr'><strong>copias</strong></span> <span class='ocrx_word' id='word_1_402' title='bbox 3128 557 3552 636; x_wconf 83' lang='lat' dir='ltr'><strong>concurrisse,</strong></span> <span class='ocrx_word' id='word_1_403' title='bbox 3596 557 3794 640; x_wconf 89' lang='lat' dir='ltr'><strong>plane</strong></span> <span class='ocrx_word' id='word_1_404' title='bbox 3838 556 4264 639; x_wconf 89' lang='lat' dir='ltr'><strong>conspiciunt.</strong></span> 
     </span>
    </p>

    <p class='ocr_par' dir='ltr' id='par_1_10' title="bbox 2680 639 4637 1672">
     <span class='ocr_line' id='line_1_64' title="bbox 2857 639 4632 727; baseline 0.002 -22"><span class='ocrx_word' id='word_1_405' title='bbox 2857 648 3003 721; x_wconf 76' lang='lat' dir='ltr'><strong>[pag.</strong></span> <span class='ocrx_word' id='word_1_406' title='bbox 3031 647 3146 717; x_wconf 77' lang='lat'>251·</span> <span class='ocrx_word' id='word_1_407' title='bbox 3184 639 3440 707; x_wconf 81' lang='lat' dir='ltr'><strong>Verum</strong></span> <span class='ocrx_word' id='word_1_408' title='bbox 3485 663 3698 708; x_wconf 87' lang='lat' dir='ltr'><strong>novae</strong></span> <span class='ocrx_word' id='word_1_409' title='bbox 3719 664 3984 708; x_wconf 89' lang='lat' dir='ltr'><strong>rursum</strong></span> <span class='ocrx_word' id='word_1_410' title='bbox 4019 643 4332 727; x_wconf 86' lang='lat' dir='ltr'><strong>ambages</strong></span> <span class='ocrx_word' id='word_1_411' title='bbox 4367 642 4449 707; x_wconf 90' lang='lat' dir='ltr'><strong>ab</strong></span> <span class='ocrx_word' id='word_1_412' title='bbox 4484 642 4632 709; x_wconf 88' lang='lat' dir='ltr'><strong>aliis</strong></span> 
     </span>
     <span class='ocr_line' id='line_1_65' title="bbox 2682 725 4629 812; baseline 0.001 -21"><span class='ocrx_word' id='word_1_413' title='bbox 2682 727 2848 791; x_wconf 89' lang='lat' dir='ltr'><strong>mihi</strong></span> <span class='ocrx_word' id='word_1_414' title='bbox 2892 725 3357 792; x_wconf 88' lang='lat' dir='ltr'><strong>obtenduntur.</strong></span> <span class='ocrx_word' id='word_1_415' title='bbox 3425 727 3598 792; x_wconf 86' lang='lat' dir='ltr'><strong>Nam</strong></span> <span class='ocrx_word' id='word_1_416' title='bbox 3643 748 3871 794; x_wconf 90' lang='lat' dir='ltr'><strong>eorum</strong></span> <span class='ocrx_word' id='word_1_417' title='bbox 3915 727 4248 806; x_wconf 87' lang='lat' dir='ltr'><strong>nonnulli,</strong></span> <span class='ocrx_word' id='word_1_418' title='bbox 4294 729 4408 812; x_wconf 87' lang='lat' dir='ltr'><strong>qui</strong></span> <span class='ocrx_word' id='word_1_419' title='bbox 4451 728 4629 808; x_wconf 71' lang='lat' dir='ltr'><strong>olim,</strong></span> 
     </span>
     <span class='ocr_line' id='line_1_66' title="bbox 2681 813 4632 900; baseline 0.001 -22"><span class='ocrx_word' id='word_1_420' title='bbox 2681 834 2885 896; x_wconf 90' lang='lat' dir='ltr'><strong>quum</strong></span> <span class='ocrx_word' id='word_1_421' title='bbox 2927 814 2999 877; x_wconf 90' lang='lat' dir='ltr'><strong>in</strong></span> <span class='ocrx_word' id='word_1_422' title='bbox 3042 814 3375 879; x_wconf 92' lang='lat' dir='ltr'><strong>communi</strong></span> <span class='ocrx_word' id='word_1_423' title='bbox 3417 834 3716 879; x_wconf 88' lang='lat' dir='ltr'><strong>errorum</strong></span> <span class='ocrx_word' id='word_1_424' title='bbox 3765 813 4144 900; x_wconf 81' lang='lat' dir='ltr'><strong>labyrintho</strong></span> <span class='ocrx_word' id='word_1_425' title='bbox 4185 823 4632 893; x_wconf 88' lang='lat' dir='ltr'><strong>versarentur,</strong></span> 
     </span>
     <span class='ocr_line' id='line_1_67' title="bbox 2681 896 4634 981; baseline 0.001 -16"><span class='ocrx_word' id='word_1_426' title='bbox 2681 896 3030 965; x_wconf 89' lang='lat' dir='ltr'><strong>sacerdotii</strong></span> <span class='ocrx_word' id='word_1_427' title='bbox 3074 899 3327 981; x_wconf 90' lang='lat' dir='ltr'><strong>papalis</strong></span> <span class='ocrx_word' id='word_1_428' title='bbox 3380 900 3522 964; x_wconf 89' lang='lat' dir='ltr'><strong>oleo</strong></span> <span class='ocrx_word' id='word_1_429' title='bbox 3587 900 3842 967; x_wconf 88' lang='lat' dir='ltr'><strong>inuncti</strong></span> <span class='ocrx_word' id='word_1_430' title='bbox 3905 901 4200 977; x_wconf 84' lang='lat' dir='ltr'><strong>fuerunt,</strong></span> <span class='ocrx_word' id='word_1_431' title='bbox 4259 901 4332 964; x_wconf 94' lang='lat' dir='ltr'><strong>in</strong></span> <span class='ocrx_word' id='word_1_432' title='bbox 4390 902 4634 967; x_wconf 87' lang='lat' dir='ltr'><strong>veteris</strong></span> 
     </span>
     <span class='ocr_line' id='line_1_68' title="bbox 2681 984 4637 1069; baseline 0.001 -20"><span class='ocrx_word' id='word_1_433' title='bbox 2681 986 3041 1050; x_wconf 85' lang='lat' dir='ltr'><strong>etiamnum</strong></span> <span class='ocrx_word' id='word_1_434' title='bbox 3077 984 3278 1050; x_wconf 86' lang='lat' dir='ltr'><strong>harae</strong></span> <span class='ocrx_word' id='word_1_435' title='bbox 3313 984 3712 1051; x_wconf 89' lang='lat' dir='ltr'><strong>stercoribus</strong></span> <span class='ocrx_word' id='word_1_436' title='bbox 3747 985 4120 1052; x_wconf 86' lang='lat' dir='ltr'><strong>considunt:</strong></span> <span class='ocrx_word' id='word_1_437' title='bbox 4157 994 4224 1050; x_wconf 90' lang='lat' dir='ltr'><strong>et</strong></span> <span class='ocrx_word' id='word_1_438' title='bbox 4255 1006 4637 1069; x_wconf 87' lang='lat' dir='ltr'><strong>quanquam</strong></span> 
     </span>
     <span class='ocr_line' id='line_1_69' title="bbox 2681 1069 4634 1152; baseline 0.002 -18"><span class='ocrx_word' id='word_1_439' title='bbox 2681 1069 2763 1135; x_wconf 91' lang='lat' dir='ltr'><strong>de</strong></span> <span class='ocrx_word' id='word_1_440' title='bbox 2817 1069 3013 1135; x_wconf 92' lang='lat' dir='ltr'><strong>unico</strong></span> <span class='ocrx_word' id='word_1_441' title='bbox 3069 1077 3459 1152; x_wconf 86' lang='lat' dir='ltr'><strong>aeternoque</strong></span> <span class='ocrx_word' id='word_1_442' title='bbox 3513 1071 3761 1138; x_wconf 84' lang='lat' dir='ltr'><strong>Christi</strong></span> <span class='ocrx_word' id='word_1_443' title='bbox 3819 1071 4206 1151; x_wconf 89' lang='lat' dir='ltr'><strong>sacerdotio,</strong></span> <span class='ocrx_word' id='word_1_444' title='bbox 4259 1073 4389 1137; x_wconf 90' lang='lat' dir='ltr'><strong>Dei</strong></span> <span class='ocrx_word' id='word_1_445' title='bbox 4431 1072 4634 1138; x_wconf 87' lang='lat' dir='ltr'><strong>bene-</strong></span> 
     </span>
     <span class='ocr_line' id='line_1_70' title="bbox 2680 1155 4636 1238; baseline 0.001 -15"><span class='ocrx_word' id='word_1_446' title='bbox 2680 1156 2857 1235; x_wconf 89' lang='lat' dir='ltr'><strong>ficio,</strong></span> <span class='ocrx_word' id='word_1_447' title='bbox 2913 1155 3247 1238; x_wconf 89' lang='lat' dir='ltr'><strong>praeclare</strong></span> <span class='ocrx_word' id='word_1_448' title='bbox 3290 1164 3449 1222; x_wconf 88' lang='lat' dir='ltr'><strong>sunt</strong></span> <span class='ocrx_word' id='word_1_449' title='bbox 3491 1156 3730 1237; x_wconf 88' lang='lat' dir='ltr'><strong>edocti,</strong></span> <span class='ocrx_word' id='word_1_450' title='bbox 3776 1159 4143 1223; x_wconf 88' lang='lat' dir='ltr'><strong>sacrificare</strong></span> <span class='ocrx_word' id='word_1_451' title='bbox 4198 1157 4636 1225; x_wconf 86' lang='lat' dir='ltr'><strong>nihilominus</strong></span> 
     </span>
     <span class='ocr_line' id='line_1_71' title="bbox 2682 1241 4634 1326; baseline 0.002 -20"><span class='ocrx_word' id='word_1_452' title='bbox 2682 1249 2994 1325; x_wconf 88' lang='lat' dir='ltr'><strong>pergunt:</strong></span> <span class='ocrx_word' id='word_1_453' title='bbox 3038 1241 3234 1324; x_wconf 89' lang='lat' dir='ltr'><strong>idque</strong></span> <span class='ocrx_word' id='word_1_454' title='bbox 3268 1248 3346 1307; x_wconf 91' lang='lat' dir='ltr'><strong>ut</strong></span> <span class='ocrx_word' id='word_1_455' title='bbox 3377 1243 3649 1325; x_wconf 87' lang='lat' dir='ltr'><strong>impune</strong></span> <span class='ocrx_word' id='word_1_456' title='bbox 3684 1244 3811 1310; x_wconf 88' lang='lat' dir='ltr'><strong>sibi</strong></span> <span class='ocrx_word' id='word_1_457' title='bbox 3845 1244 4053 1320; x_wconf 88' lang='lat' dir='ltr'><strong>liceat,</strong></span> <span class='ocrx_word' id='word_1_458' title='bbox 4089 1244 4440 1326; x_wconf 75' lang='lat' dir='ltr'><strong>postulant.</strong></span> <span class='ocrx_word' id='word_1_459' title='bbox 4493 1245 4634 1309; x_wconf 88' lang='lat' dir='ltr'><strong>Im-</strong></span> 
     </span>
     <span class='ocr_line' id='line_1_72' title="bbox 2682 1328 4635 1413; baseline 0.002 -21"><span class='ocrx_word' id='word_1_460' title='bbox 2682 1328 2935 1411; x_wconf 89' lang='lat' dir='ltr'><strong>pudens</strong></span> <span class='ocrx_word' id='word_1_461' title='bbox 2977 1348 3136 1393; x_wconf 89' lang='lat' dir='ltr'><strong>sane</strong></span> <span class='ocrx_word' id='word_1_462' title='bbox 3179 1328 3598 1411; x_wconf 87' lang='lat' dir='ltr'><strong>postulatum.</strong></span> <span class='ocrx_word' id='word_1_463' title='bbox 3665 1329 3923 1413; x_wconf 89' lang='lat' dir='ltr'><strong>Nempe</strong></span> <span class='ocrx_word' id='word_1_464' title='bbox 3965 1337 4044 1395; x_wconf 91' lang='lat' dir='ltr'><strong>ut</strong></span> <span class='ocrx_word' id='word_1_465' title='bbox 4062 1329 4305 1395; x_wconf 88' lang='lat' dir='ltr'><strong>missae</strong></span> <span class='ocrx_word' id='word_1_466' title='bbox 4326 1350 4635 1412; x_wconf 87' lang='lat' dir='ltr'><strong>praeesse</strong></span> 
     </span>
     <span class='ocr_line' id='line_1_73' title="bbox 2681 1411 4634 1498; baseline 0.003 -21"><span class='ocrx_word' id='word_1_467' title='bbox 2681 1412 2806 1477; x_wconf 92' lang='lat' dir='ltr'><strong>sibi</strong></span> <span class='ocrx_word' id='word_1_468' title='bbox 2840 1411 3262 1478; x_wconf 89' lang='lat' dir='ltr'><strong>concedatur:</strong></span> <span class='ocrx_word' id='word_1_469' title='bbox 3307 1414 3415 1480; x_wconf 87' lang='lat' dir='ltr'><strong>cui</strong></span> <span class='ocrx_word' id='word_1_470' title='bbox 3457 1436 3540 1479; x_wconf 92' lang='lat' dir='ltr'><strong>ne</strong></span> <span class='ocrx_word' id='word_1_471' title='bbox 3590 1414 3904 1481; x_wconf 88' lang='lat' dir='ltr'><strong>interesse</strong></span> <span class='ocrx_word' id='word_1_472' title='bbox 3942 1414 4208 1498; x_wconf 87' lang='lat' dir='ltr'><strong>quidem</strong></span> <span class='ocrx_word' id='word_1_473' title='bbox 4253 1415 4634 1482; x_wconf 87' lang='lat' dir='ltr'><strong>christianis</strong></span> 
     </span>
     <span class='ocr_line' id='line_1_74' title="bbox 2680 1498 4628 1583; baseline 0.002 -19"><span class='ocrx_word' id='word_1_474' title='bbox 2680 1498 3086 1578; x_wconf 90' lang='lat' dir='ltr'><strong>hominibus,</strong></span> <span class='ocrx_word' id='word_1_475' title='bbox 3142 1498 3388 1564; x_wconf 91' lang='lat' dir='ltr'><strong>iamdiu</strong></span> <span class='ocrx_word' id='word_1_476' title='bbox 3421 1499 3842 1566; x_wconf 88' lang='lat' dir='ltr'><strong>validissimis</strong></span> <span class='ocrx_word' id='word_1_477' title='bbox 3880 1502 4241 1583; x_wconf 83' lang='lat' dir='ltr'><strong>rationibus</strong></span> <span class='ocrx_word' id='word_1_478' title='bbox 4284 1502 4628 1568; x_wconf 88' lang='lat' dir='ltr'><strong>contendo.</strong></span> 
     </span>
     <span class='ocr_line' id='line_1_75' title="bbox 2681 1582 4629 1672; baseline 0.003 -24"><span class='ocrx_word' id='word_1_479' title='bbox 2681 1582 2866 1664; x_wconf 76' lang='lat' dir='ltr'><strong>Quas</strong></span> <span class='ocrx_word' id='word_1_480' title='bbox 2920 1590 3144 1649; x_wconf 89' lang='lat' dir='ltr'><strong>tamen</strong></span> <span class='ocrx_word' id='word_1_481' title='bbox 3197 1584 3282 1650; x_wconf 90' lang='lat' dir='ltr'><strong>ad</strong></span> <span class='ocrx_word' id='word_1_482' title='bbox 3326 1585 3717 1652; x_wconf 88' lang='lat' dir='ltr'><strong>elabendum</strong></span> <span class='ocrx_word' id='word_1_483' title='bbox 3763 1588 4122 1672; x_wconf 87' lang='lat' dir='ltr'><strong>argutiolas</strong></span> <span class='ocrx_word' id='word_1_484' title='bbox 4165 1596 4464 1666; x_wconf 87' lang='lat' dir='ltr'><strong>nectant,</strong></span> <span class='ocrx_word' id='word_1_485' title='bbox 4511 1610 4629 1654; x_wconf 89' lang='lat' dir='ltr'><strong>au-</strong></span> 
     </span>
    </p>
   </div>
   <div class='ocr_carea' id='block_1_10' title="bbox 2631 1669 4629 1756">
    <p class='ocr_par' dir='ltr' id='par_1_11' title="bbox 2631 1669 4629 1756">
     <span class='ocr_line' id='line_1_76' title="bbox 2631 1669 4629 1756; baseline 0.003 -22"><span class='ocrx_word' id='word_1_486' title='bbox 2631 1704 2640 1733; x_wconf 51' lang='lat'><em>»</em></span> <span class='ocrx_word' id='word_1_487' title='bbox 2681 1669 2821 1734; x_wconf 90' lang='lat' dir='ltr'><strong>dire</strong></span> <span class='ocrx_word' id='word_1_488' title='bbox 2854 1670 3271 1754; x_wconf 75' lang='lat' dir='ltr'><strong>refutareque</strong></span> <span class='ocrx_word' id='word_1_489' title='bbox 3306 1670 3518 1737; x_wconf 90' lang='lat' dir='ltr'><strong>obiter</strong></span> <span class='ocrx_word' id='word_1_490' title='bbox 3549 1692 3786 1754; x_wconf 92' lang='lat' dir='ltr'><strong>operae</strong></span> <span class='ocrx_word' id='word_1_491' title='bbox 3820 1674 4102 1756; x_wconf 91' lang='lat' dir='ltr'><strong>pretium</strong></span> <span class='ocrx_word' id='word_1_492' title='bbox 4139 1681 4256 1739; x_wconf 91' lang='lat' dir='ltr'><strong>est.</strong></span> <span class='ocrx_word' id='word_1_493' title='bbox 4326 1672 4629 1754; x_wconf 76' lang='lat' dir='ltr'><strong>Quando,</strong></span> 
     </span>
    </p>
   </div>
   <div class='ocr_carea' id='block_1_11' title="bbox 2671 1756 4637 5020">
    <p class='ocr_par' dir='ltr' id='par_1_12' title="bbox 2671 1756 4637 5020">
     <span class='ocr_line' id='line_1_77' title="bbox 2677 1756 4633 1841; baseline 0.003 -21"><span class='ocrx_word' id='word_1_494' title='bbox 2677 1756 3006 1839; x_wconf 90' lang='lat' dir='ltr'><strong>inquiunt,</strong></span> <span class='ocrx_word' id='word_1_495' title='bbox 3052 1777 3263 1839; x_wconf 78' lang='lat' dir='ltr'><strong>neque</strong></span> <span class='ocrx_word' id='word_1_496' title='bbox 3305 1757 3623 1841; x_wconf 87' lang='lat' dir='ltr'><strong>sacrilega</strong></span> <span class='ocrx_word' id='word_1_497' title='bbox 3663 1757 3779 1823; x_wconf 91' lang='lat' dir='ltr'><strong>illa</strong></span> <span class='ocrx_word' id='word_1_498' title='bbox 3811 1758 4198 1825; x_wconf 90' lang='lat' dir='ltr'><strong>immolandi</strong></span> <span class='ocrx_word' id='word_1_499' title='bbox 4233 1758 4486 1826; x_wconf 88' lang='lat' dir='ltr'><strong>Ohristi</strong></span> <span class='ocrx_word' id='word_1_500' title='bbox 4523 1781 4633 1826; x_wconf 89' lang='lat' dir='ltr'><strong>co-</strong></span> 
     </span>
     <span class='ocr_line' id='line_1_78' title="bbox 2681 1841 4633 1931; baseline 0.004 -26"><span class='ocrx_word' id='word_1_501' title='bbox 2681 1841 2931 1925; x_wconf 88' lang='lat' dir='ltr'><strong>gitatio,</strong></span> <span class='ocrx_word' id='word_1_502' title='bbox 2975 1862 3099 1908; x_wconf 91' lang='lat' dir='ltr'><strong>nec</strong></span> <span class='ocrx_word' id='word_1_503' title='bbox 3120 1862 3291 1908; x_wconf 86' lang='lat' dir='ltr'><strong>vana</strong></span> <span class='ocrx_word' id='word_1_504' title='bbox 3333 1841 3417 1908; x_wconf 90' lang='lat' dir='ltr'><strong>de</strong></span> <span class='ocrx_word' id='word_1_505' title='bbox 3453 1844 3645 1927; x_wconf 89' lang='lat' dir='ltr'><strong>panis</strong></span> <span class='ocrx_word' id='word_1_506' title='bbox 3686 1845 3759 1909; x_wconf 92' lang='lat' dir='ltr'><strong>in</strong></span> <span class='ocrx_word' id='word_1_507' title='bbox 3799 1845 4019 1910; x_wconf 92' lang='lat' dir='ltr'><strong>Deum</strong></span> <span class='ocrx_word' id='word_1_508' title='bbox 4059 1845 4448 1911; x_wconf 88' lang='lat' dir='ltr'><strong>transitione</strong></span> <span class='ocrx_word' id='word_1_509' title='bbox 4489 1848 4633 1931; x_wconf 89' lang='lat' dir='ltr'><strong>opi-</strong></span> 
     </span>
     <span class='ocr_line' id='line_1_79' title="bbox 2679 1927 4635 2014; baseline 0.004 -23"><span class='ocrx_word' id='word_1_510' title='bbox 2679 1927 2810 2007; x_wconf 86' lang='lat' dir='ltr'><strong>nio,</strong></span> <span class='ocrx_word' id='word_1_511' title='bbox 2845 1947 3056 2011; x_wconf 90' lang='lat' dir='ltr'><strong>neque</strong></span> <span class='ocrx_word' id='word_1_512' title='bbox 3090 1949 3318 1993; x_wconf 90' lang='lat' dir='ltr'><strong>earum</strong></span> <span class='ocrx_word' id='word_1_513' title='bbox 3352 1931 3892 2012; x_wconf 87' lang='lat' dir='ltr'><strong>superstitionum</strong></span> <span class='ocrx_word' id='word_1_514' title='bbox 3917 1951 4085 2014; x_wconf 89' lang='lat' dir='ltr'><strong>quae</strong></span> <span class='ocrx_word' id='word_1_515' title='bbox 4119 1932 4387 1996; x_wconf 91' lang='lat' dir='ltr'><strong>missam</strong></span> <span class='ocrx_word' id='word_1_516' title='bbox 4418 1933 4635 2014; x_wconf 86' lang='lat' dir='ltr'><strong>ipsam</strong></span> 
     </span>
     <span class='ocr_line' id='line_1_80' title="bbox 2678 2011 4632 2096; baseline 0.004 -20"><span class='ocrx_word' id='word_1_517' title='bbox 2678 2011 2950 2096; x_wconf 90' lang='lat' dir='ltr'><strong>impiam</strong></span> <span class='ocrx_word' id='word_1_518' title='bbox 3003 2012 3255 2078; x_wconf 83' lang='lat' dir='ltr'><strong>faciunt</strong></span> <span class='ocrx_word' id='word_1_519' title='bbox 3296 2016 3533 2080; x_wconf 89' lang='lat' dir='ltr'><strong>animis</strong></span> <span class='ocrx_word' id='word_1_520' title='bbox 3587 2016 3831 2082; x_wconf 89' lang='lat' dir='ltr'><strong>nostris</strong></span> <span class='ocrx_word' id='word_1_521' title='bbox 3873 2015 4010 2081; x_wconf 91' lang='lat' dir='ltr'><strong>ulla</strong></span> <span class='ocrx_word' id='word_1_522' title='bbox 4051 2015 4294 2082; x_wconf 87' lang='lat' dir='ltr'><strong>insidet</strong></span> <span class='ocrx_word' id='word_1_523' title='bbox 4308 2068 4323 2095; x_wconf 90' lang='lat'><strong>,</strong></span> <span class='ocrx_word' id='word_1_524' title='bbox 4369 2017 4632 2083; x_wconf 83' lang='lat' dir='ltr'><strong>externi</strong></span> 
     </span>
     <span class='ocr_line' id='line_1_81' title="bbox 2680 2099 4632 2186; baseline 0.002 -22"><span class='ocrx_word' id='word_1_525' title='bbox 2680 2099 2879 2179; x_wconf 91' lang='lat' dir='ltr'><strong>ritus,</strong></span> <span class='ocrx_word' id='word_1_526' title='bbox 2936 2120 3219 2181; x_wconf 88' lang='lat' dir='ltr'><strong>quorum</strong></span> <span class='ocrx_word' id='word_1_527' title='bbox 3269 2103 3867 2183; x_wconf 86' lang='lat' dir='ltr'><strong>repraesentatione</strong></span> <span class='ocrx_word' id='word_1_528' title='bbox 3923 2101 4334 2168; x_wconf 80' lang='lat' dir='ltr'><strong>indoctorum</strong></span> <span class='ocrx_word' id='word_1_529' title='bbox 4387 2104 4632 2186; x_wconf 86' lang='lat' dir='ltr'><strong>iniqui-</strong></span> 
     </span>
     <span class='ocr_line' id='line_1_82' title="bbox 2680 2184 4633 2273; baseline 0.003 -23"><span class='ocrx_word' id='word_1_530' title='bbox 2680 2185 2805 2250; x_wconf 89' lang='lat' dir='ltr'><strong>tati</strong></span> <span class='ocrx_word' id='word_1_531' title='bbox 2847 2184 3222 2251; x_wconf 83' lang='lat' dir='ltr'><strong>satisfacere</strong></span> <span class='ocrx_word' id='word_1_532' title='bbox 3256 2188 3567 2270; x_wconf 87' lang='lat' dir='ltr'><strong>cogimur,</strong></span> <span class='ocrx_word' id='word_1_533' title='bbox 3605 2188 3833 2271; x_wconf 88' lang='lat' dir='ltr'><strong>quales</strong></span> <span class='ocrx_word' id='word_1_534' title='bbox 3867 2189 4017 2266; x_wconf 92' lang='lat' dir='ltr'><strong>sint,</strong></span> <span class='ocrx_word' id='word_1_535' title='bbox 4060 2209 4193 2253; x_wconf 93' lang='lat' dir='ltr'><strong>non</strong></span> <span class='ocrx_word' id='word_1_536' title='bbox 4233 2209 4633 2273; x_wconf 86' lang='lat' dir='ltr'><strong>magnopere</strong></span> 
     </span>
     <span class='ocr_line' id='line_1_83' title="bbox 2680 2271 4634 2356; baseline 0.003 -21"><span class='ocrx_word' id='word_1_537' title='bbox 2680 2271 2914 2335; x_wconf 88' lang='lat' dir='ltr'><strong>refert:</strong></span> <span class='ocrx_word' id='word_1_538' title='bbox 2960 2290 3082 2337; x_wconf 92' lang='lat' dir='ltr'><strong>nec</strong></span> <span class='ocrx_word' id='word_1_539' title='bbox 3116 2293 3272 2337; x_wconf 91' lang='lat' dir='ltr'><strong>vero</strong></span> <span class='ocrx_word' id='word_1_540' title='bbox 3306 2281 3598 2356; x_wconf 89' lang='lat' dir='ltr'><strong>possunt,</strong></span> <span class='ocrx_word' id='word_1_541' title='bbox 3640 2294 3767 2356; x_wconf 93' lang='lat' dir='ltr'><strong>quo</strong></span> <span class='ocrx_word' id='word_1_542' title='bbox 3802 2275 4021 2339; x_wconf 87' lang='lat' dir='ltr'><strong>minus</strong></span> <span class='ocrx_word' id='word_1_543' title='bbox 4055 2294 4173 2356; x_wconf 89' lang='lat' dir='ltr'><strong>pro</strong></span> <span class='ocrx_word' id='word_1_544' title='bbox 4207 2275 4410 2340; x_wconf 88' lang='lat' dir='ltr'><strong>missa</strong></span> <span class='ocrx_word' id='word_1_545' title='bbox 4441 2296 4634 2340; x_wconf 91' lang='lat' dir='ltr'><strong>sanc-</strong></span> 
     </span>
     <span class='ocr_line' id='line_1_84' title="bbox 2680 2357 4634 2445; baseline 0.003 -23"><span class='ocrx_word' id='word_1_546' title='bbox 2680 2364 2818 2422; x_wconf 86' lang='lat' dir='ltr'><strong>tam</strong></span> <span class='ocrx_word' id='word_1_547' title='bbox 2866 2357 3140 2423; x_wconf 92' lang='lat' dir='ltr'><strong>Domini</strong></span> <span class='ocrx_word' id='word_1_548' title='bbox 3191 2379 3461 2424; x_wconf 89' lang='lat' dir='ltr'><strong>coenam</strong></span> <span class='ocrx_word' id='word_1_549' title='bbox 3513 2358 3946 2439; x_wconf 87' lang='lat' dir='ltr'><strong>celebremus,</strong></span> <span class='ocrx_word' id='word_1_550' title='bbox 4016 2360 4354 2445; x_wconf 69' lang='lat' dir='ltr'><strong>impedire.</strong></span> <span class='ocrx_word' id='word_1_551' title='bbox 4458 2361 4634 2427; x_wconf 86' lang='lat' dir='ltr'><strong>Nam</strong></span> 
     </span>
     <span class='ocr_line' id='line_1_85' title="bbox 2682 2443 4633 2527; baseline 0.004 -21"><span class='ocrx_word' id='word_1_552' title='bbox 2682 2443 2961 2507; x_wconf 89' lang='lat' dir='ltr'><strong>nimium</strong></span> <span class='ocrx_word' id='word_1_553' title='bbox 3014 2464 3329 2527; x_wconf 90' lang='lat' dir='ltr'><strong>perversa</strong></span> <span class='ocrx_word' id='word_1_554' title='bbox 3369 2445 3501 2509; x_wconf 85' lang='lat' dir='ltr'><strong>ista</strong></span> <span class='ocrx_word' id='word_1_555' title='bbox 3542 2444 3742 2509; x_wconf 85' lang='lat' dir='ltr'><strong>fuerit</strong></span> <span class='ocrx_word' id='word_1_556' title='bbox 3782 2446 4153 2511; x_wconf 85' lang='lat' dir='ltr'><strong>morositas:</strong></span> <span class='ocrx_word' id='word_1_557' title='bbox 4199 2447 4473 2512; x_wconf 85' lang='lat' dir='ltr'><strong>missam</strong></span> <span class='ocrx_word' id='word_1_558' title='bbox 4515 2470 4633 2513; x_wconf 89' lang='lat' dir='ltr'><strong>ex-</strong></span> 
     </span>
     <span class='ocr_line' id='line_1_86' title="bbox 2680 2529 4634 2614; baseline 0.003 -22"><span class='ocrx_word' id='word_1_559' title='bbox 2680 2536 2872 2593; x_wconf 90' lang='lat' dir='ltr'><strong>terna</strong></span> <span class='ocrx_word' id='word_1_560' title='bbox 2915 2530 3475 2595; x_wconf 87' lang='lat' dir='ltr'><strong>caeremoniarum</strong></span> <span class='ocrx_word' id='word_1_561' title='bbox 3517 2529 3703 2596; x_wconf 89' lang='lat' dir='ltr'><strong>larva</strong></span> <span class='ocrx_word' id='word_1_562' title='bbox 3744 2531 4126 2614; x_wconf 87' lang='lat' dir='ltr'><strong>levibusque</strong></span> <span class='ocrx_word' id='word_1_563' title='bbox 4160 2531 4488 2597; x_wconf 90' lang='lat' dir='ltr'><strong>duntaxat</strong></span> <span class='ocrx_word' id='word_1_564' title='bbox 4527 2535 4634 2599; x_wconf 91' lang='lat' dir='ltr'><strong>in-</strong></span> 
     </span>
     <span class='ocr_line' id='line_1_87' title="bbox 2678 2615 4635 2700; baseline 0.003 -21"><span class='ocrx_word' id='word_1_565' title='bbox 2678 2615 2873 2698; x_wconf 87' lang='lat' dir='ltr'><strong>eptiis</strong></span> <span class='ocrx_word' id='word_1_566' title='bbox 2914 2615 3293 2695; x_wconf 84' lang='lat' dir='ltr'><strong>aestimare,</strong></span> <span class='ocrx_word' id='word_1_567' title='bbox 3336 2636 3473 2680; x_wconf 91' lang='lat' dir='ltr'><strong>non</strong></span> <span class='ocrx_word' id='word_1_568' title='bbox 3574 2618 3748 2683; x_wconf 89' lang='lat' dir='ltr'><strong>ravis</strong></span> <span class='ocrx_word' id='word_1_569' title='bbox 3790 2616 4202 2700; x_wconf 88' lang='lat' dir='ltr'><strong>opinionibus</strong></span> <span class='ocrx_word' id='word_1_570' title='bbox 4246 2637 4323 2683; x_wconf 89' lang='lat' dir='ltr'><strong>ac</strong></span> <span class='ocrx_word' id='word_1_571' title='bbox 4364 2620 4635 2685; x_wconf 87' lang='lat' dir='ltr'><strong>sacrile-</strong></span> 
     </span>
     <span class='ocr_line' id='line_1_88' title="bbox 2680 2698 4636 2785; baseline 0.004 -23"><span class='ocrx_word' id='word_1_572' title='bbox 2680 2701 2784 2785; x_wconf 84' lang='lat' dir='ltr'><strong>gis</strong></span> <span class='ocrx_word' id='word_1_573' title='bbox 2824 2698 3202 2779; x_wconf 89' lang='lat' dir='ltr'><strong>mendaciis,</strong></span> <span class='ocrx_word' id='word_1_574' title='bbox 3249 2701 3483 2783; x_wconf 87' lang='lat' dir='ltr'><strong>quibus</strong></span> <span class='ocrx_word' id='word_1_575' title='bbox 3525 2723 3598 2766; x_wconf 89' lang='lat' dir='ltr'><strong>1n</strong></span> <span class='ocrx_word' id='word_1_576' title='bbox 3639 2703 3837 2768; x_wconf 91' lang='lat' dir='ltr'><strong>rebus</strong></span> <span class='ocrx_word' id='word_1_577' title='bbox 3895 2704 4092 2769; x_wconf 89' lang='lat' dir='ltr'><strong>sitam</strong></span> <span class='ocrx_word' id='word_1_578' title='bbox 4135 2725 4280 2769; x_wconf 88' lang='lat' dir='ltr'><strong>esse</strong></span> <span class='ocrx_word' id='word_1_579' title='bbox 4322 2706 4464 2770; x_wconf 89' lang='lat' dir='ltr'><strong>eius</strong></span> <span class='ocrx_word' id='word_1_580' title='bbox 4506 2707 4636 2770; x_wconf 91' lang='lat' dir='ltr'><strong>im-</strong></span> 
     </span>
     <span class='ocr_line' id='line_1_89' title="bbox 2679 2786 4636 2873; baseline 0.004 -23"><span class='ocrx_word' id='word_1_581' title='bbox 2679 2786 2993 2870; x_wconf 88' lang='lat' dir='ltr'><strong>pietatem</strong></span> <span class='ocrx_word' id='word_1_582' title='bbox 3048 2806 3274 2852; x_wconf 88' lang='lat' dir='ltr'><strong>omnes</strong></span> <span class='ocrx_word' id='word_1_583' title='bbox 3324 2787 3627 2853; x_wconf 89' lang='lat' dir='ltr'><strong>fatemur.</strong></span> <span class='ocrx_word' id='word_1_584' title='bbox 3720 2787 3987 2855; x_wconf 89' lang='lat' dir='ltr'><strong>Omissa</strong></span> <span class='ocrx_word' id='word_1_585' title='bbox 4048 2789 4253 2873; x_wconf 90' lang='lat' dir='ltr'><strong>igitur</strong></span> <span class='ocrx_word' id='word_1_586' title='bbox 4313 2791 4636 2857; x_wconf 83' lang='lat' dir='ltr'><strong>offerendi</strong></span> 
     </span>
     <span class='ocr_line' id='line_1_90' title="bbox 2680 2869 4632 2956; baseline 0.005 -22"><span class='ocrx_word' id='word_1_587' title='bbox 2680 2869 3035 2952; x_wconf 89' lang='lat' dir='ltr'><strong>mentione,</strong></span> <span class='ocrx_word' id='word_1_588' title='bbox 3082 2874 3625 2955; x_wconf 89' lang='lat' dir='ltr'><strong>superstitionum</strong></span> <span class='ocrx_word' id='word_1_589' title='bbox 3665 2874 3964 2940; x_wconf 90' lang='lat' dir='ltr'><strong>omnium</strong></span> <span class='ocrx_word' id='word_1_590' title='bbox 4007 2872 4304 2942; x_wconf 84' lang='lat' dir='ltr'><strong>vanitate</strong></span> <span class='ocrx_word' id='word_1_591' title='bbox 4351 2877 4632 2956; x_wconf 89' lang='lat' dir='ltr'><strong>sublata,</strong></span> 
     </span>
     <span class='ocr_line' id='line_1_91' title="bbox 2680 2957 4635 3046; baseline 0.004 -23"><span class='ocrx_word' id='word_1_592' title='bbox 2680 2958 2735 3024; x_wconf 88' lang='lat' dir='ltr'><strong>si</strong></span> <span class='ocrx_word' id='word_1_593' title='bbox 2788 2972 3058 3023; x_wconf 89' lang='lat' dir='ltr'><strong>coenam</strong></span> <span class='ocrx_word' id='word_1_594' title='bbox 3114 2957 3416 3038; x_wconf 89' lang='lat' dir='ltr'><strong>Domini,</strong></span> <span class='ocrx_word' id='word_1_595' title='bbox 3473 2980 3602 3043; x_wconf 91' lang='lat' dir='ltr'><strong>quo</strong></span> <span class='ocrx_word' id='word_1_596' title='bbox 3661 2960 3855 3026; x_wconf 92' lang='lat' dir='ltr'><strong>modo</strong></span> <span class='ocrx_word' id='word_1_597' title='bbox 3909 2983 4027 3045; x_wconf 89' lang='lat' dir='ltr'><strong>per</strong></span> <span class='ocrx_word' id='word_1_598' title='bbox 4077 2962 4333 3046; x_wconf 89' lang='lat' dir='ltr'><strong>iniquos</strong></span> <span class='ocrx_word' id='word_1_599' title='bbox 4387 2963 4635 3030; x_wconf 84' lang='lat' dir='ltr'><strong>saeculi</strong></span> 
     </span>
     <span class='ocr_line' id='line_1_92' title="bbox 2677 3043 4636 3132; baseline 0.005 -24"><span class='ocrx_word' id='word_1_600' title='bbox 2677 3064 2895 3108; x_wconf 87' lang='lat' dir='ltr'><strong>mores</strong></span> <span class='ocrx_word' id='word_1_601' title='bbox 2955 3043 3140 3123; x_wconf 89' lang='lat' dir='ltr'><strong>licet,</strong></span> <span class='ocrx_word' id='word_1_602' title='bbox 3209 3046 3419 3111; x_wconf 90' lang='lat' dir='ltr'><strong>colere</strong></span> <span class='ocrx_word' id='word_1_603' title='bbox 3488 3067 3608 3112; x_wconf 86' lang='lat' dir='ltr'><strong>nos</strong></span> <span class='ocrx_word' id='word_1_604' title='bbox 3672 3047 3840 3112; x_wconf 89' lang='lat' dir='ltr'><strong>nihil</strong></span> <span class='ocrx_word' id='word_1_605' title='bbox 3904 3048 4293 3132; x_wconf 90' lang='lat' dir='ltr'><strong>ambigitur,</strong></span> <span class='ocrx_word' id='word_1_606' title='bbox 4360 3050 4636 3117; x_wconf 83' lang='lat' dir='ltr'><strong>frivolas</strong></span> 
     </span>
     <span class='ocr_line' id='line_1_93' title="bbox 2677 3127 4635 3218; baseline 0.003 -23"><span class='ocrx_word' id='word_1_607' title='bbox 2677 3127 2994 3214; x_wconf 88' lang='lat' dir='ltr'><strong>quasdam</strong></span> <span class='ocrx_word' id='word_1_608' title='bbox 3029 3132 3586 3197; x_wconf 87' lang='lat' dir='ltr'><strong>caeremoniarum</strong></span> <span class='ocrx_word' id='word_1_609' title='bbox 3621 3154 3851 3218; x_wconf 89' lang='lat' dir='ltr'><strong>nugas,</strong></span> <span class='ocrx_word' id='word_1_610' title='bbox 3896 3135 4186 3218; x_wconf 87' lang='lat' dir='ltr'><strong>ingentis</strong></span> <span class='ocrx_word' id='word_1_611' title='bbox 4228 3135 4494 3201; x_wconf 89' lang='lat' dir='ltr'><strong>sceleris</strong></span> <span class='ocrx_word' id='word_1_612' title='bbox 4527 3137 4635 3201; x_wconf 89' lang='lat' dir='ltr'><strong>in-</strong></span> 
     </span>
     <span class='ocr_line' id='line_1_94' title="bbox 2679 3216 4636 3303; baseline 0.003 -21"><span class='ocrx_word' id='word_1_613' title='bbox 2679 3223 2834 3294; x_wconf 87' lang='lat' dir='ltr'><strong>star,</strong></span> <span class='ocrx_word' id='word_1_614' title='bbox 2879 3216 3189 3282; x_wconf 88' lang='lat' dir='ltr'><strong>insectari</strong></span> <span class='ocrx_word' id='word_1_615' title='bbox 3223 3238 3538 3301; x_wconf 89' lang='lat' dir='ltr'><strong>perquam</strong></span> <span class='ocrx_word' id='word_1_616' title='bbox 3580 3217 3929 3303; x_wconf 87' lang='lat' dir='ltr'><strong>indignum</strong></span> <span class='ocrx_word' id='word_1_617' title='bbox 3973 3228 4091 3285; x_wconf 90' lang='lat' dir='ltr'><strong>est.</strong></span> <span class='ocrx_word' id='word_1_618' title='bbox 4162 3221 4256 3286; x_wconf 89' lang='lat' dir='ltr'><strong>At</strong></span> <span class='ocrx_word' id='word_1_619' title='bbox 4296 3221 4355 3287; x_wconf 93' lang='lat' dir='ltr'><strong>si</strong></span> <span class='ocrx_word' id='word_1_620' title='bbox 4399 3242 4636 3287; x_wconf 91' lang='lat' dir='ltr'><strong>eorum</strong></span> 
     </span>
     <span class='ocr_line' id='line_1_95' title="bbox 2679 3301 4636 3389; baseline 0.002 -21"><span class='ocrx_word' id='word_1_621' title='bbox 2679 3301 3053 3385; x_wconf 87' lang='lat' dir='ltr'><strong>quempiam</strong></span> <span class='ocrx_word' id='word_1_622' title='bbox 3107 3324 3191 3368; x_wconf 92' lang='lat' dir='ltr'><strong>ex</strong></span> <span class='ocrx_word' id='word_1_623' title='bbox 3244 3303 3519 3370; x_wconf 89' lang='lat' dir='ltr'><strong>adverso</strong></span> <span class='ocrx_word' id='word_1_624' title='bbox 3572 3303 3946 3389; x_wconf 87' lang='lat' dir='ltr'><strong>aggrediar:</strong></span> <span class='ocrx_word' id='word_1_625' title='bbox 4021 3326 4293 3371; x_wconf 85' lang='lat' dir='ltr'><strong>coenam</strong></span> <span class='ocrx_word' id='word_1_626' title='bbox 4357 3306 4636 3373; x_wconf 86' lang='lat' dir='ltr'><strong>Domini</strong></span> 
     </span>
     <span class='ocr_line' id='line_1_96' title="bbox 2678 3388 4633 3477; baseline 0.004 -25"><span class='ocrx_word' id='word_1_627' title='bbox 2678 3388 2817 3453; x_wconf 87' lang='lat' dir='ltr'><strong>suis</strong></span> <span class='ocrx_word' id='word_1_628' title='bbox 2860 3395 2928 3452; x_wconf 92' lang='lat' dir='ltr'><strong>et</strong></span> <span class='ocrx_word' id='word_1_629' title='bbox 2967 3388 3181 3472; x_wconf 89' lang='lat' dir='ltr'><strong>ipsam</strong></span> <span class='ocrx_word' id='word_1_630' title='bbox 3225 3390 3679 3470; x_wconf 90' lang='lat' dir='ltr'><strong>caeremoniis,</strong></span> <span class='ocrx_word' id='word_1_631' title='bbox 3739 3412 4156 3476; x_wconf 87' lang='lat' dir='ltr'><strong>nequaquam</strong></span> <span class='ocrx_word' id='word_1_632' title='bbox 4198 3392 4633 3477; x_wconf 85' lang='lat' dir='ltr'><strong>negligendis,</strong></span> 
     </span>
     <span class='ocr_line' id='line_1_97' title="bbox 2678 3475 4635 3561; baseline 0.003 -21"><span class='ocrx_word' id='word_1_633' title='bbox 2678 3483 2992 3554; x_wconf 88' lang='lat' dir='ltr'><strong>constare,</strong></span> <span class='ocrx_word' id='word_1_634' title='bbox 3038 3475 3213 3558; x_wconf 89' lang='lat' dir='ltr'><strong>quod</strong></span> <span class='ocrx_word' id='word_1_635' title='bbox 3256 3485 3323 3540; x_wconf 89' lang='lat' dir='ltr'><strong>et</strong></span> <span class='ocrx_word' id='word_1_636' title='bbox 3367 3497 3408 3540; x_wconf 89' lang='lat' dir='ltr'><strong>a</strong></span> <span class='ocrx_word' id='word_1_637' title='bbox 3450 3476 3715 3542; x_wconf 87' lang='lat' dir='ltr'><strong>coelesti</strong></span> <span class='ocrx_word' id='word_1_638' title='bbox 3749 3479 4064 3561; x_wconf 89' lang='lat' dir='ltr'><strong>magistro</strong></span> <span class='ocrx_word' id='word_1_639' title='bbox 4101 3478 4236 3544; x_wconf 91' lang='lat' dir='ltr'><strong>sint</strong></span> <span class='ocrx_word' id='word_1_640' title='bbox 4267 3479 4635 3560; x_wconf 88' lang='lat' dir='ltr'><strong>institutae,</strong></span> 
     </span>
     <span class='ocr_line' id='line_1_98' title="bbox 2677 3560 4637 3648; baseline 0.004 -24"><span class='ocrx_word' id='word_1_641' title='bbox 2677 3566 2746 3624; x_wconf 90' lang='lat' dir='ltr'><strong>et</strong></span> <span class='ocrx_word' id='word_1_642' title='bbox 2790 3560 2884 3626; x_wconf 90' lang='lat' dir='ltr'><strong>sic</strong></span> <span class='ocrx_word' id='word_1_643' title='bbox 2928 3561 3288 3642; x_wconf 89' lang='lat' dir='ltr'><strong>institutae,</strong></span> <span class='ocrx_word' id='word_1_644' title='bbox 3324 3570 3402 3627; x_wconf 92' lang='lat' dir='ltr'><strong>ut</strong></span> <span class='ocrx_word' id='word_1_645' title='bbox 3441 3563 3707 3645; x_wconf 88' lang='lat' dir='ltr'><strong>propria</strong></span> <span class='ocrx_word' id='word_1_646' title='bbox 3750 3571 3972 3630; x_wconf 89' lang='lat' dir='ltr'><strong>essent</strong></span> <span class='ocrx_word' id='word_1_647' title='bbox 4011 3584 4456 3648; x_wconf 90' lang='lat' dir='ltr'><strong>germanaque</strong></span> <span class='ocrx_word' id='word_1_648' title='bbox 4487 3569 4637 3632; x_wconf 73' lang='lat' dir='ltr'><strong>coe-</strong></span> 
     </span>
     <span class='ocr_line' id='line_1_99' title="bbox 2674 3646 4632 3733; baseline 0.004 -22"><span class='ocrx_word' id='word_1_649' title='bbox 2674 3666 2798 3711; x_wconf 88' lang='lat' dir='ltr'><strong>nae</strong></span> <span class='ocrx_word' id='word_1_650' title='bbox 2843 3646 3169 3731; x_wconf 83' lang='lat' dir='ltr'><strong>symbola,</strong></span> <span class='ocrx_word' id='word_1_651' title='bbox 3207 3649 3443 3731; x_wconf 91' lang='lat' dir='ltr'><strong>quibus</strong></span> <span class='ocrx_word' id='word_1_652' title='bbox 3489 3648 3801 3726; x_wconf 90' lang='lat' dir='ltr'><strong>sublatis,</strong></span> <span class='ocrx_word' id='word_1_653' title='bbox 3856 3650 4125 3733; x_wconf 90' lang='lat' dir='ltr'><strong>agnosci</strong></span> <span class='ocrx_word' id='word_1_654' title='bbox 4167 3651 4298 3714; x_wconf 90' lang='lat' dir='ltr'><strong>iam</strong></span> <span class='ocrx_word' id='word_1_655' title='bbox 4342 3650 4458 3717; x_wconf 91' lang='lat' dir='ltr'><strong>illa</strong></span> <span class='ocrx_word' id='word_1_656' title='bbox 4499 3674 4632 3720; x_wconf 89' lang='lat' dir='ltr'><strong>non</strong></span> 
     </span>
     <span class='ocr_line' id='line_1_100' title="bbox 2672 3734 4633 3820; baseline 0.004 -24"><span class='ocrx_word' id='word_1_657' title='bbox 2672 3739 2915 3815; x_wconf 89' lang='lat' dir='ltr'><strong>posset:</strong></span> <span class='ocrx_word' id='word_1_658' title='bbox 2955 3734 3142 3798; x_wconf 85' lang='lat' dir='ltr'><strong>cuius</strong></span> <span class='ocrx_word' id='word_1_659' title='bbox 3162 3735 3487 3818; x_wconf 90' lang='lat' dir='ltr'><strong>permissu</strong></span> <span class='ocrx_word' id='word_1_660' title='bbox 3522 3741 3784 3800; x_wconf 89' lang='lat' dir='ltr'><strong>tantum</strong></span> <span class='ocrx_word' id='word_1_661' title='bbox 3818 3755 3887 3801; x_wconf 90' lang='lat' dir='ltr'><strong>se</strong></span> <span class='ocrx_word' id='word_1_662' title='bbox 3919 3754 4154 3801; x_wconf 87' lang='lat' dir='ltr'><strong>ausum</strong></span> <span class='ocrx_word' id='word_1_663' title='bbox 4186 3757 4330 3802; x_wconf 88' lang='lat' dir='ltr'><strong>esse</strong></span> <span class='ocrx_word' id='word_1_664' title='bbox 4360 3758 4633 3820; x_wconf 88' lang='lat' dir='ltr'><strong>respon-</strong></span> 
     </span>
     <span class='ocr_line' id='line_1_101' title="bbox 2674 3816 4636 3907; baseline 0.003 -24"><span class='ocrx_word' id='word_1_665' title='bbox 2674 3817 2870 3897; x_wconf 91' lang='lat' dir='ltr'><strong>debit,</strong></span> <span class='ocrx_word' id='word_1_666' title='bbox 2913 3816 3078 3883; x_wconf 88' lang='lat' dir='ltr'><strong>illud</strong></span> <span class='ocrx_word' id='word_1_667' title='bbox 3110 3827 3188 3884; x_wconf 90' lang='lat' dir='ltr'><strong>ut</strong></span> <span class='ocrx_word' id='word_1_668' title='bbox 3226 3820 3442 3886; x_wconf 90' lang='lat' dir='ltr'><strong>nescio</strong></span> <span class='ocrx_word' id='word_1_669' title='bbox 3485 3820 3643 3902; x_wconf 91' lang='lat' dir='ltr'><strong>quid</strong></span> <span class='ocrx_word' id='word_1_670' title='bbox 3687 3821 3990 3887; x_wconf 89' lang='lat' dir='ltr'><strong>omnibus</strong></span> <span class='ocrx_word' id='word_1_671' title='bbox 4032 3841 4275 3887; x_wconf 89' lang='lat' dir='ltr'><strong>coenae</strong></span> <span class='ocrx_word' id='word_1_672' title='bbox 4316 3823 4636 3907; x_wconf 74' lang='lat' dir='ltr'><strong>symbolis</strong></span> 
     </span>
     <span class='ocr_line' id='line_1_102' title="bbox 2672 3904 4634 3992; baseline 0.004 -24"><span class='ocrx_word' id='word_1_673' title='bbox 2672 3911 2947 3968; x_wconf 89' lang='lat' dir='ltr'><strong>exutum</strong></span> <span class='ocrx_word' id='word_1_674' title='bbox 2980 3924 3055 3970; x_wconf 91' lang='lat' dir='ltr'><strong>ac</strong></span> <span class='ocrx_word' id='word_1_675' title='bbox 3078 3904 3533 3984; x_wconf 89' lang='lat' dir='ltr'><strong>deformatum,</strong></span> <span class='ocrx_word' id='word_1_676' title='bbox 3569 3906 3952 3990; x_wconf 87' lang='lat' dir='ltr'><strong>fabulaeque</strong></span> <span class='ocrx_word' id='word_1_677' title='bbox 3973 3908 4183 3992; x_wconf 89' lang='lat' dir='ltr'><strong>magis</strong></span> <span class='ocrx_word' id='word_1_678' title='bbox 4214 3929 4412 3991; x_wconf 91' lang='lat' dir='ltr'><strong>quam</strong></span> <span class='ocrx_word' id='word_1_679' title='bbox 4433 3908 4634 3975; x_wconf 87' lang='lat' dir='ltr'><strong>ullius</strong></span> 
     </span>
     <span class='ocr_line' id='line_1_103' title="bbox 2673 3988 4633 4077; baseline 0.004 -23"><span class='ocrx_word' id='word_1_680' title='bbox 2673 3988 2878 4054; x_wconf 87' lang='lat' dir='ltr'><strong>divini</strong></span> <span class='ocrx_word' id='word_1_681' title='bbox 2908 3991 3211 4075; x_wconf 82' lang='lat' dir='ltr'><strong>mysterii</strong></span> <span class='ocrx_word' id='word_1_682' title='bbox 3246 3992 3479 4071; x_wconf 90' lang='lat' dir='ltr'><strong>simile,</strong></span> <span class='ocrx_word' id='word_1_683' title='bbox 3532 4013 3804 4059; x_wconf 90' lang='lat' dir='ltr'><strong>coenam</strong></span> <span class='ocrx_word' id='word_1_684' title='bbox 3846 4002 4274 4077; x_wconf 89' lang='lat' dir='ltr'><strong>nuncuparet.</strong></span> <span class='ocrx_word' id='word_1_685' title='bbox 4339 3992 4633 4061; x_wconf 81' lang='lat' dir='ltr'><strong>Coenam</strong></span> 
     </span>
     <span class='ocr_line' id='line_1_104' title="bbox 2672 4074 4633 4164; baseline 0.002 -23"><span class='ocrx_word' id='word_1_686' title='bbox 2672 4096 2816 4141; x_wconf 89' lang='lat' dir='ltr'><strong>esse</strong></span> <span class='ocrx_word' id='word_1_687' title='bbox 2837 4074 3113 4142; x_wconf 91' lang='lat' dir='ltr'><strong>Domini</strong></span> <span class='ocrx_word' id='word_1_688' title='bbox 3144 4099 3329 4162; x_wconf 89' lang='lat' dir='ltr'><strong>nego,</strong></span> <span class='ocrx_word' id='word_1_689' title='bbox 3368 4077 3453 4143; x_wconf 90' lang='lat' dir='ltr'><strong>ad</strong></span> <span class='ocrx_word' id='word_1_690' title='bbox 3482 4078 3670 4144; x_wconf 90' lang='lat' dir='ltr'><strong>cuius</strong></span> <span class='ocrx_word' id='word_1_691' title='bbox 3712 4079 4089 4164; x_wconf 88' lang='lat' dir='ltr'><strong>spirituales</strong></span> <span class='ocrx_word' id='word_1_692' title='bbox 4114 4078 4364 4163; x_wconf 85' lang='lat' dir='ltr'><strong>epulas,</strong></span> <span class='ocrx_word' id='word_1_693' title='bbox 4392 4102 4529 4146; x_wconf 91' lang='lat' dir='ltr'><strong>non</strong></span> <span class='ocrx_word' id='word_1_694' title='bbox 4562 4083 4633 4145; x_wconf 87' lang='lat' dir='ltr'><strong>in</strong></span> 
     </span>
     <span class='ocr_line' id='line_1_105' title="bbox 2672 4163 4632 4247; baseline 0.003 -21"><span class='ocrx_word' id='word_1_695' title='bbox 2672 4181 3021 4227; x_wconf 89' lang='lat' dir='ltr'><strong>commune</strong></span> <span class='ocrx_word' id='word_1_696' title='bbox 3065 4184 3290 4230; x_wconf 91' lang='lat' dir='ltr'><strong>omnes</strong></span> <span class='ocrx_word' id='word_1_697' title='bbox 3341 4165 3449 4247; x_wconf 89' lang='lat' dir='ltr'><strong>qui</strong></span> <span class='ocrx_word' id='word_1_698' title='bbox 3495 4164 3740 4230; x_wconf 89' lang='lat' dir='ltr'><strong>adsunt</strong></span> <span class='ocrx_word' id='word_1_699' title='bbox 3779 4163 4006 4230; x_wconf 89' lang='lat' dir='ltr'><strong>fideles</strong></span> <span class='ocrx_word' id='word_1_700' title='bbox 4050 4165 4418 4231; x_wconf 87' lang='lat' dir='ltr'><strong>invitentur</strong></span> <span class='ocrx_word' id='word_1_701' title='bbox 4431 4216 4446 4242; x_wconf 92' lang='lat'><strong>,</strong></span> <span class='ocrx_word' id='word_1_702' title='bbox 4503 4166 4632 4233; x_wconf 86' lang='lat' dir='ltr'><strong>nisi</strong></span> 
     </span>
     <span class='ocr_line' id='line_1_106' title="bbox 2671 4247 4632 4336; baseline 0.004 -25"><span class='ocrx_word' id='word_1_703' title='bbox 2671 4247 2744 4311; x_wconf 89' lang='lat' dir='ltr'><strong>in</strong></span> <span class='ocrx_word' id='word_1_704' title='bbox 2788 4269 2918 4331; x_wconf 91' lang='lat' dir='ltr'><strong>qua</strong></span> <span class='ocrx_word' id='word_1_705' title='bbox 2962 4255 3031 4313; x_wconf 92' lang='lat' dir='ltr'><strong>et</strong></span> <span class='ocrx_word' id='word_1_706' title='bbox 3073 4257 3302 4315; x_wconf 88' lang='lat' dir='ltr'><strong>sancta</strong></span> <span class='ocrx_word' id='word_1_707' title='bbox 3352 4251 3541 4334; x_wconf 88' lang='lat' dir='ltr'><strong>panis</strong></span> <span class='ocrx_word' id='word_1_708' title='bbox 3587 4272 3662 4317; x_wconf 90' lang='lat' dir='ltr'><strong>ac</strong></span> <span class='ocrx_word' id='word_1_709' title='bbox 3718 4250 3936 4318; x_wconf 89' lang='lat' dir='ltr'><strong>calicis</strong></span> <span class='ocrx_word' id='word_1_710' title='bbox 3979 4250 4277 4336; x_wconf 78' lang='lat' dir='ltr'><strong>symbola</strong></span> <span class='ocrx_word' id='word_1_711' title='bbox 4320 4252 4632 4319; x_wconf 89' lang='lat' dir='ltr'><strong>ecclesiae</strong></span> 
     </span>
     <span class='ocr_line' id='line_1_107' title="bbox 2672 4335 4632 4422; baseline 0.003 -24"><span class='ocrx_word' id='word_1_712' title='bbox 2672 4343 3121 4419; x_wconf 87' lang='lat' dir='ltr'><strong>proponantur</strong></span> <span class='ocrx_word' id='word_1_713' title='bbox 3134 4386 3150 4414; x_wconf 95' lang='lat'><strong>,</strong></span> <span class='ocrx_word' id='word_1_714' title='bbox 3219 4344 3287 4400; x_wconf 91' lang='lat' dir='ltr'><strong>et</strong></span> <span class='ocrx_word' id='word_1_715' title='bbox 3337 4337 3829 4419; x_wconf 89' lang='lat' dir='ltr'><strong>promissiones,</strong></span> <span class='ocrx_word' id='word_1_716' title='bbox 3897 4338 4134 4420; x_wconf 89' lang='lat' dir='ltr'><strong>quibus</strong></span> <span class='ocrx_word' id='word_1_717' title='bbox 4200 4335 4632 4422; x_wconf 84' lang='lat' dir='ltr'><strong>obsignandis</strong></span> 
     </span>
     <span class='ocr_line' id='line_1_108' title="bbox 2675 4419 4628 4507; baseline 0.003 -23"><span class='ocrx_word' id='word_1_718' title='bbox 2675 4419 2830 4484; x_wconf 86' lang='lat' dir='ltr'><strong>data</strong></span> <span class='ocrx_word' id='word_1_719' title='bbox 2871 4431 2989 4498; x_wconf 91' lang='lat' dir='ltr'><strong>est,</strong></span> <span class='ocrx_word' id='word_1_720' title='bbox 3037 4431 3447 4501; x_wconf 87' lang='lat' dir='ltr'><strong>enarrentur,</strong></span> <span class='ocrx_word' id='word_1_721' title='bbox 3494 4429 3560 4487; x_wconf 92' lang='lat' dir='ltr'><strong>et</strong></span> <span class='ocrx_word' id='word_1_722' title='bbox 3603 4422 3920 4505; x_wconf 89' lang='lat' dir='ltr'><strong>acquisita</strong></span> <span class='ocrx_word' id='word_1_723' title='bbox 3963 4422 4149 4488; x_wconf 92' lang='lat' dir='ltr'><strong>nobis</strong></span> <span class='ocrx_word' id='word_1_724' title='bbox 4191 4444 4312 4507; x_wconf 91' lang='lat' dir='ltr'><strong>per</strong></span> <span class='ocrx_word' id='word_1_725' title='bbox 4353 4424 4628 4489; x_wconf 88' lang='lat' dir='ltr'><strong>Domini</strong></span> 
     </span>
     <span class='ocr_line' id='line_1_109' title="bbox 2674 4507 4626 4592; baseline 0.003 -23"><span class='ocrx_word' id='word_1_726' title='bbox 2674 4513 2956 4571; x_wconf 89' lang='lat' dir='ltr'><strong>mortem</strong></span> <span class='ocrx_word' id='word_1_727' title='bbox 3036 4508 3211 4573; x_wconf 89' lang='lat' dir='ltr'><strong>vitae</strong></span> <span class='ocrx_word' id='word_1_728' title='bbox 3286 4508 3502 4592; x_wconf 89' lang='lat' dir='ltr'><strong>gratia</strong></span> <span class='ocrx_word' id='word_1_729' title='bbox 3595 4507 4028 4591; x_wconf 89' lang='lat' dir='ltr'><strong>praedicetur.</strong></span> <span class='ocrx_word' id='word_1_730' title='bbox 4126 4508 4392 4573; x_wconf 90' lang='lat' dir='ltr'><strong>Horum</strong></span> <span class='ocrx_word' id='word_1_731' title='bbox 4470 4519 4544 4575; x_wconf 92' lang='lat' dir='ltr'><strong>tu</strong></span> <span class='ocrx_word' id='word_1_732' title='bbox 4577 4510 4626 4592; x_wconf 87' lang='lat'><strong>¹)</strong></span> 
     </span>
     <span class='ocr_line' id='line_1_110' title="bbox 2672 4591 4630 4676; baseline 0.004 -21"><span class='ocrx_word' id='word_1_733' title='bbox 2672 4591 2839 4656; x_wconf 89' lang='lat' dir='ltr'><strong>mihi</strong></span> <span class='ocrx_word' id='word_1_734' title='bbox 2891 4591 2998 4658; x_wconf 86' lang='lat' dir='ltr'><strong>vel</strong></span> <span class='ocrx_word' id='word_1_735' title='bbox 3053 4593 3403 4659; x_wconf 87' lang='lat' dir='ltr'><strong>minimum</strong></span> <span class='ocrx_word' id='word_1_736' title='bbox 3459 4594 3713 4676; x_wconf 89' lang='lat' dir='ltr'><strong>apicem</strong></span> <span class='ocrx_word' id='word_1_737' title='bbox 3764 4595 3838 4658; x_wconf 89' lang='lat' dir='ltr'><strong>in</strong></span> <span class='ocrx_word' id='word_1_738' title='bbox 3890 4596 4094 4660; x_wconf 87' lang='lat' dir='ltr'><strong>missa</strong></span> <span class='ocrx_word' id='word_1_739' title='bbox 4146 4594 4494 4661; x_wconf 82' lang='lat' dir='ltr'><strong>ostendes?</strong></span> <span class='ocrx_word' id='word_1_740' title='bbox 4550 4617 4630 4662; x_wconf 89' lang='lat' dir='ltr'><strong>ac</strong></span> 
     </span>
     <span class='ocr_line' id='line_1_111' title="bbox 2673 4679 4625 4766; baseline 0.001 -24"><span class='ocrx_word' id='word_1_741' title='bbox 2673 4699 2811 4744; x_wconf 86' lang='lat' dir='ltr'><strong>non</strong></span> <span class='ocrx_word' id='word_1_742' title='bbox 2875 4680 3094 4761; x_wconf 90' lang='lat' dir='ltr'><strong>potius</strong></span> <span class='ocrx_word' id='word_1_743' title='bbox 3160 4679 3439 4745; x_wconf 87' lang='lat' dir='ltr'><strong>adversa</strong></span> <span class='ocrx_word' id='word_1_744' title='bbox 3504 4690 3864 4762; x_wconf 85' lang='lat' dir='ltr'><strong>contraque</strong></span> <span class='ocrx_word' id='word_1_745' title='bbox 3928 4681 4292 4766; x_wconf 76' lang='lat' dir='ltr'><strong>pugnantia</strong></span> <span class='ocrx_word' id='word_1_746' title='bbox 4356 4679 4625 4747; x_wconf 76' lang='lat' dir='ltr'><strong>omnia?</strong></span> 
     </span>
     <span class='ocr_line' id='line_1_112' title="bbox 2674 4764 4624 4850; baseline 0.002 -20"><span class='ocrx_word' id='word_1_747' title='bbox 2674 4765 2777 4830; x_wconf 84' lang='lat' dir='ltr'><strong>&#39;l&#39;u</strong></span> <span class='ocrx_word' id='word_1_748' title='bbox 2817 4764 3022 4850; x_wconf 87' lang='lat' dir='ltr'><strong>igitur</strong></span> <span class='ocrx_word' id='word_1_749' title='bbox 3063 4773 3179 4830; x_wconf 88' lang='lat' dir='ltr'><strong>aut</strong></span> <span class='ocrx_word' id='word_1_750' title='bbox 3214 4765 3343 4830; x_wconf 92' lang='lat' dir='ltr'><strong>Dei</strong></span> <span class='ocrx_word' id='word_1_751' title='bbox 3386 4766 3650 4830; x_wconf 89' lang='lat' dir='ltr'><strong>nomine</strong></span> <span class='ocrx_word' id='word_1_752' title='bbox 3684 4765 3920 4831; x_wconf 90' lang='lat' dir='ltr'><strong>stolida</strong></span> <span class='ocrx_word' id='word_1_753' title='bbox 3954 4766 4293 4832; x_wconf 90' lang='lat' dir='ltr'><strong>hominum</strong></span> <span class='ocrx_word' id='word_1_754' title='bbox 4342 4773 4490 4846; x_wconf 70' lang='lat' dir='ltr'><strong>[pag.</strong></span> <span class='ocrx_word' id='word_1_755' title='bbox 4515 4771 4624 4847; x_wconf 79' lang='grc'><strong>26]</strong></span> 
     </span>
     <span class='ocr_line' id='line_1_113' title="bbox 2673 4851 4628 4936; baseline 0 -20"><span class='ocrx_word' id='word_1_756' title='bbox 2673 4852 3044 4916; x_wconf 88' lang='lat' dir='ltr'><strong>temeritate</strong></span> <span class='ocrx_word' id='word_1_757' title='bbox 3093 4851 3532 4935; x_wconf 86' lang='lat' dir='ltr'><strong>excogitatam</strong></span> <span class='ocrx_word' id='word_1_758' title='bbox 3593 4851 4031 4917; x_wconf 88' lang='lat' dir='ltr'><strong>insulsitatem</strong></span> <span class='ocrx_word' id='word_1_759' title='bbox 4095 4852 4450 4936; x_wconf 86' lang='lat' dir='ltr'><strong>insignies,</strong></span> <span class='ocrx_word' id='word_1_760' title='bbox 4511 4859 4628 4918; x_wconf 81' lang='lat' dir='ltr'><strong>aut</strong></span> 
     </span>
     <span class='ocr_line' id='line_1_114' title="bbox 2672 4935 4627 5020; baseline 0.001 -17"><span class='ocrx_word' id='word_1_761' title='bbox 2672 4957 2910 5003; x_wconf 89' lang='lat' dir='ltr'><strong>coenae</strong></span> <span class='ocrx_word' id='word_1_762' title='bbox 2951 4957 3194 5003; x_wconf 91' lang='lat' dir='ltr'><strong>nomen</strong></span> <span class='ocrx_word' id='word_1_763' title='bbox 3238 4937 3323 5001; x_wconf 88' lang='lat' dir='ltr'><strong>ad</strong></span> <span class='ocrx_word' id='word_1_764' title='bbox 3364 4935 3810 5003; x_wconf 81' lang='lat' dir='ltr'><strong>circulatorios</strong></span> <span class='ocrx_word' id='word_1_765' title='bbox 3847 4938 4049 5018; x_wconf 91' lang='lat' dir='ltr'><strong>lusus,</strong></span> <span class='ocrx_word' id='word_1_766' title='bbox 4093 4939 4164 5002; x_wconf 91' lang='lat' dir='ltr'><strong>in</strong></span> <span class='ocrx_word' id='word_1_767' title='bbox 4199 4938 4441 5020; x_wconf 91' lang='lat' dir='ltr'><strong>quibus</strong></span> <span class='ocrx_word' id='word_1_768' title='bbox 4476 4937 4627 5004; x_wconf 91' lang='lat' dir='ltr'><strong>nul-</strong></span> 
     </span>
    </p>
   </div>
   <div class='ocr_carea' id='block_1_12' title="bbox 2673 5103 3081 5113">
    <p class='ocr_par' dir='ltr' id='par_1_13' title="bbox 2673 5103 3081 5113">
     <span class='ocr_line' id='line_1_115' title="bbox 2673 5103 3081 5113; baseline 0 862"><span class='ocrx_word' id='word_1_769' title='bbox 2673 5103 3081 5113; x_wconf 95' lang='lat' dir='ltr'><strong> </strong></span> 
     </span>
    </p>
   </div>
   <div class='ocr_carea' id='block_1_13' title="bbox 2810 5209 4013 5282">
    <p class='ocr_par' dir='ltr' id='par_1_14' title="bbox 2810 5209 4013 5282">
     <span class='ocr_line' id='line_1_116' title="bbox 2810 5209 4013 5282; baseline 0 -18"><span class='ocrx_word' id='word_1_770' title='bbox 2810 5211 2868 5278; x_wconf 86' lang='lat'><strong>1)</strong></span> <span class='ocrx_word' id='word_1_771' title='bbox 2905 5219 3018 5266; x_wconf 72' lang='lat' dir='ltr'><strong>tum</strong></span> <span class='ocrx_word' id='word_1_772' title='bbox 3054 5209 3204 5266; x_wconf 80' lang='lat'><strong>15⁷6.</strong></span> <span class='ocrx_word' id='word_1_773' title='bbox 3243 5209 3393 5267; x_wconf 76' lang='lat'><strong>1597.</strong></span> <span class='ocrx_word' id='word_1_774' title='bbox 3429 5210 3582 5267; x_wconf 82' lang='lat'><strong>1611.</strong></span> <span class='ocrx_word' id='word_1_775' title='bbox 3646 5210 3870 5267; x_wconf 62' lang='lat' dir='ltr'><strong>cazas.-</strong></span> <span class='ocrx_word' id='word_1_776' title='bbox 3905 5217 4013 5282; x_wconf 80' lang='lat' dir='ltr'><strong>toy.</strong></span> 
     </span>
    </p>
   </div>
   <div class='ocr_carea' id='block_1_14' title="bbox 4908 2134 4911 2933">
    <p class='ocr_par' dir='ltr' id='par_1_15' title="bbox 4908 2134 4911 2933">
     <span class='ocr_line' id='line_1_117' title="bbox 4908 2134 4911 2933; baseline 0 0"><span class='ocrx_word' id='word_1_777' title='bbox 4908 2134 4911 2933; x_wconf 95' lang='lat' dir='ltr'><strong> </strong></span> 
     </span>
    </p>
   </div>
  </div>
 </body>
</html>
