4984 5975
329 248 330 251 ‘
390 286 465 349 21
1198 370 1202 375 .
1937 284 2323 351 LIBERI.

387 473 740 551 Favonius,
787 493 919 539 non
961 472 1180 549 refert,
1227 474 1374 549 [pag.
1414 475 1478 550 9]
1535 469 1777 554 inquit,
1835 491 1964 553 qua
2015 473 2087 536 in
2145 481 2329 555 parte

386 559 676 644 corporis
708 558 798 625 sit
828 556 1136 623 diadema.
1194 557 1439 622 Persae
1475 554 1788 639 Cydarim
1813 566 2058 627 vocent.
2106 557 2330 625 Verba

388 655 545 712 sunt
586 644 804 712 Curtii
845 643 954 708 lib.
979 642 1100 709 11.:
1149 641 1467 726 Cydarim
1507 642 1753 707 Persae
1798 644 2053 726 regium
2097 644 2327 727 capitis

386 732 706 799 vocabant
738 730 1011 813 insigne.
1078 728 1225 793 Hoc
1259 728 1570 794 caerulea·
1590 727 1790 793 fascia
1832 729 1977 794 albo
2022 728 2328 796 distincta

386 817 785 884 circumibat.
875 812 1080 896 Quod·
1110 834 1265 879 vero
1320 812 1552 878 attinet
1605 813 1688 877 ad
1734 813 1904 879 hanc
1947 822 2083 879 tam
2123 815 2326 882 licen-

385 904 622 969 tiosam
659 902 735 967 in
777 920 967 984 reges
1006 898 1537 978 iurisdictionem,
1582 920 1714 963 non
1757 900 2065 983 ignorant
2108 922 2328 966 rerum

386 989 823 1055 humanarum
857 985 1067 1069 periti,
1113 985 1299 1068 prius
1338 1006 1538 1067 quam
1577 985 1925 1067 imperium
1960 983 2329 1052 devenisset

385 1074 471 1139 ad
522 1073 881 1141 Caesarum
933 1071 1412 1147 monarchiam,
1479 1091 1684 1153 regna
1747 1072 2327 1137 senatusconsultis

386 1160 642 1227 dderri.
734 1159 962 1223 Cicero
1015 1156 1224 1239 Epist.
1280 1154 1386 1219 lib.
1445 1155 1568 1220 IX.
1628 1154 1713 1220 ad
1765 1157 2104 1238 Papirium
2158 1158 2325 1223 Pae-

385 1254 559 1311 tum:
607 1243 781 1308 Nam
821 1242 991 1307 mihi
1034 1242 1194 1307 scito
1237 1241 1368 1306 iam
1413 1262 1452 1304 a
1492 1241 1757 1324 regibus
1801 1242 2051 1307 ultimis
2097 1243 2327 1308 allatas

384 1352 527 1397 esse
560 1329 802 1406 literas,
847 1328 1078 1411 quibus
1119 1326 1280 1391 mihi
1315 1326 1559 1410 gratias
1593 1335 1808 1410 agant,
1854 1326 2024 1410 quod
2068 1349 2137 1393 se
2181 1350 2329 1394 mea

373 1416 714 1485 sententia
757 1434 944 1498 reges
998 1412 1488 1496 appellaverim:
1547 1433 1706 1495 quos
1765 1434 1884 1496 ego
1943 1433 2074 1477 non
2133 1413 2326 1479 modo

383 1524 459 1569 re
611 1499 988 1584 appellatos,
1032 1497 1146 1564 sed
1187 1498 1452 1563 omnino
1496 1506 1687 1563 natos
1723 1499 2105 1565 nesciebam.
2193 1500 2326 1565 Po-

384 1523 578 1741 {iffi}
623 1606 775 1652 vero
816 1585 959 1669 lege
1003 1585 1187 1668 regia
1229 1604 1421 1648 omne
1474 1585 1577 1648 ius
1630 1584 1703 1647 in
1747 1582 2059 1650 Caesares
2110 1594 2324 1650 trans-

558 1756 929 1823 Iurisdictio
973 1752 1088 1842 est]
1146 1755 1276 1821 Hic
1319 1754 1763 1820 iurisconsulti
1806 1756 2178 1841 intelligant
2221 1756 2323 1821 iu-

381 1843 824 1911 risdictionem
866 1843 938 1905 in
982 1861 1223 1924 genere
1267 1848 1622 1924 sumptam,
1677 1862 1840 1923 quae
1900 1862 2124 1907 omnes
2180 1862 2324 1925 spe-

385 1931 517 1997 0100
557 1927 949 2012 cognitionis
988 1925 1453 2009 complectitur.

559 2015 644 2079 In
686 2013 800 2078 hac
840 2017 1016 2077 tanta
1054 2009 1372 2098 facultate]
1408 2011 1644 2076 Virtus
1679 2033 1814 2076 non
1858 2012 2143 2077 exercita
2173 2034 2322 2095 par-

382 2123 537 2168 vam
592 2097 885 2177 laudem,
941 2106 1017 2162 ut
1058 2098 1257 2182 vulgo
1311 2098 1557 2168 ferunt,
1585 2097 1918 2161 01010101.
2007 2098 2159 2162 Non
2212 2096 2321 2163 ad-

381 2186 653 2252 modum
732 2184 1155 2268 magnificum
1233 2182 1450 2247 fuerat
1526 2181 1917 2248 mediocrem
1993 2184 2323 2248 fortunam

383 2271 584 2356 probe
642 2269 1122 2336 administrare:
1191 2268 1305 2333 sed
1370 2276 1553 2333 tanta
1605 2290 1828 2333 rerum
1891 2269 2186 2334 omnium
2241 2268 2320 2334 li-

381 2357 602 2424 centia
657 2376 790 2421 non
829 2356 1006 2420 abuti
1022 2406 1037 2434 ,
1096 2354 1220 2420 1100
1265 2375 1421 2419 1010
1476 2353 1857 2419 admirabile
1902 2362 2016 2419 001.
2106 2356 2324 2436 Atque

380 2442 455 2507 id
507 2443 707 2507 etiam
771 2447 1127 2527 exaggerat
1178 2461 1218 2504 a
1268 2440 1797 2517 circumstantiis,
1854 2438 2023 2522 quod
2076 2441 2133 2504 is
2184 2441 2323 2523 ipse

380 2530 498 2612 qui
552 2527 713 2593 adeo
763 2526 1103 2611 egregium
1155 2525 1614 2608 imperatorem
1656 2526 2012 2607 praestitit,
2061 2547 2194 2590 non
2238 2527 2325 2590 sit
2361 2582 2370 2599 .

379 2622 682 2679 1110111100
725 2612 828 2678 111
870 2612 1120 2690 0010110,
1166 2612 1274 2676 001
1318 2609 1578 2677 accedat
1620 2619 1799 2676 aetas
1834 2612 2163 2695 magistra,
2209 2609 2324 2677 sed

379 2702 454 2764 in
507 2698 760 2763 lubrica
817 2705 1027 2762 aetate
1084 2697 1503 2761 constitutus:
1571 2697 1724 2779 quia
1779 2697 2172 2762 contumelia
2224 2696 2320 2760 la-

381 2786 675 2861 cessitus,
720 2804 885 2866 quae
921 2782 1156 2865 alioqui
1193 2781 1488 2847 homines
1530 2781 2000 2864 placidissimos
2035 2782 2201 2847 solet
2242 2783 2323 2847 de

381 2868 595 2956 gradu
639 2868 931 2934 (10110016.
1020 2869 1199 2952 Ergo
1255 2889 1566 2952 magnam
1605 2868 1816 2945 illam,
1869 2888 1990 2933 000
2034 2868 2187 2933 01110
2229 2868 2321 2933 le-

382 2957 578 3041 gibus
623 2961 1014 3021 coarctatam
1059 2974 1279 3019 rerum
1322 2952 1692 3020 facultatem
1747 2953 1909 3019 1(100“
1934 2973 2320 3020 commemo-

321 3069 333 3086 ·
381 3053 508 3119 rat,
550 3043 725 3125 quia,
771 3055 846 3104 ut
888 3041 980 3104 ait
1011 3039 1446 3118 Herodianus,
1493 3038 1753 3105 difficile
1790 3048 1890 3106 001
1927 3041 1998 3103 in
2034 3041 2322 3105 maxima

258 3203 268 3212 ,
382 3128 650 3194 licentia
714 3125 1034 3191 moderari
1089 3126 1240 3202 sibi,
1308 3126 1617 3210 quasique
1671 3126 1929 3192 fraenos
1985 3126 2320 3209 imponere

382 3212 864 3297 cupiditatibus.
2285 3261 2300 3267 -

471 3371 496 3382 ‚
557 3296 706 3384 Ira]
754 3296 959 3378 Quasi
995 3296 1252 3374 diceret,
1298 3296 1568 3361 affectus
1608 3296 1720 3361 ille
1756 3298 1957 3361 animi
1992 3298 2334 3381 praerabi-

382 3384 529 3464 dus,
575 3387 688 3467 qui
721 3383 889 3447 nihil
925 3381 1153 3447 suadet
1191 3381 1604 3461 moderabile,
1647 3383 2027 3464 praesertim
2064 3384 2136 3447 in
2170 3404 2321 3448 con-

382 3469 732 3537 stituendis
784 3469 1014 3551 poenis
1067 3488 1402 3550 nunquam
1463 3467 1978 3532 mediocritatem
2032 3485 2319 3548 0011000,

382 3556 561 3621 unde
602 3554 823 3621 Ennio
862 3554 1156 3620 insaniae
1198 3554 1491 3631 initium,
1545 3553 1822 3618 Horatio
1867 3554 2046 3618 furor
2087 3553 2320 3633 brevis,

379 3653 448 3706 et
491 3641 758 3718 Catoni,
816 3639 987 3721 quod
1042 3637 1232 3704 idem·
1258 3647 1387 3716 est,
1443 3640 1638 3703 furor-
1670 3640 2129 3722 temporarius,
2185 3661 2321 3704 11011

375 3749 484 3792 100
529 3735 751 3791 101000
795 3726 1014 3809 rapuit
1047 3734 1498 3790 transversum
1531 3725 1601 3788 in
1637 3725 1911 3790 01100100
1945 3725 2315 3807 0010101010.

377 3811 729 3879 Sententia
763 3821 862 3876 est
896 3809 1217 3876 catholica
1248 3808 1423 3893 apud
1446 3808 1753 3887 Graecos,
1779 3815 2007 3891 χαλέπη
2039 3817 2148 3889 μὲν
2179 3809 2320 3895 ὀργῆ

241 3945 254 3960 .
375 3901 695 3981 βασιλῆος,
743 3918 941 3980 quam
982 3896 1185 3960 latine
1228 3894 1481 3961 Seneca
1518 3895 1793 3978 protulit
1837 3896 1904 3960 in
1948 3896 2209 3962 Medea:

860 3983 1051 4036 Gravis
1083 3983 1165 4036 ira
1199 3997 1384 4050 regum
1419 3988 1505 4035 001
1540 3996 1766 4049 semper.

376 4068 600 4134 Debet
664 4088 828 4152 ergo
884 4068 1186 4150 princeps
1248 4067 1571 4132 concitare
1638 4066 2134 4132 admirationem
2197 4069 2320 4146 sui,

377 4155 496 4240 qui
551 4154 878 4219 communi
932 4153 1103 4217 malo
1158 4161 1502 4236 exemptus
1553 4159 1670 4217 001.
1761 4150 1982 4233 Quare
2035 4175 2165 4217 non
2206 4151 2319 4218 abs

278 4287 286 4294 -
378 4261 454 4305 re
499 4238 665 4304 illud
709 4240 791 4304 ab
835 4236 1074 4304 Ovidio
1117 4238 1291 4302 inter
1330 4237 1557 4302 laudes
1600 4237 1833 4303 Liviae
1875 4239 2174 4320 positum,

589 4339 706 4395 Nec
740 4342 990 4395 nocuisse
1025 4340 1138 4408 ulli,
1175 4349 1232 4393 et
1265 4340 1534 4393 fortunam
1569 4339 1819 4394 habuisse
1854 4339 2097 4406 nocendi,

690 4408 806 4464 Nec
840 4425 1142 4478 quenquam
1173 4424 1372 4463 nervos
1408 4408 1713 4462 extimuisse
1751 4424 1894 4462 suos.
1931 4439 1950 4452 ·

377 4496 476 4560 Et
530 4495 588 4558 si
644 4516 876 4560 verum
929 4506 1029 4560 est
1079 4493 1254 4577 quod
1309 4494 1401 4558 ait
1439 4493 1784 4559 Hebraeus
1836 4494 2319 4575 paroemiastes,

379 4581 500 4647 Ira
541 4581 750 4665 regis,
809 4581 1087 4664 nuncius
1130 4580 1385 4645 mortis:
1441 4599 1574 4644 non
1616 4578 1850 4644 ultima
1888 4578 2035 4644 laus
2078 4588 2203 4658 est,
2247 4580 2320 4644 in

381 4664 862 4732 constituendis
913 4667 1136 4748 000010
1187 4687 1270 4731 00
1313 4665 1645 4732 tantulum
1688 4663 1951 4747 quidem
1992 4664 2130 4729 irae
2172 4686 2319 4748 per-

379 4752 659 4818 misisse.
782 4751 845 4815 N
848 4752 951 4818 olo
1028 4752 1134 4816 1110
1209 4750 1553 4835 indulgere
1618 4750 1876 4834 longius
1942 4750 2321 4816 ambitiosae

378 4838 840 4915 ostentationi;
883 4837 1386 4903 declamationes
1427 4835 1794 4902 rhetoribus
1836 4834 2151 4918 relinquo.

562 4922 872 4988 Iuvenalis
910 4921 1206 5009 impetu-s]
1253 4923 1439 4989 Haec
1483 4931 1664 4987 aetas
1698 4923 1959 4988 veniam
1991 4920 2326 4988 interdum

379 5029 510 5094 pro
561 5008 827 5074 homine
882 5008 1282 5091 deprecatur.
1381 5009 1678 5086 Erravit,
1723 5007 2057 5091 inquiunt,
2100 5007 2324 5091 lapsus

383 5103 494 5159 est
537 5094 769 5158 aetatis
813 5091 1139 5159 tirocinio:
1192 5094 1345 5158 anni
1388 5092 1901 5158 moderationem
1941 5092 2186 5158 addent
2200 5145 2217 5171 ,
2259 5101 2326 5158 et

383 5183 541 5259 [pag.
587 5183 690 5258 ιο]
725 5178 1156 5262 prudentiam.
1224 5178 1540 5245 Naturale
1576 5186 1677 5245 001
1711 5186 1787 5244 01
1820 5179 1983 5245 11000
2018 5186 2200 5245 aetas
2237 5180 2324 5244 sit

2397 649 2402 655 ⁴
2432 643 2727 710 cundiae.

2415 282 2719 352 CAPUT
2760 266 2865 350 1.‘
2928 266 2935 278 '
3030 362 3045 379 .
4288 291 4371 355 22

2431 473 2505 536 in
2548 472 2953 539 iracundiam
2994 472 3396 557 propensior,
3441 472 3549 540 cui
3581 473 3828 540 multus
3864 475 4129 557 sanguis
4164 483 4231 541 et
4263 497 4373 543 oa-

2431 557 2633 637 lidus,
2687 567 2764 622 ut
2814 557 3107 624 scribunt
3157 558 3558 641 philosophi,
3610 559 3877 642 praebet
3929 580 4190 626 causam
4239 561 4373 626 ira·

2829 646 2923 710 At
2978 665 3132 711 vero
3186 643 3504 711 miraculo
3562 666 3703 711 esse
3745 644 3963 721 debet,
4023 648 4137 729 qui
4193 656 4371 731 aeta,-

2432 736 2569 794 tem
2611 728 2932 812 sapientia
2975 729 3343 796 antevertit.
3433 730 3609 795 Nam
3649 738 3716 795 et
3747 732 3856 814 qui
3896 732 4166 797 venturi
4215 743 4371 797 sunt

2431 816 2504 879 in
2547 815 2809 881 virtutis
2853 814 3283 897 adoptionem,
3328 815 3422 881 ait
3462 816 3745 882 Latinus
3785 818 4086 895 Pacatus,
4131 826 4206 882 ut
4238 840 4369 883 000

2432 900 2687 978 cadant,
2733 901 3038 965 titubant.
3726 974 3736 984 ,

2608 987 2950 1052 Temeritas
3002 986 3350 1065 hominum,
3416 991 3475 1057 et
3529 986 3920 1074 cantumelia]
4000 986 4221 1068 Quam
4284 989 4368 1053 sit

2432 1072 2651 1155 gravis
2714 1072 2978 1156 regibus
3040 1071 3463 1148 contumelia,
3532 1072 3686 1138 alibi
3766 1072 4107 1138 videbitur.
4208 1073 4366 1139 Ideo

2432 1157 2778 1240 magnifice
2834 1158 3077 1223 sentire
3135 1157 3213 1222 de
3265 1157 3560 1240 principe
3615 1158 3954 1236 debemus,
4014 1160 4198 1223 cuius
4250 1179 4367 1241 pa-

2431 1243 2732 1308 tientiam.
2783 1243 2967 1308 nulla
3006 1243 3341 1308 temeritas
3357 1287 3374 1316 ‚
3417 1242 3604 1307 nulla
3645 1243 4039 1309 contumelia
4080 1245 4362 1328 fregerit.

2428 1329 2709 1412 Legitur
2761 1330 2961 1395 etiam
3014 1329 3422 1394 contumacia
3475 1330 3546 1393 in
3593 1327 3981 1411 quibusdam
4037 1329 4367 1412 exempla-

2427 1413 2628 1491 ribus,
2660 1414 2710 1497 ¹)
2765 1415 2983 1481 nescio
3034 1435 3123 1479 an
3177 1413 3598 1480 emendatius.
3686 1414 3949 1497 Regum
3992 1415 4168 1480 enim
4212 1423 4368 1479 sunt

2431 1499 2591 1565 haec
2642 1500 2917 1583 imperia
2971 1500 3078 1584 (ut
3130 1501 3224 1564 ait
3266 1500 3496 1566 Cicero
3546 1500 3619 1563 in
3661 1501 3949 1564 oratione
4001 1499 4366 1583 010110111-

2429 1586 2557 1669 rio)
2610 1592 2758 1668 post
2806 1585 3290 1673 animadverte,
3355 1596 3422 1650 et
3475 1585 3646 1652 dicto
3700 1606 3874 1667 pare.
3918 1640 3925 1653 ,
3987 1585 4162 1650 Item
4215 1585 4366 1649 illae

2428 1674 2675 1750 101110ος
2718 1671 2775 1737 01
2818 1678 2884 1737 10
2927 1670 3211 1737 00011οἆ0
3255 1671 3480 1736 1110100
3521 1671 3629 1737 1110
3672 1669 4022 1748 offendero,
4067 1672 4360 1736 moriere.

2429 1756 2509 1823 Si
2541 1756 2826 1822 secunda
2862 1756 3041 1822 iussa
3073 1777 3206 1821 000
3240 1758 3511 1839 impune
3545 1765 4020 1839 exspectantur,
4056 1757 4369 1823 nimirum

2429 1843 2835 1908 contumacia
2876 1842 3023 1925 plus
3066 1863 3262 1926 quam
3305 1842 3599 1924 capitalis
3643 1851 3759 1908 est.
4044 1880 4051 1895 ·

2607 1928 3183 2009 Tranquillissimis
3236 1947 3470 2009 quoque
3510 1927 3858 2008 pectoribus
3942 1926 4125 1992 Haec
4169 1927 4364 1993 etiam

2428 2012 2629 2077 verba
2670 2012 2925 2079 addunt
2966 2013 3331 2097 emphasim
3372 2035 3502 2078 non
3539 2012 3846 2097 negligen
3893 2034 4016 2091 am,
4063 2012 4232 2095 quod
4266 2014 4364 2077 iu-

2428 2119 2664 2164 venem
2728 2098 3074 2164 deturbare
3127 2098 3207 2164 de
3260 2097 3511 2181 placido
3576 2100 3778 2164 animi
3832 2106 4007 2163 statu
4062 2118 4195 2162 non
4247 2118 4365 2180 po-

2427 2184 2679 2249 tuerint
2720 2185 3051 2249 temeritas
3094 2184 3435 2249 hominum
3480 2191 3547 2247 01
3585 2184 4007 2261 00010010010,
4049 2204 4217 2266 quae
4251 2203 4366 2265 pa·

2426 2269 2730 2334 tientiam
2774 2271 3113 2334 excutiunt
3157 2269 3316 2334 viris
3358 2270 3865 2352 patientissimis,
3903 2276 3971 2332 et
4004 2268 4185 2332 omni
4218 2288 4366 2351 per-

2426 2355 2798 2420 turbatione
2838 2354 3079 2420 liberis.
3168 2355 3314 2420 Hoc
3358 2354 3536 2419 enim
3579 2355 3903 2439 significat
3958 2353 4143 2418 nobis
4184 2364 4364 2417 tran-

2423 2440 2710 2522 quillitas
2724 2488 2742 2520 ,
2800 2446 2880 2504 ut
2931 2439 3121 2506 facile
3182 2439 3575 2523 intelligitur
3625 2462 3708 2504 ex
3760 2440 3977 2504 verbis
4032 2438 4365 2504 Ciceronis

2425 2526 2690 2591 Tuscul.
2734 2524 2856 2590 IV.
2967 2526 3053 2590 In
3117 2525 3251 2603 his,
3321 2525 3561 2608 inquit,
3618 2524 4020 2608 explicandis
4073 2532 4364 2589 veterem

2423 2611 2606 2676 illam
2651 2610 2954 2694 equidem
2996 2611 3413 2696 Pythagorae
3451 2612 3753 2693 primum,
3800 2608 4035 2675 deinde
4070 2609 4364 2675 Platonis

2425 2695 2924 2780 descriptionem
2980 2718 3245 2779 sequar:
3302 2698 3414 2779 qui
3469 2697 3759 2761 animum
3811 2696 3882 2761 in
3926 2696 4088 2761 duas
4144 2701 4363 2779 partes

2425 2782 2748 2848 dividunt:
2809 2783 3086 2847 alteram
3126 2780 3401 2849 rationis
3450 2782 3830 2865 participem
3872 2782 4147 2859 faciunt,
4203 2780 4363 2845 alte-

2424 2889 2567 2933 ram
2622 2876 2973 2952 expertem.
3064 2868 3148 2932 In
3188 2868 3505 2952 participe
3560 2868 3830 2933 rationis
3884 2876 4141 2950 ponunt
4182 2874 4362 2930 tran-

2424 2953 2841 3037 quillitatem,
2908 2954 2978 3020 id
3042 2961 3144 3020 est
3202 2952 3526 3038 placidam
3592 2954 4007 3044 quietamque
4062 2958 4364 3018 constan-

2424 3041 2612 3104 tiam:
2669 3041 2738 3105 in
2781 3040 2897 3105 illa
2939 3041 3145 3106 altera
3186 3049 3405 3106 motus
3446 3039 3777 3118 turbidos,
3822 3047 3965 3104 tum
4006 3040 4174 3118 irae,
4217 3048 4364 3102 tum

2424 3126 2816 3209 cupiditatis,
2864 3127 3225 3193 contrarios
3266 3126 3690 3208 inimicosque
3732 3126 3984 3196 rationi.
4073 3126 4200 3192 Est
4240 3124 4363 3207 igi-

2425 3222 2536 3277 tur
2579 3212 3009 3294 tranquillum
3049 3220 3294 3295 pectus,
3340 3213 3504 3277 bene
3547 3212 3995 3295 compositum,
4040 3231 4164 3276 nec
4208 3209 4364 3274 ullis

2425 3298 2765 3363 affectibus
2809 3298 3180 3384 obnoxium,
3224 3318 3384 3380 quos
3427 3297 3667 3363 Graeci
3705 3286 3907 3377 πάθη,
3964 3294 4031 3360 id
4073 3303 4173 3362 001
4211 3315 4363 3376 pas-

2426 3384 2641 3448 siones
2655 3433 2671 3461 ,
2728 3383 3077 3465 appellant.
3167 3381 3640 3465 Tranquillims
3681 3383 3849 3466 ipsa,
3896 3371 4097 3446 animi
4140 3379 4362 3444 mode-

2425 3469 2594 3534 ratio
2612 3518 2628 3546 ,
2684 3475 2752 3531 et
2805 3470 2989 3550 quasi
3033 3469 3533 3551 aequanimitas:
3596 3488 3793 3550 quam
3836 3467 3990 3532 alibi
4047 3466 4359 3531 securita—

2428 3562 2588 3633 tem,
2649 3552 2803 3617 alibi
2857 3574 3082 3636 pacem
3136 3562 3328 3620 vocat
3381 3551 3635 3619 Seneca
3702 3562 3942 3634 noster.
4044 3550 4360 3633 Theologi

2424 3659 2683 3723 semper
2735 3639 2871 3703 fere
2922 3661 3167 3723 pacem.
3220 3701 3225 3708 ,
3265 3639 3451 3704 Ηο00
3503 3639 3701 3703 011010
3754 3639 3899 3719 1000
3941 3643 4042 3702 001
4082 3634 4359 3719 insignis

2421 3713 2536 3789 illa
2577 3723 2843 3803 εὐθυμία
2884 3723 3279 3803 Democriti,
3336 3725 3510 3789 dicta
3552 3724 3736 3807 quasi
3781 3722 3980 3786 animi
4025 3721 4375 3788 alacritasz.

2423 3810 2504 3876 de
2538 3831 2666 3893 qua
2690 3809 2919 3877 Cicero
2952 3812 3023 3874 in
3049 3810 3131 3876 V.
3171 3810 3250 3875 de
3272 3809 3548 3875 Finibus
3583 3816 3649 3873 et
3675 3806 3806 3872 Dio
3853 3827 4005 3872 enes
4029 3807 4353 3872 Laertius.

2605 3896 3012 3962 ostentandae
3048 3917 3169 3977 per
3209 3901 3470 3960 terrores
3511 3893 3819 3976 potentiae
3894 3893 4354 3976 Tyrannorum

2287 3987 2302 4004 ²
2424 3990 2525 4048 est
2580 3983 2703 4048 hoc
2762 3981 3054 4060 solenne,
3122 3991 3351 4064 putare
3407 3980 3725 4045 abiectam
3778 3998 3920 4042 esse
3973 3978 4351 4061 potentiam,

2421 4089 2622 4151 quam
2688 4087 2821 4132 non
2887 4067 3118 4133 alienis
3181 4066 3462 4132 miseriis
3529 4073 3893 4129 exerceant.
3994 4062 4109 4131 Sic
4161 4085 4354 4147 saepe

2422 4154 2586 4219 tales
2639 4172 2953 4237 personae
3012 4175 3052 4217 a
3106 4153 3399 4236 Tragicis
3452 4149 3872 4214 inducuntur.
3969 4150 4144 4215 Nero
4183 4150 4356 4233 apud

2423 4238 2744 4306 Senecam
2784 4240 2854 4303 in
2896 4236 3198 4305 Octavia:

3003 4325 3192 4379 Calcat
3222 4324 3484 4377 iacentem
3518 4321 3724 4388 vulgus.
4068 4384 4077 4390 ,

2424 4410 2529 4475 Ι10
2570 4409 2917 4474 000110οᾶ0
2958 4410 3384 4492 experiuntur
3417 4413 3735 4490 quantum
3778 4406 3901 4472 sibi
3935 4406 4144 4472 liceat.

2599 4493 2942 4574 Conditum,
2984 4497 3108 4559 imo
3149 4490 3563 4579 constrictwn]
3621 4492 3813 4558 Hanc
3856 4494 4137 4576 figuram
4178 4489 4356 4570 μετά-

2425 4605 2587 4644 νοιαν
2628 4590 2865 4646 100001
2906 4580 3223 4658 111010100,·
3266 4600 3464 4662 quam
3505 4578 3926 4660 interpretari
3967 4577 4173 4660 possis
4208 4598 4359 4661 poe-

2424 4666 2802 4744 nitentiam,
2862 4687 3030 4750 quae
3082 4664 3255 4729 tollit
3309 4663 3477 4746 quod
3536 4663 3780 4729 dictum
3823 4672 3953 4742 est,
4013 4671 4079 4727 et
4120 4682 4238 4746 pro
4282 4683 4359 4727 eo

2425 4752 2638 4836 magis
2700 4750 3012 4817 idoneum
3076 4750 3346 4834 reponit.
3453 4748 3626 4814 Vide
3686 4749 4012 4815 Rutilium
4076 4748 4359 4831 Lupum.

2428 4835 2875 4919 Quintilianus
2930 4843 2997 4902 et
3039 4835 3268 4903 Cicero
3322 4836 3788 4902 correctionem
3834 4839 4089 4900 vocant.
4176 4832 4361 4897 Non-

2426 4943 2765 5005 nunquam
2808 4922 3233 4988 correctiones
3277 4928 3435 4986 sunt
3472 4920 3784 5000 ironicae,
3828 4926 3905 4986 ut
3943 4918 4059 4984 illa
4103 4917 4362 4983 Cicero-

2572 5192 2631 5260 1)
2670 5194 2765 5250 Ita
2800 5194 2961 5249 etiam
2994 5193 3258 5249 naciones
3294 5194 3526 5249 Senecae
3556 5192 3959 5326 recentiorum
