4984 5975
353 298 425 360 ιι
484 253 497 279 ’
1851 291 2145 358 maa
2182 292 2237 359 1.
2328 290 2632 358 offui*
2671 291 2802 357 m
4244 296 4327 359 42

356 479 473 548 Oui
504 477 711 542 simile
744 488 845 543 est
884 475 1051 542 illud
1094 477 1495 560 Quintiliani
1534 480 1605 544 in
1651 479 1870 563 Aegro
1910 478 2280 563 redempto:

353 564 568 630 Voluit
598 583 719 627 nos
752 561 867 627 ille
905 564 1325 630 mortalitatis
1347 565 1585 629 artifex
1626 564 1788 630 deus
1822 566 1893 630 in
1936 584 2284 631 commune

355 669 733 724 succurrere,
771 656 841 713 et
880 669 999 731 per
1040 659 1301 716 mutuas
1344 650 1740 715 auxiliorum
1785 651 1964 717 vices
2004 652 2077 715 in
2121 649 2281 716 alte-

354 756 507 814 rum,
556 734 728 817 quod
784 754 903 816 pro
957 755 1027 800 se
1068 737 1339 819 quisque
1375 738 1639 801 timeret
1652 786 1668 812 ,
1724 756 2035 801 asserere.
2126 735 2283 802 Ideo

357 819 788 901 Quintilianus
849 821 918 885 in
986 821 1245 902 Apibus
1272 823 1323 904 ¹)
1378 821 1689 905 pauperis
1706 872 1721 898 ,
1780 821 2066 888 humano
2122 823 2280 888 vitio

352 908 577 973 factum
629 907 952 987 queritur,
1024 917 1099 970 ut
1150 907 1221 970 in
1278 907 1575 990 proprios
1634 908 1906 990 quisque
1962 929 2122 973 usus
2178 907 2283 972 lu-

352 1011 521 1057 orum
561 989 842 1056 duceret.

513 1076 682 1157 Quae
738 1097 961 1158 pacem
1002 1083 1202 1156 amat,
1270 1085 1326 1143 et
1376 1098 1606 1143 manus
1659 1077 1904 1165 retinet]
1973 1078 2121 1143 Hoc
2160 1099 2280 1160 pro

351 1161 734 1246 Cyrenaicis,
771 1166 883 1245 qui
927 1163 996 1227 in
1042 1163 1345 1229 omnibus
1366 1172 1799 1246 ,prospectum
1844 1164 2081 1228 volunt
2123 1184 2279 1229 suae

348 1246 629 1325 utilitati,
686 1260 762 1312 ut
814 1248 999 1331 prius
1055 1249 1449 1331 explicatum
1486 1258 1600 1314 est.
1691 1247 2014 1315 Serviunt
2055 1257 2281 1314 autem

347 1333 615 1398 maxime
639 1333 964 1417 voluptati
985 1345 1053 1398 et
1072 1334 1358 1412 utilitati,
1396 1356 1544 1417 pax,
1588 1335 1791 1417 quies,
1836 1334 2072 1399 otium:
2112 1355 2281 1417 quae

349 1427 549 1483 tamen
584 1419 703 1482 vix
724 1418 915 1484 'inter
950 1420 1251 1484 homines
1286 1429 1463 1486 stare
1498 1430 1786 1503 possunt,
1822 1420 1952 1486 nisi
1995 1419 2279 1487 clemen-

349 1505 467 1568 tiae
506 1502 837 1570 beneficio.
925 1507 1205 1571 Manum
1246 1505 1353 1571 hic
1400 1506 1618 1589 accipe
1655 1526 1775 1587 pro
1820 1506 2165 1582 violentia,
2211 1506 2280 1570 in

349 1610 465 1672 qua
502 1590 974 1672 significatione
1018 1603 1122 1655 est
1163 1591 1336 1673 apud
1381 1591 1765 1658 Ciceronem
1810 1591 1916 1657 lib.
1962 1591 2016 1656 1.
2057 1588 2278 1656 Offic.:

350 1675 576 1739 'l'amen
612 1696 723 1741 res
757 1677 828 1740 vi
862 1696 1192 1759 manuque
1226 1688 1412 1760 gesta
1446 1687 1562 1742 est.
1628 1677 1723 1741 Et
1742 1677 2028 1742 Verrina
2063 1684 2278 1742 sexta:

346 1759 513 1824 Nihil
571 1762 836 1845 aegrius
889 1763 1134 1828 factum
1187 1771 1314 1840 est,
1375 1782 1569 1845 quam
1624 1773 1701 1827 ut
1742 1783 1978 1827 manus
2030 1762 2112 1827 ab
2168 1761 2280 1826 illo

343 1845 727 1944 appellatore
764 1847 1267 1913 abstinerentur.
1335 1846 1757 1913 Contrarium
1794 1855 1895 1913 est
1928 1848 2012 1912 ad
2044 1869 2281 1913 manus

344 1951 567 1996 vemre.

502 2017 774 2083 Nullum
828 2023 1030 2083 tamen
1072 2016 1420 2105 clementia]
1467 2019 1652 2084 Bene
1695 2018 2000 2085 cohaeret
2042 2018 2279 2083 oratio·

344 2100 437 2166 nis
476 2102 681 2168 filum.
770 2104 856 2167 In
898 2103 1435 2185 praecedentibus
1479 2105 1572 2170 sic
1616 2105 2027 2170 clementiam
2064 2103 2278 2168 homi-

345 2207 491 2251 num
521 2196 802 2254 naturae
837 2191 1186 2254 convenire
1220 2189 1606 2268 disserebat,
1644 2198 1723 2255 ut
1764 2189 2100 2254 hominem
2140 2209 2280 2254 non

346 2293 473 2337 esse
514 2274 944 2339 contenderet
968 2326 982 2351 ,
1039 2275 1151 2359 qui
1194 2296 1327 2341 non
1371 2275 1567 2339 simul
1611 2275 1915 2341 clementi
1961 2283 2134 2340 esset
2176 2276 2277 2339 in-

344 2359 545 2442 genio,
615 2368 814 2443 atque
902 2359 987 2424 ad
1055 2360 1625 2426 mansuetudinem
1702 2381 2043 2443 propenso,
2152 2361 2280 2425 Est

343 2445 505 2509 enim
555 2444 909 2511 clementia
962 2466 1115 2511 vere
1183 2446 1586 2511 humanitas:
1658 2446 1842 2512 cuius
1894 2447 2278 2529 participem

346 2549 489 2608 esse,
513 2531 684 2596 nihil
707 2531 886 2596 aliud
907 2541 1023 2608 est,
1060 2553 1255 2615 quam
1294 2552 1435 2596 esse
1469 2531 1820 2597 hominem.
1877 2531 2071 2597 Nunc
2104 2531 2278 2615 quod

342 2617 594 2698 propius
629 2626 733 2681 est
760 2638 968 2699 scopo,
994 2617 1178 2683 addit
1211 2639 1353 2682 esse
1389 2618 1704 2683 virtutem
1747 2617 2091 2696 heroicam,
2137 2618 2279 2682 sine

341 2721 459 2782 qua
495 2701 824 2786 imperare
867 2702 1196 2787 principes
1239 2724 1374 2767 non
1414 2704 1695 2786 possint:
1744 2703 1915 2768 sicut
1958 2703 2280 2785 Vopiscus

341 2787 437 2860 ait,
462 2789 750 2869 primam
774 2809 917 2853 esse
940 2810 1160 2854 rerum
1186 2788 1420 2853 dotem.
1469 2788 1548 2853 Id
1575 2789 1900 2853 convincit
1923 2788 2149 2853 multis
2174 2807 2277 2852 ra·

344 2872 638 2953 tionibuS,
664 2894 829 2958 quae
855 2875 992 2939 suis
1027 2874 1185 2940 locis
1214 2894 1508 2939 seorsum
1541 2872 2079 2940 observabuntur.
2125 2874 2277 2938 Pri-

338 2977 499 3023 mam
535 2968 762 3025 tamen
801 2960 1108 3025 continuo
1146 2959 1421 3026 subiicit.
1514 2958 1688 3042 Quia
1729 2960 2035 3044 princeps
2077 2959 2278 3025 nullis

339 3044 691 3111 virtutibus
725 3047 1006 3130 gratiam
1040 3046 1260 3130 populi
1298 3046 1422 3111 sibi
1458 3067 1601 3113 com
1650 3067 1835 3111 arare
1871 3056 2103 3130 potest,
2150 3047 2278 3110 nisi

340 3128 601 3196 salutari
654 3140 884 3197 utatur
945 3133 1254 3215 potentia.
1317 3132 1578 3197 Polleat
1650 3134 1773 3197 'cet
1814 3153 1952 3209 rex,
1998 3142 2113 3197 aut
2152 3133 2277 3196 im-

338 3226 603 3363 gerator,
641 3217 789 3282 aliis
831 3218 1150 3295 fortunae,
1197 3219 1501 3301 corporis,
1547 3218 1749 3282 animi
1793 3217 2081 3282 dotibus:
2129 3239 2277 3301 per-

377 3314 491 3365 unt
543 3303 771 3368 omnia
823 3303 1121 3387 gratiam,
1176 3304 1304 3368 nisi
1362 3325 1432 3369 se
1495 3302 1998 3368 mansuetudine
2052 3303 2281 3369 fecerit

337 3387 675 3454 amabilem
711 3389 847 3453 suis
884 3388 1179 3468 subditis,
1215 3410 1290 3454 ac
1334 3390 1711 3473 gratiosum.
1800 3388 2096 3453 Rursum
2139 3409 2277 3453 om-

338 3471 442 3535 nia
482 3474 629 3539 eius
671 3475 846 3540 facta
887 3473 1187 3557 dictaque
1246 3475 1531 3559 benigne
1574 3474 2010 3556 excipientur,
2071 3474 2128 3537 si
2181 3474 2277 3537 fa-

335 3577 551 3623 vorem
585 3560 811 3644 populi
847 3559 968 3624 sibi
1004 3560 1126 3626 hac
1162 3560 1412 3625 virtute
1447 3559 1648 3625 semel
1682 3559 2056 3623 conciliarit.
2123 3559 2278 3626 Huc

337 3648 639 3710 convenit
688 3645 1125 3730 apophtegma
1176 3645 1775 3730 Gymnosophistae
1831 3644 1942 3727 qui
1996 3645 2276 3710 interro-

334 3738 518 3810 gatus
586 3731 672 3796 ab
736 3730 1117 3797 Alexandro
1134 3782 1148 3809 ,
1203 3731 1522 3814 quomodo
1585 3730 1916 3813 imperans
1970 3752 2034 3794 m

333 3817 472 3894 [pag.
498 3823 611 3896 30]
647 3817 768 3882 sibi
806 3816 1084 3901 gloriam
1116 3826 1540 3907 compararet,
1560 3818 1618 3901 2)
1667 3813 2004 3899 respondit
2037 3818 2059 3880 i
2139 3816 2277 3881 fore

339 3900 390 3963 si
428 3923 563 3967 non
599 3913 775 3968 esset
815 3901 1144 3968 terribilis.

497 3989 677 4053 Nam
718 3988 1030 4071 pestifera
1081 3989 1180 4053 vis
1245 3985 1362 4074 est]
1418 3985 1615 4069 Quod
1669 3986 1824 4053 alibi
1880 3986 2052 4052 dixit
2070 4039 2085 4065 ,
2143 4009 2278 4053 non

332 4069 435 4136 (liu
473 4082 696 4158 potest
752 4094 918 4157 quae
968 4072 1327 4138 multorum
1383 4073 1555 4138 malo
1592 4081 1934 4139 exercetur
1989 4075 2281 4157 potentia

328 4165 512 4225 ctare.
598 4160 728 4225 Est
772 4160 952 4224 enim
993 4158 1466 4224 contrariorum
1509 4160 1838 4224 contentio
1854 4210 1871 4238 ,
1929 4159 2085 4242 quia
2128 4180 2278 4224 oon-

329 4243 507 4309 tinuo
545 4245 867 4328 sequitur:
914 4244 1104 4309 Illius
1141 4244 1405 4310 demum
1440 4245 1825 4328 magnitudo
1861 4244 2113 4310 stabilis
2157 4257 2275 4311 etc.

492 4330 699 4396 Illius
752 4331 1001 4395 demum
1041 4331 1407 4414 maynitudo
1486 4331 1637 4395 Non
1680 4339 1943 4395 tantum
1987 4331 2278 4415 cogitan-

329 4413 480 4479 dum
522 4426 629 4481 est
669 4416 986 4500 principi,
1044 4415 1198 4498 quid
1246 4415 1368 4480 sibi
1441 4417 1632 4494 'ceat,
1684 4415 1800 4481 sed
1855 4436 1983 4498 qua
2024 4416 2277 4482 ratione

325 4507 592 4566 tueatur
623 4522 808 4567 suam
830 4501 1212 4585 potentiam.
1259 4501 1490 4567 Potest
1504 4501 1716 4566 instar
1742 4501 2039 4566 rabiosae
2051 4501 2278 4568 beluae

328 4588 611 4666 grassari
647 4609 766 4672 por
802 4595 1054 4671 strages
1090 4586 1448 4652 hominnm.
1536 4587 1789 4652 Verum
1825 4587 1951 4653 hoc
1985 4586 2111 4652 erit
2145 4608 2279 4653 non

327 4689 608 4756 regnum
622 4724 638 4753 ,
704 4671 822 4738 sed
882 4672 1319 4737 latrocinium.
1406 4673 1688 4739 Latroni
1745 4693 1903 4737 vero
1968 4680 2069 4738 tot
2124 4681 2280 4738 sunt

328 4754 566 4838 hostes,
602 4767 764 4842 quot
796 4758 1111 4824 homines.
1170 4757 1350 4823 Male
1385 4779 1541 4843 ergo
1577 4757 1702 4822 sibi
1733 4758 2063 4841 prospicit,
2100 4759 2278 4842 quis-

331 4842 471 4924 quis
524 4843 988 4929 magnitudine
1029 4844 1101 4907 in
1144 4843 1502 4909 multorum
1556 4844 1911 4927 perniciem
1965 4843 2275 4924 abutitur,

462 5132 525 5196 1)
566 5133 711 5190 Edd.
744 5137 1068 5190 recentiores
1101 5133 1266 5202 (1611
1302 5135 1433 5201 εε.).·
1469 5134 1676 5204 opibus.

330 5204 380 5253 d
408 5214 587 5271 cena
618 5211 909 5273 comparet.

1850 5133 1913 5201 2)
1951 5132 2278 5189 Edam

2385 486 2461 544 ut
2501 500 2729 545 omnes
2783 487 3012 545 contra
3054 500 3124 545 se
3165 489 3391 545 armet.
3479 481 3575 545 At
3614 500 3771 545 vero
3821 480 3999 546 illius
4051 503 4333 567 regnum

2386 573 2489 630 est
2531 565 2791 641 stabile,
2837 566 2947 649 qui
2990 585 3127 630 non
3160 574 3414 629 tantum
3460 586 3607 644 sua,
3655 566 3769 632 sed
3812 575 3881 631 et
3921 567 4333 633 subditorum
4393 643 4401 652 ⁶

2385 670 2584 716 causa
2625 652 2904 733 imperat
2918 703 2932 728 ,
2989 652 3303 716 nimirum
3345 662 3564 734 pastor
3605 652 4027 734 populorum,
4072 661 4148 718 ut
4188 653 4331 719 Ho-

2384 757 2608 801 merus
2651 738 2909 802 vooavit
2952 738 3466 820 Agamemnona.

2562 820 2693 887 Pro
2753 822 2955 887 salute
3006 823 3067 886 si
3449 828 3630 904 atque
3669 822 4130 911 universorum]
4195 825 4332 889 Re-

2384 906 2774 989 spicit-illud
2809 917 3229 991 pmceptum
3252 908 3565 986 Platonis,
3611 916 3688 972 ut
3708 908 3821 990 qui
3855 917 4173 991 praesunt
4205 911 4332 975 rei·

2381 990 2696 1073 publicae,
2741 1001 2954 1059 totum
2999 995 3139 1058 eius
3183 1013 3422 1077 corpus
3456 1001 3715 1059 curent:
3762 1015 3847 1059 ne
3883 993 4042 1059 dum
4074 1002 4334 1078 partem

2384 1077 2673 1160 aliquam
2718 1086 3005 1156 tuentur,
3046 1078 3332 1161 reliquas
3377 1078 3700 1144 deserant.
3771 1077 3906 1160 Qui
3950 1081 4125 1146 enim
4157 1082 4334 1164 parti

2384 1163 2753 1242 consulunt,
2789 1172 3044 1247 partem
3080 1165 3444 1249 negligunt,
3479 1165 3694 1246 inquit
3726 1164 3975 1244 Cicero,
4013 1186 4157 1231 rem
4184 1186 4333 1248 per-

2382 1248 2884 1314 niciosissimam
2927 1250 3000 1313 in
3043 1250 3376 1316 civitatem
3422 1250 3746 1315 inducunt
3759 1301 3774 1328 ,
3830 1250 4213 1316 seditionem
4257 1273 4333 1317 ac

2381 1333 2790 1399 discordiam.

2562 1418 2760 1484 Cuius
2802 1440 3020 1486 curam
3062 1419 3388 1571 &neuburg

2384 1511 2487 1568 est
2529 1504 2817 1571 Plancus
2863 1505 3030 1571 libro
3070 1506 3282 1589 Epist.
3391 1507 3666 1571 iceronis
3708 1507 3799 1572 X.
3844 1528 3927 1570 ex
3972 1528 4097 1589 quo
4140 1506 4334 1571 intel-

2384 1590 2505 1674 ligi
2547 1599 2769 1673 potest
2820 1611 3043 1657 curam
3097 1592 3490 1674 reipublicae
3547 1612 3845 1657 summae
3889 1591 4335 1657 defendendae

2385 1676 2561 1758 apud
2603 1697 2721 1742 nos
2767 1676 3105 1742 excubare.
3196 1679 3434 1743 Tracta
3488 1689 3589 1743 est
3643 1677 4026 1760 metaphora
4080 1677 4161 1743 ab
4219 1698 4335 1741 ex-

2383 1760 2590 1827 cubiis
2636 1783 2801 1846 quae
2846 1762 3059 1828 solent
3091 1764 3164 1827 in
3198 1763 3472 1829 urbibus
3509 1763 3781 1847 disponi,
3827 1784 4027 1845 quum
4066 1763 4148 1828 ab
4182 1763 4334 1829 hos-

2385 1846 2559 1913 tibus
2613 1856 2715 1913 est
2768 1849 3165 1931 periculum,
3235 1850 3416 1931 quasi
3474 1848 3724 1914 diceret
3776 1850 4134 1932 principem
4192 1870 4334 1915 esse

2382 1931 2718 2013 publicum
2764 1934 3089 2016 quendam
3133 1933 3576 1999 excubitorem
3591 1986 3605 2010 ,
3654 1936 3765 2017 qui
3808 1936 4108 2001 omnibus
4154 1934 4332 2001 horis

2382 2018 2452 2081 in
2519 2019 2801 2083 salutem
2867 2019 3093 2103 populi
3156 2019 3474 2103 invigilet.
3579 2018 3694 2086 Sic
3759 2021 3934 2085 enim
4001 2021 4331 2104 sapienter

2381 2105 2700 2187 praecipit
2743 2105 3074 2170 Homerus
3117 2105 3389 2170 Illiados
3431 2108 3498 2188 β;

2614 2198 2697 2325 {²2¹3
2727 2203 3400 2344 &31322‘12532533521
3429 2201 3981 2344 Ξειέιψμέβιτ

2382 2366 2450 2423 et
2490 2359 2704 2426 Iulius
2747 2359 3024 2426 vocabat
3064 2361 3410 2443 imperium
3454 2382 3678 2427 curam
3723 2362 3973 2426 alienae
4017 2361 4275 2427 salutis.

2561 2462 2890 2545 Tanquam
2954 2464 3194 2529 malum
3257 2462 3515 2543 aliquod
3565 2468 3677 2527 aut
3736 2463 3997 2528 noxium
4058 2462 4327 2550 animal]

2380 2546 2556 2614 Nam
2612 2550 2668 2614 si
2710 2549 3014 2633 princeps
3055 2548 3400 2632 tyrannice
3444 2549 3694 2614 saeviat
3736 2550 3807 2612 in
3864 2569 4046 2626 suos,
4093 2569 4178 2612 ex
4214 2569 4334 2631 po-

2379 2634 2614 2717 pulosa
2657 2634 2821 2699 urbe
2877 2636 3071 2700 faciet
3110 2642 3365 2700 vastam
3410 2633 3845 2699 solitudinem.
3934 2634 4195 2699 Plinius
4235 2634 4332 2700 lo·

2380 2741 2587 2804 quens
2630 2719 2711 2784 de
2753 2719 3154 2803 temporibus
3185 2720 3545 2784 Domitiani
3589 2720 3660 2783 in
3704 2720 4146 2805 Panegyrico:
4192 2719 4332 2785 Neo

2381 2804 2815 2870 salutationes
2857 2813 3005 2870 tuas
3047 2807 3203 2890 fuga
3245 2826 3320 2870 ac
3362 2805 3634 2871 vastitas
3679 2806 4000 2889 sequitur;
4045 2826 4333 2871 remora·

2379 2913 2550 2970 mur,
2594 2892 2986 2970 resistimus,
3030 2899 3109 2958 ut
3150 2891 3220 2955 in
3265 2892 3597 2956 communi
3644 2890 3836 2955 domo
3881 2912 4079 2974 quam
4123 2911 4333 2973 nuper

2379 2976 2856 3043 immanissima
2898 2976 3089 3043 belua
3122 2975 3404 3061 plurimo
3445 2987 3692 3042 terrore
3736 2977 4086 3057 munierat,
4131 2997 4334 3059 quum

2380 3064 2570 3129 velut
2622 3063 2902 3146 quodam
2969 3084 3167 3148 specu
3219 3061 3503 3142 inclusa,
3571 3084 3752 3128 nunc
3815 3064 4330 3161 propinquorum

2382 3148 2770 3233 sanguinem
2824 3149 3166 3225 lamberet,
3214 3171 3390 3215 nunc
3434 3170 3504 3214 se
3548 3147 3631 3213 ad
3674 3148 4184 3215 clarissimorum
4229 3149 4332 3213 vi·-

2381 3255 2607 3299 rorum
2642 3242 2893 3319 strages
2933 3234 3282 3318 cladesque
3361 3235 3664 3315 roferret3
3701 3232 4217 3301 obversabantur
4236 3235 4333 3298 fo-

2379 3321 2562 3385 ribus
2599 3319 2832 3384 horror
2866 3328 2934 3385 et
2967 3321 3213 3385 minae:
3263 3341 3302 3384 a
3375 3320 3536 3386 haec
3579 3321 3723 3404 ipso
3747 3340 4022 3386 occursu
4060 3320 4334 3402 visuque

2380 3404 2724 3484 terribilis;
2784 3405 3086 3488 superbia
3128 3407 3198 3469 in
3245 3406 3480 3483 fronte,
3525 3407 3626 3470 ira
3668 3407 3740 3469 in
3786 3403 3990 3475 oculis
4033 3412 4152 3472 etc.

2559 3507 2684 3572 Sed
2724 3513 3026 3590 tanquam
3082 3509 3169 3573 ad
3210 3505 3484 3595 clarum]
3532 3508 3717 3573 Haec
3761 3513 3863 3572 est
3904 3507 4146 3572 eximia
4187 3505 4331 3570 laus

2381 3592 2534 3660 boni
2576 3592 2920 3676 principis,
2968 3594 3151 3659 cuius
3195 3602 3464 3676 aspectu
3510 3593 3665 3658 dum
3711 3593 3812 3659 sui
3855 3592 4186 3671 fruuntur,
4229 3612 4332 3657 so·

2381 3677 2512 3744 lem
2559 3699 2627 3744 se
2685 3678 2930 3745 intueri
2983 3686 3249 3763 putant,
3304 3688 3418 3744 aut
3466 3678 3645 3743 aliud
3688 3678 3868 3744 sidus
3909 3676 4128 3742 vitale.
4219 3674 4333 3742 Sic

2380 3764 2701 3830 Horatius
2746 3763 2828 3829 ad
2873 3767 3249 3849 Augustum
3294 3765 3661 3831 carminum
3703 3763 3814 3828 lib.
3861 3762 3964 3826 IV
3968 3784 4013 3827 .:

2689 3864 2892 3921 Lucem
2929 3867 3094 3921 redde
3131 3875 3256 3921 tuae
3293 3866 3401 3921 dux
3438 3868 3576 3922 bone
3613 3868 3847 3935 patriae:

2690 3936 2868 3990 Instar
2900 3936 3042 3990 veris
3077 3938 3216 3989 enim
3251 3935 3432 3990 vultus
3468 3936 3558 3989 ubi
3592 3944 3717 3989 tuus

2691 4003 2912 4059 Affulsit
2945 4005 3167 4073 populo,
3202 4005 3409 4074 gratior
3441 4005 3483 4057 it
3517 4004 3631 4058 dies

2690 4072 2765 4126 Et
2801 4073 2947 4127 soles
2981 4073 3173 4127 melius
3209 4074 3396 4127 nitent.

2382 4160 2612 4243 Neque
2657 4177 3137 4240 supervacuum
3174 4166 3278 4223 est
3311 4156 3681 4241 epithetum
3715 4156 3876 4222 clari
3921 4178 3996 4222 ac
4039 4155 4329 4235 benefici,

2382 4266 2587 4328 quum
2623 4252 2692 4308 et
2722 4243 3096 4327 philosophi
3131 4244 3225 4309 sio
3270 4243 3699 4326 distinguant,
3745 4254 3823 4306 ut
3856 4242 4171 4325 quaedam
4219 4241 4331 4308 be-

2384 4331 2591 4414 nigna
2633 4334 2789 4409 [pag.
2844 4332 2952 4407 31]
2997 4330 3132 4395 sint
3173 4339 3243 4393 et
3284 4349 3614 4413 prospera,
3667 4327 3798 4392 alia
3851 4348 4011 4393 vero
4054 4327 4334 4393 adversa

2384 4439 2461 4482 ac
2485 4417 2703 4481 noxia.
2767 4413 2949 4496 Quin
2982 4421 3050 4480 et
3071 4413 3483 4499 Porphyrius
3527 4413 3681 4480 deos
3702 4413 4015 4479 coelestes
4040 4414 4154 4497 qui
4175 4422 4334 4479 sunt

2381 4504 2526 4585 ipsa
2567 4501 2801 4579 sidera,
2843 4499 3158 4584 quosdam
3201 4522 3342 4565 esse
3384 4498 3588 4564 tradit
3630 4500 3972 4576 beneficos,
4018 4498 4332 4582 quosdam

2380 4609 2542 4653 vero
2585 4586 2931 4652 maleficos.

2564 4673 2841 4738 obiicere
2874 4691 2943 4737 se
2965 4691 3089 4754 pro
3122 4669 3263 4759 illo]
3301 4672 3364 4736 N
3367 4693 3497 4738 unc
3527 4671 3735 4741 fusius
3757 4670 4043 4754 explicat
4074 4670 4143 4736 id
4161 4670 4336 4754 quod

2381 4760 2568 4842 prius
2590 4757 2864 4836 dixerat,
2888 4756 3188 4822 stabilem
3213 4756 3460 4823 scilicet
3481 4778 3621 4823 esse
3635 4758 3995 4840 potentiam
4016 4777 4180 4840 quae
4200 4777 4336 4821 non

2384 4846 2595 4929 magis
2631 4843 2832 4909 unius
2863 4840 3219 4908 commodis
3255 4863 3454 4926 quam
3485 4844 3818 4909 communi
3851 4842 4022 4908 bono
4068 4843 4332 4908 serviat.

2383 4931 2635 5015 Magna
2667 4929 2845 4994 enim
2879 4929 3143 4993 fortuna
3177 4935 3253 4993 ut
3283 4929 3419 4994 fere
3468 4927 3785 4994 invidiam
3823 4929 4024 5012 parit,
4074 4927 4336 5013 magnis

2385 5015 2727 5099 praesidiis
2751 5011 3151 5097 protegenda
3172 5023 3289 5079 est.
3334 5014 3466 5081 Hic
3488 5034 3648 5080 vero
3684 5015 3825 5080 iure
3849 5013 4129 5080 salutem
4147 5034 4334 5078 suam

2386 5099 2799 5168 commendat
2837 5099 3155 5177 omnibus,
3202 5102 3315 5183 qui
3351 5101 3644 5166 omnium
3692 5100 3972 5165 salutem
4001 5099 4077 5164 in
4109 5119 4335 5165 curam

2387 5208 2576 5253 suam
2618 5208 2694 5253 ac
2735 5185 2934 5251 fidem
2984 5184 3231 5271 recipit.
3320 5187 3649 5268 Principis
3703 5187 3881 5251 vitae
3926 5194 4041 5250 aut
4078 5184 4334 5250 externi

3451 1420 3604 1485 Alia
3646 1422 4127 1486 constructione
4171 1441 4334 1486 usus
4448 1463 4454 1474 ·
