4984 5975
298 401 305 407 .
347 347 475 409 413

347 531 665 617 quidquid
709 529 792 597 ad
836 529 1297 596 stabiliendum
1330 513 1539 613 papae
1573 529 2017 613 principatum
2051 527 2302 594 solebat

349 627 498 685 tum
531 616 784 695 adduci,
813 616 984 682 clare
1021 614 1373 680 diluebant.
1438 614 1569 682 Ubi
1596 617 1815 680 omnia
1838 614 1936 679 illi
1962 613 2014 697 ¹)
2042 636 2161 679 sua
2186 614 2299 677 fir·-

346 713 686 770 mamenta
707 702 1132 779 abstulerant,
1164 709 1420 765 tantam
1441 722 1694 784 quoque
1716 700 1859 766 eius
1882 699 2300 765 altitudinem

344 789 481 856 Dei
522 790 722 855 verbo
757 787 1288 853 demoliebantur.
1354 788 1456 851 Eo
1496 808 1704 869 usque
1745 806 1853 852 res
1893 784 2298 862 deveniebat,

347 882 427 941 ut
467 876 689 959 palam
723 880 893 938 esset
933 873 1486 955 conspicuumque
1529 871 1802 937 eruditis
1847 871 2043 935 simul
2087 892 2163 936 ac
2196 872 2300 935 in-

351 960 582 1038 doctis,
632 980 858 1023 verum
894 957 1202 1023 ecclesiae
1246 957 1541 1023 ordinem
1578 965 1737 1024 tunc
1777 957 2129 1037 interiisse;
2167 955 2299 1021 cla-

346 1068 485 1126 ves,
524 1046 756 1129 quibus
792 1044 1098 1110 ecclesiae
1134 1042 1478 1127 disciplina
1498 1044 1885 1121 continetur,
1920 1043 2120 1108 fuisse
2151 1063 2300 1125 pes-

353 1134 516 1199 sime
551 1130 952 1196 adulteratas
965 1153 981 1210 ;
1019 1129 1369 1212 collapsam
1413 1129 1840 1195 christianam
1889 1127 2297 1206 libertatem3

351 1224 755 1302 prostratum
823 1215 1099 1298 denique
1161 1216 1363 1282 fuisse
1424 1213 1675 1280 Christi
1728 1235 2037 1298 regnum,
2094 1233 2300 1296 quum

347 1311 607 1370 erectus
649 1302 882 1366 fuisset
924 1301 1032 1367 hic
1065 1301 1486 1384 principatus,
1551 1299 1902 1365 Habebant
1942 1310 2329 1382 praeterea„

345 1410 474 1474 quo
498 1387 965 1454 conscientiam
996 1407 1215 1451 meam
1241 1386 1664 1470 stringerent,
1690 1406 1774 1450 ne
1808 1387 1880 1450 in
1913 1385 2075 1464 istis,
2109 1385 2298 1467 quasi

342 1475 516 1541 nihil
575 1472 659 1538 ad
698 1493 805 1536 me
839 1473 1276 1555 pertinerent,
1313 1492 1581 1538 securus
1615 1472 2053 1536 conniverem.
2116 1469 2297 1535 Mul-

344 1570 491 1625 tum
536 1560 711 1625 enim
752 1558 1007 1635 abesse,
1054 1559 1211 1640 quin
1254 1557 1340 1622 sit
1383 1555 1646 1639 aliquod
1682 1556 2049 1622 voluntario
2090 1556 2296 1620 errori

343 1645 522 1729 apud
573 1651 640 1708 te
693 1644 1127 1727 patrocinium
1145 1694 1161 1721 ,
1207 1663 1413 1724 quum
1468 1664 1552 1707 ne
1609 1644 1666 1708 is
1718 1641 1979 1724 quidem
2024 1643 2295 1724 impune

344 1739 552 1810 erret,
603 1731 716 1813 qui
780 1750 962 1794 mera
1031 1729 1436 1811 ignoratione
1481 1733 1598 1807 [fol.
1647 1732 1755 1807 45]
1808 1748 1848 1791 a
1891 1729 1998 1793 via
2039 1726 2295 1792 seduci-

339 1825 474 1882 tur.
544 1815 737 1897 Quod
777 1814 997 1897 ipsum
1041 1814 1161 1879 filii
1205 1814 1301 1879 tui
1345 1813 1716 1880 testimonio
1760 1811 2292 1896 comprobabant:

344 1901 425 1969 Si
489 1922 717 1967 caecus
788 1920 1049 1966 caecum
1104 1899 1315 1976 ducit,
1368 1900 1558 1964 ambo
1612 1900 1680 1963 in
1739 1900 1995 1966 foveam
2052 1898 2296 1963 cadunt

340 1986 616 2071 (Matth.
668 1991 759 2065 15,
804 1986 931 2067 14).
1000 1984 1226 2065 Quum
1262 1979 1396 2049 iam
1420 1986 1679 2049 animus
1716 2007 1899 2050 meus
1936 1983 2018 2048 ad
2055 1985 2295 2048 seriam

341 2072 780 2139 attentionem
814 2079 1230 2152 comparatus
1263 2071 1447 2148 foret,
1493 2071 1601 2134 hic
1646 2091 1819 2144 vero,
1864 2077 2177 2151 tanquam
2212 2068 2293 2131 il-

338 2159 483 2224 lata
525 2158 700 2234 luce,
747 2154 1213 2233 animadverti,
1258 2157 1326 2220 in
1374 2177 1501 2237 quo
1545 2176 1841 2220 errorum
1885 2155 2292 2236 sterquilinio

329 2245 606 2310 fuissem
646 2240 996 2318 volutatus,
1034 2251 1192 2324 quot
1224 2239 1376 2305 indo
1411 2240 1709 2305 sordibus
1745 2261 1819 2305 ac
1851 2240 2125 2305 maculis
2159 2240 2292 2303 foc-

327 2330 536 2395 datus
571 2347 798 2392 essem.
870 2324 1061 2406 Quod
1096 2346 1252 2409 ergo
1288 2327 1482 2392 officii
1516 2326 1648 2390 mei
1681 2326 1823 2403 fuit,
1859 2326 2020 2404 eius,
2056 2327 2129 2390 in
2162 2347 2293 2408 (166

322 2414 684 2499 prolapsus
737 2432 915 2476 eram
933 2462 949 2489 ,
996 2413 1326 2488 miseriae,
1370 2410 1579 2476 multo
1623 2411 1820 2476 etiam
1874 2411 2085 2495 magis
2129 2412 2292 2490 eius,

327 2520 507 2583 quae
549 2497 718 2562 mihi
750 2496 1149 2574 imminebat,
1194 2505 1499 2561 aeternae
1541 2497 1777 2562 11161116Ι
1807 2499 2140 2581 agnitione
2174 2519 2287 2562 ve-

326 2586 686 2651 hementer
738 2591 1224 2662 consternatus,
1259 2582 1426 2647 nihil
1483 2582 1666 2664 prius
1721 2582 1921 2648 habui
1973 2604 2168 2666 quam
2213 2590 2289 2647 ut

324 2670 663 2745 (16616616,
692 2688 828 2732 666
852 2667 994 2732 6166
1029 2669 1279 2751 3616116
1303 2689 1378 2734 66
1398 2668 1724 2751 lacrymis,
1762 2669 2097 2752 superiore
2125 2669 2282 2746 vita,

320 2777 439 2821 me
481 2755 554 2818 in
604 2755 815 2819 vitam
830 2752 888 2836 ²)
934 2762 1113 2817 tuam
1157 2755 1529 2836 reciperem.
1594 2754 1686 2818 Et
1726 2776 1931 2832 nunc,
1978 2752 2282 2829 Domine,

329 2839 496 2925 quid
527 2838 708 2904 aliud
743 2839 982 2904 misero
1013 2839 1176 2902 mihi
1212 2850 1510 2922 superest
1542 2861 1736 2921 quam
1773 2847 1846 2904 ut
1882 2839 2284 2923 deprecatio-

326 2947 492 2993 nem
532 2926 656 2992 tibi
708 2946 826 3009 pro
870 2923 1243 2991 defensione
1297 2924 1588 3003 offeram,
1634 2946 1721 2991 ne
1764 2925 2157 2991 horrendam
2201 2924 2283 2989 il-

324 3013 466 3079 lam
492 3034 553 3077 -a
610 3012 808 3078 verbo
863 3020 975 3075 tuo
1029 3010 1451 3077 defectionem
1496 3011 1582 3076 ad
1632 3012 1951 3077 calculum
1996 3031 2281 3089 revoces,

327 3120 377 3165 a
418 3119 549 3183 qua
590 3119 696 3162 me
749 3095 954 3163 semel
984 3096 1263 3161 mirifica
1303 3104 1420 3161 tua
1453 3097 1855 3181 benignitate
1888 3097 2280 3163 vindicasti?

507 3184 704 3249 Nunc
755 3184 946 3247 istam
992 3182 1340 3260 actionem,
1387 3178 1721 3261 Sadolete,
1768 3206 1917 3249 cum
1962 3205 2070 3263 ea,
2110 3184 2169 3248 si
2203 3184 2281 3248 li-

326 3268 475 3349 bet,
512 3289 848 3351 compara,
896 3288 1093 3350 quam
1141 3267 1388 3351 plebeio
1424 3276 1537 3332 tuo
1583 3270 1948 3353 assignasti.
2008 3270 2278 3347 Mirum,

327 3356 389 3421 si
446 3354 797 3420 haesitabis
814 3404 829 3432 ‚
868 3362 1089 3418 utram
1145 3353 1335 3418 alteri
1389 3354 1717 3435 praeferre
1766 3353 2017 3419 debeas.
2090 3354 2281 3420 Illius

323 3442 511 3507 enim
555 3441 838 3524 profecto
872 3439 1051 3505 salus
1086 3439 1168 3503 de
1209 3439 1320 3504 filo
1353 3438 1615 3523 pendet,
1659 3441 1843 3504 cuius
1887 3439 2175 3505 defensio
2208 3440 2280 3503 in
2316 3454 2324 3463 ·

318 3526 451 3593 hoc
509 3525 775 3593 cardine
829 3525 1137 3590 vertitur:
1192 3525 1363 3608 quod
1417 3545 1583 3607 quae
1631 3523 1755 3590 sibi
1809 3547 1849 3591 a
1899 3525 2162 3608 proavis
2205 3545 2281 3589 66

328 3612 690 3678 maioribus
734 3610 976 3676 tradita
1032 3612 1118 3676 sit
1173 3610 1433 3694 religio,
1490 3632 1636 3675 eam
1689 3617 2068 3676 constanter
2119 3611 2280 3674 reti-

328 3699 573 3765 nuerit.
641 3696 889 3775 Iudaei,
937 3705 1002 3761 et
1047 3698 1319 3773 Tui-cae,
1365 3702 1434 3761 61
1465 3694 1817 3762 Sarraceni
1859 3695 1982 3763 hac
2025 3696 2280 3762 ratione

325 3783 464 3850 Dei
517 3783 755 3849 iudicio
808 3781 1235 3847 elaberentur.
1303 3782 1618 3847 Facessat
1667 3804 1824 3866 6136
1879 3782 2097 3847 166616
2149 3783 2281 3847 1616

320 3870 786 3955 tergiversatio
822 3869 903 3933 ab
939 3888 1014 3933 eo
1053 3867 1383 3945 tribunali,
1420 3867 1591 3951 quod
1628 3888 1759 3933 non
1797 3867 2141 3933 hominum
2163 3890 2278 3933 au-

321 3955 581 4022 toritati
623 3952 1169 4037 comprobandae,
1216 3953 1332 4018 sed
1377 3955 1687 4019 universa
1727 3975 1921 4019 carne
1964 3956 2278 4020 vanitatis

318 4041 782 4124 mendaciique
816 4039 1141 4118 damnata,
1182 4038 1566 4104 asserendae
1601 4040 1798 4104 unius
1841 4039 1972 4104 Dei
2015 4040 2277 4105 veritati

320 4129 636 4211 erigetur.
688 4124 884 4207 Quod
910 4127 966 4191 si
990 4126 1250 4207 ineptiis
1270 4133 1490 4191 tecum
1511 4133 1760 4191 certare
1798 4125 2055 4205 vellem,
2078 4147 2276 4208 (16661

317 4214 489 4279 161111
534 4212 891 4296 imaginem
935 4213 1203 4295 pingere
1248 4212 1467 4287 liceat,
1524 4233 1655 4276 non
1702 4212 1846 4278 dico
1888 4233 2113 4295 papae,
2160 4218 2277 4275 661

319 4298 698 4377 cardinalis,
747 4305 860 4362 aut
893 4297 1237 4363 cuiuslibet
1279 4319 1315 4362 e
1348 4303 1570 4362 vestra
1615 4298 1893 4362 factione
1932 4295 2275 4365 reverendi

315 4384 648 4469 praesulis
717 4383 980 4466 (quibus
1035 4385 1172 4448 fere
1235 4381 1537 4448 omnibus
1592 4383 1706 4465 qui
1760 4384 2004 4448 colores
2062 4384 2274 4466 aptari

315 4478 570 4554 queant
615 4469 695 4535 ab
739 4468 1002 4536 homine
1037 4491 1169 4534 non
1211 4468 1403 4535 valde
1445 4468 1801 4551 ingeniose,
1846 4468 2121 4551 pulchre
2154 4489 2271 4533 no-

315 4558 460 4637 sti),
518 4553 635 4621 sed
691 4555 969 4620 doctoris
1026 4553 1332 4633 alicuius,
1384 4554 1491 4619 vel
1532 4554 1708 4618 inter
1750 4575 1975 4619 omnes
2020 4566 2271 4620 vestros

318 4639 780 4708 selectissimi‘?
846 4641 1032 4705 Nihil
1077 4662 1236 4705 sane
1270 4662 1432 4724 opus
1476 4648 1663 4717 esset,
1702 4638 1784 4703 ad
1819 4641 1959 4705 eius
2001 4640 2269 4704 (161666-

314 4729 590 4805 tionem,
638 4724 743 4791 vel
786 4725 1015 4791 dubias
1057 4728 1125 4790 in
1171 4747 1324 4792 eum
1366 4726 1767 4791 coniecturas
1810 4726 2116 4809 proferre,
2165 4726 2270 4791 vel

314 4813 489 4879 falsa
541 4810 818 4879 crimina
871 4812 1189 4877 ementiri.
1263 4813 1462 4878 Iustis
1516 4813 1693 4876 enim
1753 4833 1828 4876 ac
1883 4812 2077 4877 certis
2120 4810 2269 4894 plus

314 4899 486 4965 satis
510 4905 911 4983 gravaretur.
973 4894 1109 4962 Sed
1130 4918 1232 4974 ne,
1268 4896 1437 4980 quod
1458 4899 1528 4961 in
1565 4908 1628 4962 te
1660 4895 2085 4981 reprehendo,
2121 4897 2267 4960 imi-

312 4985 455 5050 tari
500 4982 748 5061 videar,
794 4984 917 5047 hoc
952 4980 1189 5066 agendi
1223 5003 1460 5066 genere
1504 4983 1910 5067 supersedeo.
1979 4983 2267 5047 Tantum

460 5190 523 5258 1)
556 5189 665 5256 illa,
704 5184 857 5243 1576.
892 5186 1044 5241 1597.
1082 5185 1233 5240 1611.

304 5275 443 5315 enm
476 5258 880 5328 antiquioribus
909 5257 1063 5323 facit.

1344 5138 1355 5152 ’
1413 5185 1474 5252 2)
1512 5189 1665 5257 viam,
1705 5188 1838 5243 1576
1872 5204 2011 5259 oeqq.
2070 5187 2265 5242 canus

1723 343 1854 407 AD
1898 338 2372 406 SADOLETI
2411 336 2810 405 EPISTOL
2821 341 2972 408 AM.

4228 353 4366 412 414

2401 525 2732 606 hortabor,
2789 534 2864 591 ut
2904 525 2990 590 ad
3031 548 3101 592 se
3135 526 3483 610 aliquando
3527 529 3825 610 redeant,
3873 551 3949 596 ac
3986 556 4209 601 secum
4250 558 4360 604 re-

2400 619 2653 696 putent,
2697 633 2896 696 quam
2935 610 3218 677 fideliter
3250 621 3524 697 pascant
3555 614 3988 684 christianum
4023 624 4354 707 populum,

2403 700 2511 763 6111
2544 719 2677 763 666
2713 698 2878 763 alius
2902 719 3046 764 6666
3072 707 3284 781 potest
3303 701 3491 781 panis
3527 722 3726 783 quam
3748 703 3897 767 ·Dei
3930 706 4033 770 sui
4058 707 4352 778 verbum.

2401 784 2500 866 Et
2549 805 2635 848 ne
2679 784 2803 849 sibi
2840 785 3115 849 nimium
3167 785 3616 867 blandiantur,
3674 789 3843 872 quod
3887 812 4065 857 nunc
4117 815 4356 879 magno

2405 869 2755 952 applausu,
2802 878 2868 934 et
2910 869 3214 936 secundis
3255 891 3498 955 magna
3541 895 3624 937 ex
3666 881 3851 956 parte
3896 876 4356 946 admurmura-
4444 933 4454 944 .

2403 954 2710 1033 tionibus,
2751 955 3044 1020 fabulam
3089 953 3273 1021 suam
3317 967 3554 1041 agunt,
3602 960 3891 1044 cogitent
3931 963 4224 1030 nondum
4269 967 4356 1033 ad

2405 1041 2868 1123 catastrophen
2914 1063 2984 1106 66
3028 1044 3432 1125 pervenisse:
3483 1045 3554 1108 in
3595 1065 3723 1126 qua
3764 1054 3938 1112 certe
3981 1071 4115 1117 non
4152 1051 4354 1120 habe-

2405 1124 2574 1190 bunt
2607 1127 2963 1207 theatrum,
3002 1128 3118 1191 ubi
3154 1150 3305 1193 6666
3341 1130 3555 1195 fumos
3589 1131 3860 1214 impune
3894 1133 4203 1217 vendant,
4239 1139 4355 1206 ubi
4435 1157 4438 1160 ’

2403 1210 2699 1277 credulas
2771 1219 3025 1278 mentes
3089 1215 3468 1297 imposturis
3531 1216 3910 1300 illaqueent:
3980 1223 4093 1287 sed
4156 1226 4354 1291 unius

2402 1297 2531 1361 Dei
2576 1295 2842 1362 arbitrio
2887 1299 3158 1364 stabunt
3198 1302 3304 1365 vel
3344 1301 3608 1368 cadent:
3646 1304 3832 1369 cuius
3866 1305 4180 1373 iudicium
4219 1331 4354 1378 non

2403 1382 2483 1447 ab
2530 1403 2694 1447 aura
2730 1383 3046 1467 populari,
3089 1386 3202 1450 sed
3248 1408 3288 1451 a
3329 1409 3451 1452 sua
3490 1389 3699 1476 ipsius
3742 1390 4086 1458 inflexibili
4132 1398 4353 1478 aequi·-

2403 1474 2537 1531 tate
2581 1468 2919 1552 pendebit:
2970 1471 3084 1552 qui
3126 1493 3259 1537 non
3305 1473 3495 1537 modo
3539 1473 3618 1539 de
3663 1476 3975 1560 cuiusque
4017 1479 4206 1546 factis
4247 1483 4351 1547 in-

2402 1554 2636 1634 quiret,
2676 1555 2791 1620 sed
2836 1554 2915 1620 de
2944 1555 2994 1638 ¹)
3039 1557 3375 1622 recondita
3417 1559 3630 1624 cordis
3674 1562 4048 1629 sinceritate
4091 1566 4201 1631 vel
4235 1587 4351 1633 ne-

2400 1640 2607 1720 quitia
2640 1643 3081 1723 quaestionem
3107 1638 3451 1709 exercebit.
3507 1645 3653 1729 Ego
3698 1646 3777 1712 de
3813 1650 4130 1730 omnibus,
4168 1652 4355 1720 nulla

2401 1727 2815 1808 exceptione,
2861 1730 3295 1810 pronunciare
3339 1749 3487 1794 non·
3519 1731 3743 1797 auden.
3817 1730 4352 1821 Quotusquisque

2397 1815 2515 1890 [fol.
2564 1816 2673 1891 46]
2727 1820 2949 1878 tamen
2993 1835 3219 1878 eorum
3273 1821 3402 1892 est,
3448 1817 3560 1898 qui
3615 1816 3775 1882 dum
3831 1818 4184 1887 adversum
4224 1844 4352 1890 nos

2398 1896 2841 1976 conflictatur,
2886 1918 3020 1963 non
3064 1898 3187 1965 sibi
3237 1903 3534 1967 conscius
3573 1903 3677 1978 sit,
3724 1923 3992 1988 operam
4025 1928 4095 1972 se
4136 1911 4350 1995 magis

2400 1981 2772 2047 hominibus
2817 2004 3011 2066 quam
3053 1986 3197 2050 Deo
3241 1986 3499 2052 locare?
3597 1990 3614 2013 ⁹

2569 2067 2714 2131 Iam
2750 2091 2950 2151 quum
2990 2076 3127 2135 tota
3156 2072 3434 2155 epistola
3454 2094 3574 2138 nos
3609 2095 3810 2159 supra
3842 2076 4110 2142 modum
4144 2079 4348 2146 incle-

2395 2159 2654 2216 menter
2708 2162 2976 2233 1166166,
3024 2169 3320 2222 extrema
3372 2168 3592 2224 tamen
3639 2159 3930 2232 clausula
3971 2166 4155 2229 virus
4197 2174 4350 2232 tuae

2397 2235 2768 2304 acerbitatis
2825 2241 3018 2322 pleno
3074 2262 3185 2306 ore
3251 2244 3322 2307 in
3387 2264 3510 2309 nos
3568 2245 3869 2310 effundis.
3948 2247 4349 2333 Quanquam

2397 2331 2619 2386 autem
2652 2344 2772 2389 nos
2806 2326 3077 2391 minime
3121 2329 3417 2395 convicia
3458 2329 3576 2394 illa
3617 2331 3882 2408 feriunt,
3929 2341 3997 2398 et
4038 2335 4170 2401 illis
4211 2336 4347 2402 iam

2392 2428 2513 2490 pro
2555 2417 2742 2489 parte
2786 2421 2982 2477 antea
3015 2433 3403 2496 responsum
3440 2422 3559 2492 est,
3596 2415 3752 2498 quid
3795 2425 4035 2497 tamen,
4080 2439 4344 2502 quaeso,

2392 2496 2461 2557 in
2498 2503 2786 2559 mentem
2825 2496 2944 2561 tibi
2978 2498 3181 2577 venit,
3219 2506 3295 2565 ut
3329 2501 3670 2566 avaritiam
3706 2502 3919 2569 adhuc
3955 2505 4147 2571 nobis
4182 2505 4345 2571 obii-

2391 2577 2614 2645 ceres?
2680 2581 2972 2647 Putasne
3029 2591 3282 2649 tantam
3323 2587 3397 2650 in
3439 2587 3682 2653 nostris
3727 2588 4100 2656 hominibus
4141 2592 4346 2659 fuisse

2391 2662 2875 2763 hebetudinem,
2922 2679 2998 2733 ut
3039 2690 3171 2735 non
3215 2671 3295 2737 ab
3335 2671 3495 2754 ipsis
3531 2674 3814 2739 exordiis
3853 2676 4234 2759 cogitarent,
4273 2695 4345 2745 66

2390 2772 2562 2849 eam·
2590 2752 2848 2848 ingredi
2894 2756 3070 2819 viam
3128 2777 3293 2838 (11166
3335 2758 3518 2823 111616
3561 2766 3627 2823 61
3670 2763 3967 2842 (16666161
4010 2769 4186 2827 esset
4227 2764 4341 2829 ad·-

2387 2839 2812 2903 vers1ss1ma?
2879 2843 2990 2904 An
3041 2862 3198 2906 vcro
3253 2863 3453 2925 quum
3513 2850 3805 2910 vestram
3846 2847 4143 2929 ipsorum
4186 2870 4343 2917 ava-

2384 2923 2605 2987 ritiam
2648 2922 3083 3006 traducerent,
3120 2948 3255 2993 non
3297 2927 3607 2995 videbant
3648 2952 4072 3015 1663661666
4115 2951 4344 3002 neces-

2386 3011 2653 3075 sitatem
2677 3009 2801 3075 sibi
2827 3013 3162 3095 imponere
3192 3015 3633 3081 continentiae
3661 3038 3735 3083 ac
3770 3019 4187 3103 frugalitatis,
4211 3023 4342 3089 nisi

2383 3097 2608 3179 pueris
2634 3114 2896 3178 quoque
2910 3099 3070 3180 ipsis
3092 3098 3309 3165 facere
3337 3113 3407 3166 se
3430 3100 3741 3169 ridiculos
3767 3104 4056 3171 vellent?
4117 3105 4342 3187 Quum

2384 3184 2708 3248 rationem
2765 3182 2909 3247 eius
2965 3185 3386 3269 corrigendae
3431 3208 3573 3252 esse
3618 3189 4070 3270 ostenderent,
4115 3200 4193 3257 ut
4237 3194 4339 3259 ni·-

2384 3270 2533 3334 miis
2569 3267 2799 3350 opibus
2839 3281 3358 3336 exonerarentur
3389 3279 3701 3355 pastores,
3743 3296 3871 3357 quo
3908 3276 3991 3341 ad
4027 3279 4341 3346 ecclesiae

2384 3352 2611 3419 curam
2664 3355 2874 3436 magis
2930 3364 3148 3421 essent
3203 3379 3286 3421 ex
3334 3358 3520 3437 editi,
3579 3380 3666 3424 an
3722 3382 3858 3425 non
3927 3363 4051 3428 sibi
4105 3373 4338 3447 sponte

2384 3439 2637 3503 aditum
2679 3438 2763 3501 ad
2806 3459 2961 3520 opos
2996 3441 3259 3522 praeclu
3309 3443 3546 3508 ebant?
3606 3443 3791 3526 Quae
3835 3448 4012 3511 enim
4054 3451 4189 3512 iam
4232 3472 4336 3514 re-

2384 3526 2647 3590 stabant
2703 3523 3002 3604 divitiae,
3049 3526 3286 3608 quibus
3329 3529 3799 3595 imminerent?
3848 3530 4070 3612 Quid?
4115 3552 4336 3599 annon

2380 3610 2508 3674 hoc
2552 3616 2694 3674 erat
2734 3609 3118 3675 facillimum
3153 3613 3236 3677 ad
3273 3614 3537 3680 divitias
3580 3616 3985 3699 honoresque
4030 3639 4334 3702 compen·-

2382 3695 2584 3773 dium,
2629 3696 2852 3759 statim
2896 3695 2979 3760 ab
3030 3698 3219 3763 init-io
3274 3699 3355 3765 iis
3397 3722 3562 3783 quae
3605 3701 4047 3766 offerebantur
4088 3705 4334 3786 pactio-

2381 3783 2574 3847 nibus
2624 3779 2963 3846 vobiscum
3017 3785 3424 3867 transigere?
3486 3785 3734 3868 Quanti
3785 3795 3926 3851 tum
3970 3788 4332 3856 multoruin

2380 3867 2719 3932 silentium
2760 3867 3143 3933 redemisset
3175 3872 3470 3952 pontifex
3512 3870 3774 3936 vester?
3843 3871 4094 3953 Quanti
4138 3875 4333 3941 hodie

2380 3974 2633 4036 quoque
2669 3951 3062 4016 redimeret?
3133 3954 3290 4033 Cur,
3336 3958 3392 4020 si
3435 3958 3540 4021 vcl
3580 3957 3855 4022 minima
3890 3958 4176 4025 habendi
4212 3983 4329 4028 cu-

2378 4038 2651 4123 piditate
2692 4038 3076 4121 titillantur,
3122 4043 3301 4106 omni
3344 4063 3459 4125 spe
3503 4043 3841 4127 augendae
3884 4045 3980 4109 rei
4015 4048 4327 4129 praecisa,

2378 4126 2633 4189 malunt
2681 4133 2995 4207 perpetuo
3052 4127 3144 4191 sic
3201 4128 3424 4193 miseri
3481 4148 3649 4207 esse,
3694 4149 3891 4211 quam
3935 4132 4101 4197 citra
4142 4154 4326 4217 mag-

2378 4234 2534 4276 nam
2568 4209 3019 4275 difficultatem
3061 4234 3194 4277 uno
3236 4215 3547 4297 temporis
3590 4224 3922 4280 momento
3965 4216 4326 4284 ditescere?

2378 4296 2516 4362 Sed
2558 4296 2841 4374 ambitio,
2888 4295 3150 4375 scilicet,
3197 4320 3305 4364 eos
3341 4301 3595 4363 retinet.
3664 4300 3829 4366 Eius
3873 4323 4126 4385 quoque
4170 4325 4324 4389 sug-

2376 4383 2734 4466 gillationis
2778 4403 2979 4465 quam
3022 4383 3328 4448 habueris
3373 4405 3656 4464 causam,
3700 4408 3833 4457 non
3876 4387 4081 4469 vide0,
4118 4411 4322 4472 quum

2375 4468 2562 4533 nihil·
2591 4466 2769 4532 aliud
2812 4469 3148 4550 potuerint
3189 4478 3580 4552 exspectare,
3633 4472 3742 4555 qui
3782 4472 3951 4538 hanc
3995 4476 4323 4541 actionem

2375 4554 2670 4639 aggressi
2680 4564 2838 4617 sunt
2857 4554 3073 4635 primi,
3092 4575 3292 4637 quam
3306 4566 3378 4619 ut
3399 4575 3438 4618 a
3452 4563 3585 4621 toto
3606 4556 3759 4622 orbe
3776 4570 4317 4641 conspuerentur:

2373 4648 2441 4705 et
2460 4640 2574 4721 qui
2595 4647 2822 4721 postea
2840 4649 3254 4705 accesserunt
3285 4641 3565 4707 scientes
3600 4663 3674 4707 ac
3710 4643 4000 4710 volentes
4031 4666 4103 4710 se
4123 4647 4317 4711 innu-

2370 4726 2571 4790 meris
2595 4725 2794 4789 totius
2817 4724 3042 4789 mundi
3076 4746 3194 4789 con
3340 4725 3480 4791 eliis
3503 4749 3577 4793 ac
3599 4727 3853 4811 probris
3876 4733 4314 4812 exposuerint.

2370 4811 2504 4878 Ubi
2538 4818 2758 4874 autem
2779 4809 3040 4875 fraudes
3073 4809 3226 4875 illae
3259 4831 3334 4875 66
3365 4812 3712 4879 intestinae
3740 4814 4069 4880 malitiae?
4114 4817 4317 4882 Nulla

2372 4898 2546 4961 enim
2570 4915 2798 4960 earum
2820 4895 3096 4979 suspicio
3116 4895 3190 4959 in
3210 4896 3396 4962 nobis
3419 4897 3662 4964 haeret.
3699 4897 3804 4964 De
3818 4900 3900 4964 iis
3922 4922 4075 4984 6136
4096 4904 4315 4984 potius

2369 4990 2582 5048 tracta
2610 4983 2682 5046 in
2711 5001 2895 5046 sacro
2920 4990 3144 5045 vestro
3174 4981 3460 5067 collegi0,
3485 4985 3594 5049 ubi
3637 4985 3922 5067 quotidie
3958 4986 4309 5069 agitantur.

2503 5255 2564 5322 1)
2602 5254 2686 5325 de,
2723 5269 2823 5309 om.
2859 5250 2997 5305 1576
3032 5268 3174 5324 seqq.
