4984 5975
359 315 480 378 273
1547 306 1675 372 DE
1720 305 2238 374 FUGIENDIS
2279 307 2765 376 sstPIORUM
2807 307 3157 376 SACRIS.
4235 317 4359 380 274

360 499 647 585 apostolo
683 498 767 565 ad
805 505 1057 580 tempus
1092 496 1297 576 licuit,
1334 494 1599 562 Iudaeis
1635 516 1706 562 se
1755 493 2076 560 Iudaeum
2118 516 2310 579 prae·

357 588 529 666 bere,
574 606 703 670 quo
736 581 1012 650 Iudaeos
1055 581 1475 649 lucrifaceret.
1544 578 1800 646 Eadem
1843 580 1901 645 si
1941 580 2109 646 foret
2150 581 2308 647 mis-

359 673 515 740 sarii
551 669 850 739 sacrificii
879 666 1064 747 ratio,
1101 689 1267 752 quae
1303 668 1429 733 fuit
1462 666 1603 732 eius
1636 665 2003 731 oblationis:
2041 667 2100 732 si
2134 665 2310 732 idem

362 765 512 840 [pag.
560 762 666 837 89]
711 756 869 841 ipsis
921 752 1265 821 consilium
1320 758 1521 833 esset,
1566 750 1739 836 quod
1775 751 2068 835 apostolo
2108 752 2309 818 fuisse

360 851 644 922 constat,
688 862 809 927 ego
866 862 1023 907 sane
1068 847 1136 906 et
1184 847 1325 906 tam
1368 839 1722 923 benignam
1762 837 2080 904 adversus
2121 837 2306 902 infir-

241 1004 245 1010 ,
357 953 501 998 mos
536 930 769 995 fratres
797 925 1371 993 mansuetudinem
1389 923 1819 1003 exoscularer,
1845 930 1913 988 et
1935 944 2045 989 eos
2070 923 2308 988 exhor-

355 1027 536 1084 tarer
565 1015 651 1081 ad
679 1009 1102 1098 pergendum.
1170 1011 1425 1077 Verum
1454 1017 1769 1094 quantum
1802 1009 1963 1074 insit
2009 1009 2079 1074 in
2108 1010 2310 1075 missa

516 1102 611 1180 tii,
646 1100 917 1184 planum
937 1121 977 1164 a
1000 1097 1370 1164 mefactum
1404 1117 1544 1162 esse
1578 1092 1848 1162 confido.
1905 1092 2309 1176 Quidanimi

353 1190 445 1256 ha
527 1194 661 1264 ant,
689 1187 814 1269 ipsi
838 1185 964 1250 sibi
987 1183 1476 1268 locupletissimi
1501 1188 1659 1247 sunt
1677 1202 1898 1247 coram
1911 1181 2056 1246 Deo
2088 1187 2303 1246 testes.

357 1273 553 1359 Quod
596 1293 752 1339 vero
786 1270 919 1336 illis
953 1276 1358 1354 postremum
1391 1266 1751 1351 suffugium
1789 1273 1907 1345 est,
1945 1287 2142 1349 quam
2185 1287 2299 1332 va-

353 1383 518 1428 num
554 1360 643 1424 eit
677 1379 752 1425 ac
786 1356 1096 1422 frivolum
1130 1354 1459 1433 cavillum,
1497 1352 1655 1419 satis
1690 1352 1887 1419 fuerit
1928 1374 2060 1417 uno
2103 1351 2306 1418 verbo

353 1447 666 1515 indicare.
732 1443 1064 1509 Plurimos
1108 1462 1249 1508 esse
1291 1442 1493 1506 bonos
1549 1437 1723 1505 viros
1767 1438 2022 1521 Deique
2068 1438 2305 1503 timen-

355 1543 475 1613 tes,
501 1531 832 1608 obiiciunt,
855 1529 967 1612 qui
999 1527 1184 1593 nulla
1218 1526 1362 1593 veri
1396 1524 1765 1610 cognitione
1799 1522 2013 1589 adhuc
2047 1523 2303 1601 imbuti,

350 1620 626 1686 missam
677 1616 965 1681 habeant
1017 1619 1519 1678 sacrosanctam:
1577 1631 1718 1676 esse
1763 1629 2017 1693 quoque
2058 1609 2131 1673 in
2172 1609 2305 1675 fra-

353 1706 570 1771 tribus
603 1723 737 1767 non
770 1701 1047 1785 pessime
1083 1699 1323 1782 alioqui
1358 1697 1556 1765 verbo
1580 1694 1712 1761 Dei
1754 1694 2029 1774 edoctos,
2068 1695 2306 1780 quibus

355 1787 652 1856 nondum
700 1797 918 1853 tamen
974 1804 1361 1870 persuasum
1416 1784 1504 1849 sit
1520 1833 1536 1861 ,
1582 1788 1828 1865 quanta
1872 1782 1960 1847 sit
2003 1801 2301 1847 exsecra-

357 1878 535 1944 tione
578 1874 833 1940 referta.
902 1872 1070 1937 Eius
1112 1871 1332 1954 itaque
1367 1875 1814 1952 contemptum
1858 1868 1915 1933 si
1949 1887 2172 1934 coram
2205 1867 2306 1949 ip-

357 1964 450 2029 sis
483 1977 640 2045 prae
683 1982 753 2026 se
795 1959 1026 2037 ferant,
1062 1957 1383 2022 maximas
1419 1955 1725 2037 utrinque
1759 1953 2149 2019 offensiones
2183 1953 2305 2018 im-

355 2049 607 2115 minere
650 2051 1029 2120 causantur,
1074 2042 1309 2126 quibus
1350 2059 1689 2107 occurrere
1709 2089 1723 2115 ,
1782 2039 2177 2104 christianae
2220 2037 2308 2102 sit

353 2132 714 2200 modestiae
757 2151 833 2195 ac
873 2125 1420 2193 mansuetudinis.
1487 2125 1670 2190 Bene
1716 2124 1894 2189 istud
1929 2122 2197 2208 quidem
2239 2130 2309 2188 et

357 2218 736 2304 prudenter,
762 2216 820 2281 si
843 2222 1015 2280 esset
1038 2213 1162 2279 hoc
1184 2210 1510 2278 scandalis
1530 2210 1792 2275 obviam
1814 2210 1928 2288 ire,
1965 2209 2057 2275 sic
2078 2229 2309 2275 cavere

354 2327 444 2371 ne
497 2306 569 2368 in
622 2308 688 2366 te
739 2302 1086 2366 incurrant
1135 2296 1476 2364 hominum
1530 2294 1949 2374 offensiones,
1994 2302 2070 2360 ut
2113 2292 2310 2359 simul

353 2410 587 2457 eorum
640 2386 912 2471 pedibus
966 2382 1275 2452 scandala
1327 2384 1648 2460 instruas,
1693 2379 1928 2464 quibus
1983 2382 2054 2444 in
2113 2378 2307 2445 chri-

358 2484 542 2544 stum
594 2474 810 2556 ipsum
863 2472 1251 2555 impingant.
1318 2469 1411 2534 Et
1451 2464 1609 2551 quid
1649 2466 1831 2531 aliud
1874 2473 2107 2550 agunt,
2154 2465 2312 2530 dum

357 2581 625 2647 operam
645 2558 823 2635 dant,
857 2577 943 2622 ne
975 2556 1213 2621 missae
1245 2559 1620 2636 contemptu
1647 2552 1751 2620 vol
1785 2572 2054 2643 prorsus
2089 2550 2311 2616 indoc-

263 2649 286 2664 ‘
357 2657 478 2726 tos,
525 2645 632 2712 vel
670 2640 962 2710 nondum
996 2642 1192 2725 plane
1232 2639 1650 2706 confirmatos
1692 2635 2074 2703 offendant?
2138 2636 2313 2702 Nam

358 2734 624 2800 illorum
655 2727 920 2814 quidem
960 2726 1385 2794 offensionem
1418 2745 1460 2790 a
1491 2744 1561 2789 se
1609 2721 2036 2789 amoliuntur:
2070 2721 2187 2787 sed
2229 2720 2314 2788 ad

359 2821 582 2887 Deum
607 2812 1071 2882 offendendum
1096 2810 1395 2894 exemplo
1421 2830 1540 2874 suo
1564 2829 1673 2874 eos
1692 2808 2003 2874 illectant.
2060 2807 2156 2873 At
2177 2828 2311 2873 non

363 2907 452 2971 ita
486 2925 608 2969 nos
651 2899 940 2966 instituit
973 2898 1323 2975 Dominus,
1369 2895 1481 2978 qui
1515 2894 1665 2959 vult
1707 2896 1995 2978 profecto
2031 2915 2152 2960 nos
2174 2913 2311 2959 om-

361 2991 552 3058 nibus
592 2988 869 3073 placere,
917 3007 1050 3052 non
1070 2994 1297 3050 tamen
1320 2981 1452 3047 nisi
1494 2981 1565 3047 in
1603 2980 1880 3046 bonum:
1926 2980 2036 3064 qui
2058 2980 2312 3063 praeci-

363 3079 489 3163 pit,
536 3090 612 3141 ut
653 3073 934 3139 infirmis
976 3092 1098 3137 nos
1141 3066 1698 3137 accommode‘mus
1713 3117 1729 3145 ,
1786 3076 1855 3133 at
1896 3067 1968 3132 in
2012 3064 2311 3132 aedifica-

362 3164 609 3229 tionem
652 3161 871 3244 (Rom.
902 3162 1001 3236 15,
1048 3162 1100 3222 l.
1140 3158 1242 3242 2)·.
1285 3175 1480 3238 quam
1521 3153 1794 3218 minime
1838 3154 2132 3218 omnium
2173 3172 2311 3218 sec-

363 3256 615 3325 tantur,
661 3246 775 3329 qui
817 3263 1044 3308 eorum
1087 3241 1567 3325 simplicitatem
1613 3239 2161 3323 perniciosissimo
2206 3258 2310 3303 er-

360 3356 506 3401 rore
522 3386 537 3413 ,
581 3353 708 3415 quo
760 3330 1180 3413 illaqueatam
1234 3327 1444 3410 ipsam
1499 3322 1754 3403 vident,
1808 3323 2043 3389 fortius
2098 3322 2311 3388 adhuc

362 3420 842 3502 constringunt.
889 3414 1068 3481 Hinc
1088 3433 1285 3498 porro
1309 3410 1560 3488 accidit,
1588 3417 1664 3475 ut
1688 3408 1848 3476 dum
1871 3429 2101 3474 omnes
2121 3429 2310 3475 scan-

364 3506 495 3573 dali
539 3503 935 3571 conscientia
978 3498 1294 3566 deterreri
1337 3517 1409 3563 se
1452 3490 1730 3579 fingunt,
1776 3515 1852 3560 re
1900 3515 2059 3560 vera
2100 3493 2310 3559 homi-

303 3656 314 3666 ,
361 3612 526 3659 num
569 3589 918 3655 adversum
952 3607 1025 3651 se
1059 3583 1580 3667 indignationem
1624 3579 2068 3660 reformidant,
2115 3598 2310 3645 nemo

363 3680 618 3744 sincera
655 3675 1038 3758 integraque
1072 3671 1359 3754 puritate
1389 3667 1646 3751 praeire
1688 3686 1977 3749 unquam
2017 3665 2163 3733 aliis
2205 3665 2311 3730 in-

362 3764 574 3847 cipiat.
632 3758 812 3841 Quid
837 3760 1015 3825 enim
1041 3775 1277 3822 causae
1300 3775 1442 3820 esse
1475 3759 1803 3836 putemus,
1841 3752 2011 3836 quod
2048 3772 2086 3816 e
2123 3758 2313 3817 tanta

362 3846 782 3914 multitudine
834 3863 1029 3909 nemo
1082 3844 1154 3907 in
1207 3841 1332 3906 hac
1382 3844 1572 3924 parte
1630 3859 1794 3921 expe
1880 3839 2136 3917 scitur,
2182 3837 2312 3903 nisi

362 3934 534 4020 quia,
579 3933 735 3998 dum
778 3932 876 3996 ita
917 3929 1082 3995 alter
1127 3927 1406 3993 alterum
1440 3925 1755 4004 intuetur,
1792 3860 1896 3990 {igi-¹
1899 3925 2119 3990 Deum
2159 3943 2312 3989 ocu-

362 4022 462 4086 los
486 4040 680 4085 nemo
703 4015 971 4099 dirigit?
1010 4035 1086 4081 ac
1121 4013 1278 4078 dum
1303 4010 1749 4093 unusquisque
1783 4008 1941 4094 quid
1976 4009 2090 4074 alii
2123 4029 2312 4092 prae-

364 4113 541 4175 stent
575 4102 908 4187 expendit,
944 4104 1122 4167 insta
1155 4096 1401 4183 regula,
1439 4095 1562 4162 hoc
1596 4104 1715 4174 est,
1751 4096 1881 4161 Dei
1919 4096 2135 4173 verbo,
2172 4114 2312 4159 mo-

365 4192 522 4259 dum
578 4190 774 4256 officii
828 4208 1021 4254 nemo
1075 4182 1387 4251 metitur?
1451 4181 1545 4246 Et
1597 4203 1798 4264 quum
1841 4182 1913 4245 in
1955 4180 2132 4247 hunc
2174 4200 2313 4247 mo-

366 4277 522 4344 dum
564 4277 692 4360 ipsi
750 4274 872 4340 sibi
916 4281 1142 4339 mutuo
1198 4270 1463 4352 laqueos
1516 4275 1810 4347 nectant,
1857 4265 2314 4334 scandalorum

365 4364 766 4431 mentionem
803 4361 1016 4427 facere
1054 4356 1325 4423 audent:
1363 4356 1532 4438 qu'ac
1568 4359 1686 4419 aut
1718 4352 1921 4432 nulla,
1960 4359 2076 4416 aut
2118 4371 2316 4433 quam

367 4449 643 4515 minima
663 4456 900 4525 essent,
937 4446 1066 4510 nisi
1099 4445 1174 4509 in
1205 4442 1406 4526 plana
1430 4438 1863 4524 expeditaque
1895 4438 2008 4504 via
2041 4436 2124 4502 ab
2155 4437 2315 4520 ipsis

370 4536 819 4602 obiicerentur.

535 4618 729 4685 Nunc
761 4625 837 4683 ut
868 4617 952 4683 ad
975 4626 1056 4695 te,
1093 4614 1485 4681 suavissime
1503 4612 1726 4689 frater,
1764 4630 1908 4676 sese
1931 4610 2138 4674 oratio
2160 4629 2314 4675 nos-

373 4718 472 4772 tra
512 4706 783 4771 referat:
843 4723 1220 4787 quanquam
1263 4708 1439 4766 certe
1495 4698 1633 4780 ipse
1676 4716 1795 4780 per
1837 4704 1903 4761 te
1953 4696 2086 4759 iam
2119 4693 2314 4759 intel-

369 4792 519 4878 ligis
551 4791 711 4875 quid
754 4789 1005 4856 consilii
1045 4787 1162 4852 tibi
1205 4792 1439 4863 restet,
1485 4783 1598 4848 ubi
1638 4786 2052 4866 perspectum
2094 4779 2313 4857 habes,

370 4899 497 4962 quo
541 4887 607 4943 te
652 4875 848 4942 ducat
889 4872 1074 4941 verbi
1115 4872 1245 4937 Dei
1287 4871 1460 4937 linea
1504 4868 1619 4953 (ad
1704 4889 1862 4934 uam
1905 4865 2315 4932 deliberatio-

371 4986 486 5030 nes
522 4982 749 5028 omnes
797 4972 948 5026 tuas
993 4963 1138 5039 [pag.
1175 4961 1280 5034 40]
1319 4955 1708 5022 conformari
1751 4953 2148 5036 limitarique
2202 4949 2313 5016 de-

373 5052 502 5135 cet)
557 5070 645 5114 ne
700 5068 831 5132 qua
888 5053 1108 5111 tamen
1163 5044 1233 5108 in
1287 5047 1474 5127 parte
1527 5042 1732 5106 tantis
1773 5038 1979 5106 desim
2020 5038 2154 5105 tuis
2198 5057 2314 5101 an·-

495 5134 606 5202 tiis
621 5187 640 5215 ,
690 5154 886 5217 quam
941 5153 981 5197 a
1036 5149 1142 5194 me
1195 5127 1316 5193 tibi
1371 5126 1683 5210 perscribi
1725 5127 1920 5193 officii
1967 5123 2314 5192 formulam

401 5222 602 5289 'teras
642 5229 793 5285 tuae
835 5218 1157 5303 flagitant,
1216 5232 1360 5279 eam
1410 5232 1610 5294 quam
1664 5220 1890 5295 potero
1931 5209 2313 5279 brevissime

580 5322 805 5379 Gabino·
825 5337 1010 5391 opera.
1090 5317 1202 5373 Vol.
1248 5314 1307 5370 V.

2411 496 2530 566 tibi
2574 495 2935 581 expediam.
3002 496 3202 564 Adsis
3224 497 3275 584 ¹)
3320 497 3513 564 modo
3557 500 3843 566 vicissim
3890 509 4031 566 tum
4070 501 4363 570 accincta

2411 604 2865 667 propensaque
2922 582 3006 648 ad
3059 583 3555 650 auscultandam
3610 584 3884 650 Domini
3938 607 4165 652 vocem
4206 589 4361 655 obe-

2413 668 2687 750 dientia,
2744 676 2888 735 tum
2942 667 3027 735 ad
3081 669 3500 753 exsequenda
3542 671 3682 737 eius
3714 671 3993 755 imperia
4033 674 4361 740 constanti

2411 754 2871 856 intrepidaque
2906 755 3111 820 animi
3147 754 3612 822 destinatione:
3651 778 3727 823 ac
3762 755 4063 841 denique,
4100 757 4169 823 id
4189 758 4361 842 quod

2413 848 2515 940 est
2532 891 2546 918 ,
2591 842 2968 907 memineris
2982 892 2998 920 ,
3046 860 3185 906 non
3236 847 3373 907 tam
3418 843 3499 909 ab
3545 842 3811 910 homine
3855 843 3975 909 tibi
4018 844 4162 910 dari
4204 864 4360 910 con-

2413 926 2657 1005 sfflum,
2687 947 2884 1011 quam
2923 948 2960 992 e
2995 947 3179 993 sacro
3223 929 3475 993 aeterni
3508 929 3639 994 Dei
3674 949 3789 995 ore
3829 936 4167 1013 acceptum
4214 951 4362 995 ora·

2412 1012 2637 1079 culum
2679 1034 2798 1096 per
2840 1013 3176 1078 hominem
3219 1013 3654 1096 pronunciari.
3721 1014 3868 1080 Hoc
3910 1035 4067 1101 crgo
4109 1016 4182 1080 in
4224 1018 4360 1099 pri-

2413 1099 2541 1164 mis
2585 1098 2704 1163 tibi
2746 1099 2819 1164 in
2862 1099 3245 1166 universum
3287 1098 3710 1165 interdictum
3758 1100 4106 1180 arbitrare,
4165 1121 4249 1167 ne
4294 1110 4361 1169 te

2410 1186 2752 1268 quisquam
2788 1193 2903 1249 aut
2943 1185 3184 1250 missae
3217 1185 3556 1269 sacrilegio
3602 1187 4210 1266 communicantem,
4247 1195 4362 1252 aut

2411 1291 2632 1337 coram
2686 1270 3037 1337 simulacro
3091 1278 3288 1353 caput
3346 1270 3756 1356 detegentem
3811 1273 4168 1355 conspiciat
4181 1323 4197 1351 ,
4244 1279 4361 1339 aut

2409 1356 2616 1421 ullam
2650 1357 2913 1422 omnino
2934 1356 3463 1440 superstitionem
3497 1358 3979 1441 suscipientem,
4015 1380 4101 1424 ex
4133 1379 4361 1424 earum

2409 1462 2678 1542 genere,
2724 1443 2959 1525 quibus
3013 1441 3347 1509 obscurari
3400 1439 3534 1509 Dei
3576 1443 3883 1527 gloriam,
3941 1444 4175 1527 quibus
4218 1446 4359 1510 eius

2410 1527 2797 1612 religionem
2872 1528 3236 1611 profanari,
3310 1529 3545 1612 quibus
3602 1529 3744 1595 eius
3808 1529 4158 1595 veritatem
4222 1548 4363 1595 cor-

2409 1615 2654 1697 rumpi,
2714 1634 2916 1697 supra
2982 1613 3336 1680 docuimus.
3424 1612 3607 1695 Quas
3668 1635 3989 1699 usurpare
4054 1636 4187 1681 non
4244 1637 4363 1698 po·

2411 1706 2537 1779 tes,
2577 1699 2738 1784 quin
2781 1707 2849 1766 et
2880 1699 3098 1783 impiis
3142 1700 3610 1766 confessionem
3649 1700 3828 1779 edas,
3876 1702 3947 1766 in
3981 1699 4200 1765 Deum
4246 1720 4362 1785 pe-

2408 1786 2592 1852 nitus
2649 1785 3221 1852 contumeliosam:
3283 1794 3351 1852 et
3395 1785 3754 1852 imbecillos
3810 1785 4046 1852 fratres
4092 1786 4166 1850 in
4223 1788 4360 1851 exi-

2409 1871 2634 1937 tialem
2680 1872 2936 1936 ruinam
2979 1870 3278 1954 exemplo
3321 1883 3432 1937 tuo
3478 1870 3718 1938 trahas.
3779 1869 3895 1939 Sic
3937 1879 4160 1937 autem
4203 1872 4362 1938 dum

2409 1965 2476 2023 te
2531 1958 2706 2042 geris
2761 1956 3112 2041 (siquidem
3169 1955 3254 2023 ad
3315 1957 3833 2028 manifestiorem
3893 1958 4361 2024 confessionem

2408 2042 2719 2127 progredi
2771 2043 3032 2108 animus
3098 2064 3233 2108 non
3300 2046 3432 2126 est)
3497 2042 4024 2128 prospiciendum
4037 2041 4096 2128 ²)
4160 2043 4359 2109 simul

2412 2136 2514 2193 est
2567 2128 2686 2194 tibi
2701 2180 2719 2208 ,
2772 2136 3095 2213 quantum
3137 2130 3208 2193 in
3252 2136 3320 2194 te
3362 2130 3562 2194 situm
3603 2128 3831 2207 fuerit,
3873 2150 3959 2195 ne
3999 2130 4223 2195 miseri
4262 2129 4362 2195 illi

2412 2235 2487 2281 ac
2516 2215 2693 2280 caeci
2713 2212 3092 2279 idololatrae
3124 2213 3392 2298 (quibus
3435 2214 3693 2280 sublata
3744 2233 3865 2279 sua
3905 2215 4366 2298 superstitione

2411 2299 2598 2367 Deus
2640 2301 2780 2384 ipse
2823 2321 2973 2367 cum
3009 2306 3143 2364 tota
3186 2321 3306 2365 sua
3347 2299 3665 2383 religione
3708 2298 4033 2382 collapsus
4070 2299 4361 2385 videtur)

2412 2386 2569 2453 dum
2591 2385 2715 2450 tibi
2749 2407 2869 2451 sua
2901 2384 3075 2450 idola
3107 2386 3511 2469 contemptui
3546 2383 4031 2468 deridiculoque
4066 2405 4208 2452 esse
4246 2386 4362 2452 ob-

2414 2472 2761 2551 servarint,
2797 2469 2929 2536 Dei
2965 2490 3219 2554 quoque
3248 2477 3758 2555 contemptorem
3791 2479 3857 2535 te
3892 2492 3969 2536 ac
4005 2469 4360 2537 derisorem

2415 2579 2557 2625 esse
2603 2558 2971 2641 opinentur.
3052 2555 3248 2637 Quod
3303 2556 3523 2641 aliqua
3592 2577 3676 2621 ex
3730 2562 3918 2641 parte
3975 2558 4360 2640 assequeris,

2415 2647 2472 2712 si
2516 2652 2583 2710 et
2622 2664 2814 2710 rarus
2843 2643 2921 2708 in
2962 2663 3192 2708 eorum
3227 2642 3429 2707 sacris
3464 2662 3856 2725 compareas,
3902 2649 3970 2708 et
4010 2649 4217 2707 totam
4259 2642 4361 2708 vi-

2414 2738 2524 2797 tae
2566 2736 2719 2796 tuae
2774 2730 3097 2795 rationem
3132 2730 3243 2795 'sic
3295 2729 3604 2795 instituas
3620 2779 3636 2807 ,
3694 2735 3769 2793 ut
3808 2727 4191 2812 religiosum
4228 2726 4363 2793 illis

2414 2814 2724 2901 quiddam
2766 2815 2986 2898 spiret.
3051 2815 3200 2898 Age
3237 2813 3457 2898 igitur,
3499 2815 3741 2898 optime
3779 2814 3903 2892 vir,
3938 2813 4071 2879 tale
4110 2813 4185 2877 in
4228 2814 4362 2878 tuis

2413 2902 2711 2969 moribus
2742 2901 2995 2967 eluceat
3029 2900 3311 2983 pietatis,
3334 2899 3666 2978 bonitatis,
3692 2899 4151 2978 continentiae,
4199 2898 4361 2965 cari-

2414 2991 2600 3069 tatis,
2646 2988 2992 3068 castitatis,
3038 2987 3451 3052 innocentiae
3496 2982 3783 3053 studium
3799 3037 3814 3062 ,
3859 2984 4032 3069 quod
4074 2987 4253 3051 omni
4293 2993 4361 3052 te

2413 3075 2768 3159 impietatis
2802 3074 3169 3156 suspicione
3203 3073 3274 3137 in
3309 3073 3605 3137 omnium
3640 3071 3979 3137 hominum
4013 3079 4361 3156 conspectu

2411 3161 2743 3246 praeclare
2765 3166 3034 3243 purget:
3072 3165 3148 3224 ut
3179 3159 3380 3224 etiam
3421 3160 3477 3222 si
3512 3157 4020 3241 superstitiosuli
4053 3179 4185 3223 non
4220 3178 4362 3224 esse

2414 3256 2480 3313 te
2525 3247 2629 3312 sui
2664 3245 2945 3311 similem
2979 3244 3249 3329 indigne
3292 3244 3631 3327 accipiant,
3678 3264 3943 3308 servum
3970 3253 4190 3308 tamen
4212 3244 4361 3321 Dei,

2413 3333 2627 3399 velint
2668 3330 2880 3396 nolint
2893 3382 2908 3407 ,
2955 3350 3309 3415 agnoscere
3351 3336 3688 3414 cogantur.
3757 3327 4045 3407 Deinde,
4102 3328 4233 3392 nisi
4278 3326 4363 3392 ad

2412 3415 2870 3502 exponendam
2903 3415 3114 3482 cuivis
3146 3412 3302 3481 fidei
3335 3424 3487 3481 tuae
3529 3415 3855 3480 rationem
3895 3421 3965 3477 te
4005 3432 4359 3495 comparas,

2414 3525 2640 3570 eorum
2674 3500 3039 3567 morositati
3073 3508 3342 3568 eatenus
3374 3499 3735 3584 indulgeas,
3775 3517 3861 3562 ne
3904 3519 4029 3579 quo
4071 3504 4361 3579 tempore

2415 3611 2603 3656 sacra
2642 3609 2764 3654 sua
2798 3594 3143 3672 peragunt,
3186 3587 3259 3652 in
3298 3588 3440 3671 ipsa
3480 3583 3697 3651 media
3735 3590 3867 3649 tete
3908 3583 4169 3660 inferas,
4204 3602 4360 3647 con-

2415 3681 2740 3758 temptum
2760 3674 2902 3739 sine
2925 3694 3123 3739 causa
3156 3678 3623 3749 ostentaturus,
3660 3689 3851 3753 quem
3891 3668 3971 3733 ab
4005 3667 4168 3749 ipsis
4201 3667 4362 3751 (qua

2415 3767 2577 3828 sunt
2596 3759 3003 3845 ignorantia)
3038 3779 3159 3841 pro
3188 3778 3374 3823 mera
3407 3759 3479 3823 in
3511 3757 3731 3823 Deum
3764 3753 4101 3836 impietate
4134 3771 4361 3835 accep-

2417 3855 2561 3913 tum
2616 3846 2701 3911 iri
2745 3845 2932 3911 scias.
2999 3844 3093 3910 Et
3136 3842 3294 3928 quid
3331 3842 3485 3910 inde
3528 3841 3693 3907 lucri
3735 3838 3843 3905 vel
3885 3839 4022 3917 tibi,
4066 3837 4173 3903 vel
4218 3836 4364 3904 aliis

2417 3932 2644 3998 redeat
2659 3983 2676 4011 ,
2739 3932 2794 3997 si
2847 3929 3088 3996 atheon
3140 3938 3209 3994 te
3263 3950 3404 3996 esse
3449 3928 3864 4011 suspicentur
3880 3975 3897 4003 ,
3982 3943 4138 3989 uem
4180 3922 4366 3989 nulla

2419 4019 2606 4104 tangi
2649 4017 2963 4101 religione
3005 4015 3425 4082 existiment?
3488 4014 3773 4091 Verum,
3810 4018 3888 4076 ut
3932 4011 3946 4024 ‘
4001 4030 4109 4074 am
4152 4010 4364 4092 suspi-

2417 4105 2624 4173 cionis
2666 4123 2933 4171 causam
2965 4122 3051 4166 ne
3084 4102 3257 4167 ultro
3303 4100 3582 4183 dataque
3617 4118 3814 4181 opera
3847 4095 4161 4181 praebeas
4210 4115 4365 4161 con-

2418 4190 2592 4270 sulo,
2638 4192 2732 4254 ita
2765 4189 2822 4254 si
2855 4188 3024 4254 forte
3058 4189 3322 4253 fortuna
3358 4186 3516 4252 illuc
3549 4183 3874 4263 incideris,
3912 4182 4119 4247 satius
4151 4179 4364 4245 multo

2417 4278 2643 4356 fuerit,
2698 4271 2959 4359 quidvis
2998 4272 3078 4339 de
3122 4281 3189 4340 te
3230 4274 3669 4356 suspicentur,
3716 4290 3913 4353 quam
3955 4266 4365 4332 idololatram
4394 4320 4405 4335 .

2419 4363 2837 4446 conspiciant.
2909 4365 3053 4439 [pag.
3093 4366 3198 4437 41]
3238 4357 3433 4440 Quod
3467 4357 3526 4421 si
3560 4354 3830 4441 dignam
3863 4353 4220 4419 christiano
4246 4351 4364 4416 ho-

2417 4450 2599 4514 mine
2643 4446 3060 4514 sanctitatem
3115 4466 3329 4511 mores
3373 4444 3473 4508 tui
3516 4442 3896 4520 habuerint,
3942 4446 4087 4504 tum
4128 4436 4212 4502 ad
4255 4457 4359 4501 re-

2417 4532 2722 4600 futandas
2765 4553 2993 4598 eorum
3027 4530 3331 4598 sinistras
3365 4528 3883 4605 obtrectationes,
3920 4526 3990 4590 in
4034 4523 4147 4589 illa
4190 4523 4363 4588 vitae

2418 4620 2797 4704 integritate
2852 4616 3163 4700 praesidii
3216 4615 3376 4681 satis
3430 4612 3716 4680 habebis.
3784 4613 3931 4677 Iam
3974 4618 4042 4677 et
4077 4606 4364 4674 familiae

2417 4701 2860 4773 instituendae
2886 4723 3113 4769 curam
3146 4702 3220 4766 in
3251 4700 3482 4784 primis
3516 4720 3676 4767 cave
3710 4695 4219 4782 praetermittas:
4257 4693 4362 4758 cui

2418 4813 2556 4858 non
2608 4789 2757 4856 ideo
2812 4788 3027 4855 solum
3081 4795 3149 4851 te
3191 4806 3334 4852 esse
3372 4786 3773 4870 praefectum
3815 4783 4102 4867 cogitare
4145 4777 4359 4856 debes,

2418 4885 2498 4944 ut
2552 4876 2861 4959 obsequia
2902 4873 3023 4940 tibi
3068 4893 3187 4938 sua
3227 4893 3583 4956 operasque
3626 4870 3887 4948 reddat,
3934 4866 4049 4933 sed
4092 4875 4166 4929 ut
4208 4862 4360 4928 reli-

2558 5082 2615 5149 1)
2654 5080 2832 5150 Adsit,
2849 5076 3005 5162 ,11576
3039 5093 3178 5149 seqq.
3301 5148 3313 5160 ι
3382 5077 3442 5146 2)
3480 5076 3574 5132 Sic
3610 5076 3728 5131 sola
3845 5073 4031 5152 'wespa
4107 5066 4363 5149 Quererap

2419 5146 3131 5278 &affimant
3165 5146 3703 5286 .?t⁴⁴.,..‘5.·;f⁸²⁰‘⁰'
3827 5143 3959 5205 ‘'⁸‘'
4014 5137 4269 5192 ³“⁶‘“''⁸'
4321 5134 4361 5188 ¹¹

3891 5290 3958 5345 18
