4984 5975
661 331 743 392 95
2295 326 2424 392 66
2469 326 3018 394 (innuamus
3891 407 3906 422 .
4580 334 4659 394 96

656 519 828 584 riam
861 521 1091 585 recitat
1122 517 1537 603 Augustinus
1569 515 1734 580 libro
1756 516 1882 581 III.
1921 515 1999 580 de
2034 516 2321 584 Civitate
2351 524 2419 580 et
2449 515 2610 579 Plu-

660 604 930 671 tarchus
973 605 1042 669 in
1063 603 1225 669 Vita
1259 602 1310 670 S
1358 603 1503 668 llae.
1570 603 1702 667 Hic
1733 609 1958 667 tamen
2000 604 2065 667 in
2099 622 2375 667 numero
2411 622 2452 665 a
2486 599 2609 667 Se-

657 713 820 757 neca
863 690 1204 772 discrepat.
1333 689 1524 755 cribit
1558 688 1736 752 enim
1779 689 2152 754 interfectos
2188 689 2272 753 ad
2306 709 2425 753 sex
2459 686 2610 750 mil-

655 778 777 844 lia:
821 798 943 842 nec
988 796 1370 859 responsum
1405 773 1632 859 Syllae
1672 776 1859 858 ponit
1902 773 2260 859 superbum
2302 771 2463 837 adeo
2509 780 2609 837 at-

658 886 783 947 que
839 872 1048 928 atrox.
1145 861 1293 926 Illic
1349 862 1527 925 enim
1579 858 1824 944 legitur
1878 860 2196 943 quosdam
2251 859 2610 943 flagitiosos

657 949 983 1034 castigari,
1026 970 1161 1014 non
1201 947 1529 1032 pauculos.
1598 944 1734 1012 Sed
1774 945 1897 1011 hoc
1940 944 2193 1011 addidit
2236 944 2490 1011 Seneca
2525 943 2609 1008 ad

656 1036 950 1112 auxesin,
993 1055 1121 1117 quo
1164 1034 1477 1099 maiorem
1522 1034 1765 1098 faceret
1799 1030 2028 1115 Syllae
2061 1031 2397 1098 invidiam.
2465 1033 2608 1096 Au-

657 1122 962 1207 gustinus
1005 1120 1087 1186 de
1132 1140 1409 1184 numero
1452 1141 1601 1185 cum
1647 1119 1901 1183 Seneca
1942 1120 2267 1184 convenit.

828 1223 940 1287 Aa
981 1224 1193 1289 aedem
1235 1220 1565 1309 Bellonae]
1622 1223 1701 1286 In
1750 1241 1828 1287 ea
1870 1219 2030 1284 aede
2074 1241 2270 1303 saepe
2326 1219 2608 1286 habeba-

656 1318 769 1375 tur
811 1320 1101 1388 senatus,
1147 1308 1535 1391 praesertim
1578 1330 1779 1389 quum
1823 1318 1937 1370 aut
1978 1318 2405 1372 externarum
2449 1327 2607 1391 gen-

656 1396 826 1461 tium
866 1395 1101 1480 legatis
1145 1394 1440 1471 dabatur,
1497 1392 1731 1477 quibus
1775 1393 2011 1457 urbem
2050 1390 2307 1476 ingredi
2348 1414 2483 1456 non
2530 1392 2608 1455 li-

654 1489 864 1560 ceret,
918 1490 1033 1546 aut
1072 1479 1575 1563 imperatoribus
1619 1477 2031 1561 triumphum
2089 1478 2399 1562 petituris
2417 1528 2431 1555 ,
2495 1478 2607 1561 qui

654 1590 740 1634 ex
774 1587 957 1632 more
991 1566 1225 1632 urbem
1259 1585 1394 1630 non
1427 1563 1987 1649 ingrediebantur,
2022 1564 2152 1627 nisi
2189 1563 2606 1646 triumphan-

653 1660 773 1720 666.
837 1653 1196 1735 Utriusque
1239 1651 1334 1715 rei
1380 1650 1681 1734 exempla
1723 1659 1880 1716 sunt
1922 1670 1961 1714 a
2007 1648 2098 1713 ud
2137 1651 2428 1724 Livium,
2474 1658 2607 1713 ter-

653 1742 786 1805 tiae
841 1737 1102 1804 decadis
1158 1737 1325 1803 libro
1368 1734 1456 1802 X.
1519 1736 1598 1802 de
1653 1737 1888 1820 legatis
1992 1735 2602 1818 arthaginiensium,

653 1826 889 1910 quibus
931 1824 1151 1890 vetitis
1195 1822 1453 1907 ingredi
1495 1823 1757 1899 urbem,
1813 1822 2171 1904 hospitium
2215 1822 2285 1885 in
2330 1822 2441 1886 via
2484 1842 2605 1904 pu-

652 1912 851 1988 blica,
909 1918 1179 1976 senatus
1234 1908 1318 1972 ad
1372 1908 1600 1973 aedem
1644 1907 1960 1972 Bellonae
2004 1906 2199 1971 datus
2243 1915 2358 1972 est.
2449 1906 2596 1972 Lib.

651 1997 881 2063 V111.:
940 1994 1197 2061 Senatu
1241 2004 1429 2058 extra
1474 1995 1699 2059 urbem
1744 1994 1815 2057 in
1860 1993 2019 2057 aede
2064 1993 2381 2058 Bellonae
2432 1993 2601 2071 date,

651 2104 813 2167 quas
854 2105 959 2148 res
1002 2074 1312 2165 gessisset
1347 2081 1413 2142 in
1451 2080 1792 2161 Hispania,
1837 2078 2156 2144 disseruit
2226 2080 2393 2144 Erat
2427 2080 2602 2144 enim

651 2171 839 2234 iuxta
881 2171 1126 2233 circum
1166 2166 1529 2230 maximum
1574 2176 1763 2229 extra
1807 2165 2036 2230 urbem
2079 2165 2221 2241 sita,
2269 2163 2351 2229 ab
2386 2166 2603 2248 Appio

651 2254 941 2321 Pulchro
985 2260 1377 2330 consecrata,
1425 2260 1654 2316 autore
1699 2246 1937 2316 Ovidio
1980 2249 2102 2315 VI.
2138 2251 2522 2316 Fastorum:

891 2356 1011 2410 Hac
1045 2363 1263 2409 sacrata
1298 2354 1385 2407 die
1421 2353 1639 2407 Thusco
1674 2353 1899 2409 Bellona
1932 2353 2113 2406 duello

996 2424 1217 2489 Dicitur,
1254 2433 1309 2477 et
1346 2422 1503 2476 Latio
1539 2437 1803 2490 prospera
1837 2437 2052 2490 semper
2086 2421 2257 2475 adest.

896 2494 1227 2614 Apffiitffi
1260 2500 1435 2612 ⁸:3³⁹.ss
1470 2490 2231 2627 fffiisshiuflffssopffisstssssssffin

893 2631 1159 2697 Prospicit
1195 2644 1227 2681 a
1266 2642 1416 2696 tergo
1451 2644 1710 2682 summum
1746 2629 1922 2682 brevis
1957 2643 2088 2681 area
2123 2629 2340 2682 circum.

651 2727 720 2783 et
762 2726 949 2784 caett.
1042 2718 1211 2783 Eam
1270 2723 1490 2779 autem
1545 2713 1713 2779 diem
1773 2713 2068 2797 intellige
2124 2712 2336 2795 pridie
2380 2714 2607 2781 Nonas

651 2806 910 2879 Iunias,
972 2824 1087 2867 seu
1144 2810 1449 2884 quartum
1506 2799 1678 2865 diem
1737 2801 1981 2865 mensis
2038 2799 2232 2864 Iunii.
2324 2799 2606 2866 Vovisse

654 2891 949 2973 Appium
985 2887 1351 2955 Pulchrum
1392 2895 1583 2951 autor
1626 2895 1727 2951 est
1748 2886 1984 2952 Livius
2030 2886 2194 2951 libro
2228 2887 2335 2964 X„
2371 2908 2602 2950 verum

657 3001 697 3043 a
739 2998 867 3059 quo
909 2976 997 3040 sit
1036 2982 1441 3050 consecrata,
1501 2980 1618 3036 aut
1660 2994 1785 3055 quo
1830 2980 2137 3055 tempore,
2184 2994 2320 3037 non
2372 2974 2603 3037 memi-

654 3064 774 3127 nit.
838 3061 1139 3127 Primum
1182 3068 1406 3124 tamen
1450 3058 2089 3124 senatusconsultum
2133 3057 2307 3141 apud
2334 3057 2604 3123 Livium

653 3149 744 3214 ibi
787 3148 1036 3214 factum
1079 3146 1351 3229 legitur,
1400 3166 1600 3228 quum
1644 3145 1857 3210 victor
1899 3143 2255 3209 Marcellus
2300 3164 2604 3210 reversus

654 3255 739 3300 ex
784 3231 1132 3318 Syracusis
1190 3231 1597 3315 triumphum
1640 3231 1721 3296 ob
1766 3252 1872 3296 res
1916 3252 1953 3294 a
1998 3251 2069 3294 se
2112 3239 2332 3314 gestas
2375 3240 2602 3313 postu-

653 3319 831 3384 lavit.
900 3317 1223 3384 Senatum
1248 3316 1529 3382 habebat
1549 3316 1623 3382 C.
1651 3315 2096 3399 Calphurnius
2118 3326 2399 3399 praetor,
2435 3316 2602 3381 libro

652 3406 775 3470 VI.
814 3406 1040 3469 tertiae
1085 3403 1360 3470 decadis.
1428 3402 1533 3472 De
1558 3403 1698 3485 ipsa
1719 3401 1840 3466 dea
1860 3402 2004 3486 lege
2028 3401 2415 3468 Ciceronem
2439 3402 2605 3468 libm

653 3489 939 3557 secundo
972 3490 1053 3555 (16
1087 3490 1343 3554 Natura
1377 3489 1664 3566 deorum,
1710 3488 2133 3553 Lactantium
2171 3488 2338 3553 libro
2373 3490 2602 3572 primo.

653 3577 751 3645 Ut
794 3575 878 3642 ad
915 3576 1170 3662 Syllam
1211 3576 1578 3664 redeamus,
1626 3573 1838 3658 potuit
1879 3573 2071 3640 facile
2103 3574 2453 3639 clamorem
2489 3596 2604 3638 ex-

655 3662 899 3729 audire.
989 3663 1115 3727 ma
1174 3662 1350 3728 enim
1393 3660 1733 3724 hominum
1779 3668 2028 3742 septem
2072 3659 2280 3724 millia
2323 3681 2490 3742 quae
2535 3681 2605 3725 se

651 3749 751 3815 illi
796 3748 1212 3826 dediderant,
1268 3767 1344 3813 ac
1389 3747 1460 3810 16
1501 3744 1700 3810 11(1616
1752 3746 2222 3828 permiserant,
2280 3767 2603 3811 convene-

648 3841 803 3900 rant
861 3836 931 3899 in
992 3835 1241 3900 circum
1299 3833 1661 3896 maximum
1729 3852 1863 3895 non
1926 3832 2120 3915 longe
2188 3853 2229 3895 a
2287 3831 2604 3897 Bellonae

651 3921 917 4004 templo,

830 4022 1030 4087 Pauci
1090 4022 1300 4104 Syllae
1351 4018 1745 4107 videbantur]
1810 4018 1925 4084 Sic
1979 4020 2392 4103 respondisse
2447 4019 2602 4106 Syl-

650 4107 784 4172 lam
831 4108 943 4172 alii
987 4128 1120 4172 non
1166 4107 1465 4186 tradunt,
1521 4104 2068 4190 quemadmodum
2124 4105 2437 4172 diximus:
2486 4106 2601 4172 sed

635 4194 777 4260 'hoc
812 4194 1060 4259 addidit
1095 4192 1365 4272 Seneca,
1412 4201 1487 4258 ut
1510 4194 1834 4276 acciperet
1872 4192 2274 4257 occasionem
2310 4192 2603 4257 schema-

652 4281 738 4345 tis
793 4278 964 4363 quod
1009 4280 1283 4345 Graecis
1329 4285 1474 4358 [pag.
1524 4284 1633 4358 87]
1684 4275 2013 4351 ἀνάκλασις
2069 4277 2345 4356 dicitur,
2401 4298 2605 4360 quum

649 4365 723 4430 id
761 4363 933 4450 quod
992 4366 1071 4430 ab
1128 4364 1333 4434 altero
1378 4366 1624 4431 dictum
1667 4372 1796 4443 est,
1853 4363 1924 4427 in
1968 4363 2165 4428 aliam
2209 4364 2604 4440 sententiam
2658 4383 2664 4408 ν

650 4458 1121 4534 retorquemus.
1210 4448 1607 4515 Huiusmodi
1659 4459 1761 4515 est
1814 4449 2085 4533 vulgare
2136 4448 2298 4514 illud
2353 4449 2603 4514 Procu-

650 4537 793 4602 leii:
839 4538 945 4603 cui
991 4558 1193 4620 quum
1244 4536 1419 4601 filius
1465 4536 1740 4602 dixisset
1783 4557 1853 4600 66
1898 4558 2029 4600 666
2074 4549 2352 4600 mortem
2394 4536 2602 4618 patris

654 4631 1052 4707 exspectare,
1097 4622 1345 4687 scilicet
1384 4623 1755 4707 intelligens
1800 4643 1870 4688 66
1913 4642 2044 4686 666
2080 4621 2339 4685 inhiare
2371 4620 2603 4686 haere-

654 4708 863 4787 ditati,
909 4710 1169 4792 excepit
1210 4708 1350 4773 ille:
1408 4708 1550 4774 Imo
1594 4731 1750 4774 vero
1795 4717 2153 4790 exspectes,
2199 4727 2322 4773 nec
2366 4726 2602 4791 prope-

652 4817 760 4861 res
802 4793 1020 4859 moliri
1066 4805 1139 4858 ut
1182 4795 1468 4861 velocius
1511 4796 1770 4860 moriar.
1833 4792 2022 4878 Sylla
2065 4792 2377 4876 pauculos
2418 4792 2601 4857 dixe-

652 4890 757 4946 rat
797 4880 1028 4957 occidi,
1092 4889 1167 4944 66
1224 4888 1544 4945 terrorem
1600 4880 1926 4944 minueret
1969 4900 2165 4962 quem
2207 4887 2472 4944 senatus
2518 4899 2602 4943 ex

650 4975 834 5031 tanto
878 4966 1162 5032 clamore
1203 4973 1613 5049 conceperat:
1660 4964 1913 5030 Seneca
1953 4964 2037 5030 ad
2083 4966 2423 5049 sanguinis
2460 4965 2601 5030 avi·

654 5052 926 5118 ditatem
968 5053 1187 5117 refert.

825 5154 935 5219 Ea}
976 5155 1181 5220 eodem
1233 5174 1480 5255 corpore
1535 5152 1813 5241 abrupti]
1872 5157 2131 5239 Argute
2184 5155 2432 5239 colligit
2488 5174 2600 5220 eos

650 5263 786 5308 non
830 5263 971 5308 esse
1015 5242 1210 5321 cives,
1256 5262 1369 5324 qm
1412 5262 1486 5303 ln
1529 5260 1872 5306 commune
1917 5262 2050 5305 non
2092 5241 2349 5307 vivunt.
2418 5240 2603 5322 Quid

2714 516 2893 579 enim
2936 523 3038 580 est
3078 515 3352 582 civitas?
3417 517 3671 602 Nempe
3713 517 4064 584 concilium
4105 526 4413 585 coetusve
4454 517 4661 584 homi-

2714 621 2876 664 num
2919 600 3063 667 iure
3105 603 3390 669 sociatus
3403 654 3419 681 ,
3464 603 3681 686 inquit
3724 603 3955 671 Cicero
3997 605 4070 669 in
4115 606 4367 672 somnio
4411 602 4661 689 Scipio-

2714 686 2836 751 nis.
2939 684 3161 768 Quam
3216 687 3666 755 definitionem
3718 691 4000 773 sumpsit
4053 712 4137 757 ex
4185 690 4541 756 Aristotele
4591 692 4661 755 in

2713 770 3028 837 Politicis.
3121 771 3200 838 Si
3239 774 3446 858 igitur
3490 795 3624 839 non
3666 776 3879 841 omnis
3923 778 4198 844 societas
4255 783 4357 843 666
4412 777 4659 857 civitas,

2714 857 2830 922 sed
2871 879 2950 922 66
2994 866 3252 923 6666661
3297 881 3465 942 (1666
3508 861 3729 943 probis
3772 862 4065 928 moribus
4119 872 4187 929 et
4237 862 4460 946 aequis
4504 862 4661 947 legi-

2711 942 2836 1009 bus
2883 944 3094 1008 vivat:
3148 945 3465 1035 nimirum
3522 947 3636 1030 qui
3695 947 3956 1032 legibus
4009 971 4141 1014 non
4185 950 4658 1032 obtemperant,

2712 1030 2893 1094 cives
2935 1051 3066 1094 non
3125 1040 3306 1106 sunt,
3367 1030 3481 1097 sed
3538 1054 3620 1097 ex
3678 1055 3946 1118 corpore
4000 1035 4328 1120 legitimae
4379 1034 4662 1100 civitatis

2713 1115 2991 1198 abrupti.
3081 1115 3166 1180 In
3208 1116 3444 1182 hostile
3500 1138 3742 1184 nomen
3796 1126 4162 1187 transeunt.
4251 1120 4334 1185 In
4390 1118 4662 1185 eandem

2712 1201 3106 1265 sententiam
3130 1202 3284 1268 alibi
3309 1203 3565 1269 Cicero:
3600 1204 3696 1271 Ut
3716 1225 3992 1289 corpora
4012 1218 4239 1272 nostra
4259 1206 4402 1272 6166
4425 1212 4659 1286 mente,

2710 1285 2803 1349 ita
2846 1287 3077 1352 civitas
3121 1289 3264 1353 sine
3307 1288 3470 1374 lege,
3514 1292 3650 1356 suis
3692 1291 3989 1374 partibus
4025 1300 4099 1357 66
4131 1292 4356 1359 nervis
4401 1314 4476 1357 ac
4513 1313 4660 1358 san-

2711 1373 2912 1456 guine
2954 1380 3021 1437 et
3065 1372 3395 1453 membris,
3440 1377 3538 1440 uti
3584 1397 3717 1441 non
3761 1385 3994 1459 potest.

2885 1457 3152 1523 Interim
3187 1459 3298 1525 hoc
3338 1463 3499 1542 quod
3539 1461 3923 1551 dicebamus]
3980 1462 4188 1546 Quasi
4246 1464 4517 1528 diceret:
4569 1462 4659 1528 Il-

2707 1541 2823 1608 lud
2863 1544 3072 1610 obiter
3107 1544 3353 1610 dictum
3398 1548 3501 1623 sit,
3550 1546 3888 1614 admoneri
3934 1572 4053 1616 nos
4096 1549 4396 1632 exemplo
4434 1547 4485 1615 S
4535 1549 4660 1614 llae

2707 1650 2868 1711 quos
2929 1629 3146 1696 hostes
3204 1635 3505 1716 persequi
3567 1633 3932 1701 debeamus.
4021 1635 4299 1701 Interim
4344 1656 4430 1718 qu
4563 1642 4660 1700 est

2704 1715 2993 1780 instituti
3022 1719 3228 1782 nostri
3254 1718 3610 1801 proprium,
3647 1720 3838 1786 facile
3875 1730 4229 1806 tyrannum
4266 1741 4307 1784 a
4339 1741 4496 1805 rege
4531 1719 4658 1787 dis·

2707 1803 2920 1866 cernit
2963 1802 3329 1869 clementia.

2896 1888 3156 1970 Uterque
3188 1890 3325 1955 licet
3367 1911 3487 1956 non
3519 1891 3733 1957 minus
3765 1894 3967 1956 armis
4001 1890 4295 1979 valletur]
4343 1890 4659 1974 Haemim-

2708 1974 2907 2052 στολή,
2954 1996 3150 2058 (16616
3171 1974 3420 2041 Fabius
3440 1975 3550 2043 lib.
3577 1978 3701 2044 IX.
3741 1977 4226 2045 distinctionem
4251 1986 4461 2057 vocat,
4499 1998 4660 2061 quae

2707 2060 2872 2140 duas
2914 2082 3021 2126 res
3066 2077 3182 2125 aut
3223 2061 3474 2144 plures,
3534 2083 3700 2145 quae
3741 2062 4055 2128 videntur
4097 2063 4372 2129 eandem
4416 2065 4553 2129 vim
4596 2071 4660 2129 et

2709 2147 3032 2211 rationem
3068 2146 3313 2212 habere
3331 2199 3347 2227 ,
3393 2148 3741 2233 disiungit,
3789 2158 3857 2212 et
3898 2160 4218 2233 quantum
4260 2149 4506 2215 distent
4549 2150 4658 2215 do-

2706 2241 2825 2309 cet,
2871 2254 3059 2298 suam
3101 2233 3337 2316 cuique
3381 2236 3715 2317 propriam
3751 2237 4151 2301 sententiam
4185 2233 4658 2320 subiungendo.

2708 2315 2822 2383 Sic
2867 2316 3147 2384 Ovidius
3191 2320 3260 2383 in
3302 2341 3376 2385 re
3410 2320 3637 2386 simili:

2935 2422 3010 2475 Et
3044 2421 3204 2489 latro,
3242 2432 3299 2476 et
3333 2430 3522 2478 cautus
3556 2425 3923 2494 praecingitur
3958 2440 4087 2479 61166
4124 2425 4318 2493 viator,

3041 2491 3144 2545 Ille
3182 2491 3279 2545 sed
3313 2492 3551 2562 insidias,
3587 2493 3673 2547 hic
3711 2495 3809 2548 sibi
3845 2499 4031 2561 portat
4065 2508 4241 2560 opem.

2707 2576 3022 2642 Eiusdem
3076 2579 3334 2660 generis
3378 2586 3480 2642 est
3530 2580 3732 2642 etiam
3774 2577 3949 2661 quod
3992 2579 4320 2661 sequitur:
4377 2577 4547 2643 Nolo
4597 2586 4662 2644 te

2708 2664 2971 2745 saepius
3013 2683 3286 2744 parcum
3329 2663 3688 2747 appellare,
3747 2685 3948 2746 quum
4002 2666 4093 2729 sis
4143 2684 4399 2729 avarus.
4489 2663 4665 2729 Nam

2708 2749 2817 2830 qui
2865 2769 3099 2831 parcus
3143 2758 3259 2823 est,
3307 2750 3518 2813 utitur
3564 2771 3638 2814 eo
3692 2749 3865 2832 quod
3908 2750 4065 2815 satis
4120 2736 4248 2828 est}
4307 2757 4382 2813 tu
4436 2758 4666 2816 contra

2706 2844 2977 2917 propter
3021 2834 3386 2912 avaritiam,
3431 2856 3559 2917 quo
3602 2835 3751 2918 plus
3792 2835 4013 2914 habes,
4060 2835 4272 2920 magis
4315 2856 4489 2919 eges.
4556 2836 4666 2901 Ita

2709 2941 2840 2984 non
2902 2927 3042 2983 tam
3096 2918 3475 3005 diligentiae
3529 2921 3810 3001 fructus,
3866 2943 4062 3005 quam
4118 2923 4339 3007 copiae
4397 2921 4666 2988 miseria

2708 3021 3139 3089 consequitur.
4121 3017 4128 3026 ‘

2879 3093 3066 3158 Alter
3105 3112 3291 3157 arma
3325 3094 3502 3159 habet
3536 3092 3791 3181 quibus]
3840 3094 3990 3159 Rex
4033 3094 4293 3173 scilicet,
4337 3094 4527 3160 cuius
4567 3095 4665 3159 of-

2707 3180 2931 3244 ficium
2978 3185 3082 3243 666
3125 3178 3262 3244 vim
3306 3201 3471 3262 quae
3516 3179 3794 3245 subditis
3850 3179 4194 3259 inferatur,
4254 3181 4459 3246 armis
4511 3201 4666 3263 pro-

2706 3265 2988 3348 pulsare,
3037 3265 3273 3347 quibus
3317 3266 3526 3330 utitur
3569 3276 3884 3349 tanquam
3928 3267 4106 3348 pacis
4143 3263 4487 3349 praesidia
4729 3341 4734 3350 .

2880 3351 3064 3415 Alter
3108 3355 3186 3414 ut
3232 3371 3455 3434 nmyno
3509 3353 3726 3417 timore
3812 3349 4082 3417 Scilicet
4137 3359 4492 3436 tyrannus,
4551 3354 4669 3434 qui

2708 3459 2913 3520 quum
2933 3435 3237 3502 omnibus
3258 3437 3513 3503 invisus
3536 3439 3643 3516 sit,
3681 3459 3719 3502 o
3769 3439 3831 3503 ’a
3853 3447 4104 3503 terrore
4126 3437 4401 3504 cohibet.
4468 3435 4670 3519 Quod

2709 3523 3109 3607 significavit
3151 3523 3572 3606 Tranquillus
3615 3523 3697 3588 (16
3734 3524 4113 3589 Domitiano
4158 3524 4459 3606 loquens:
4507 3523 4670 3589 Ino-

2706 3610 2820 3692 pia
2861 3630 3088 3692 rapax,
3134 3615 3319 3673 metu
3365 3630 3615 3675 saevus.
3705 3610 3799 3674 Et
3842 3609 4280 3681 Claudianus:

3136 3711 3342 3767 Cuncta
3377 3713 3516 3780 ferit,
3555 3712 3679 3766 dum
3717 3720 3912 3767 cuncta
3945 3714 4113 3767 timet.

2886 3797 3015 3863 Nec
3058 3798 3210 3864 illas
3253 3798 3430 3879 ipsas
3479 3797 3735 3886 manus]
3799 3796 3934 3879 Qui
3984 3819 4213 3864 omnes
4269 3800 4460 3865 timet
4473 3852 4490 3878 ,
4550 3803 4674 3883 qui

2708 3883 2790 3950 ad
2826 3904 3086 3948 omnem
3116 3892 3365 3948 motum
3399 3883 3703 3968 trepidat,
3752 3907 3902 3949 suos
3948 3887 4146 3950 etiam
4194 3884 4507 3951 satellites
4544 3909 4675 3953 cur

2707 3991 2839 4035 non
2894 3969 3168 4036 timeat?
3231 3978 3516 4035 armatos
3559 3970 3767 4049 videt,
3824 3991 3943 4036 nec
3998 3972 4159 4037 satis
4214 3991 4483 4038 securus
4542 3982 4668 4054 est,

2707 4077 2791 4119 an
2837 4075 2956 4138 pro
2999 4076 3087 4140 se,
3127 4077 3210 4120 an
3256 4069 3488 4121 contra
3525 4077 3595 4120 66
3639 4057 3814 4121 ferro
3860 4057 4300 4140 accingantur.
4370 4058 4454 4123 In
4490 4057 4672 4126 hanc

2705 4141 3105 4206 sententiam
3148 4140 3588 4208 introducitur
3631 4141 3954 4226 Thyestes
3998 4162 4038 4205 a
4082 4141 4337 4209 Seneca
4376 4146 4667 4229 tragico:

3567 4243 3709 4297 Dum
3745 4245 3994 4299 excelsus
4031 4246 4158 4299 steti

2981 4312 3503 4436 {affliggyerf
3523 4313 3740 4436 t‹ge-stiti,
3777 4320 3938 4382 atque
3973 4315 4151 4382 ipsum
4185 4315 4290 4368 mei

2873 4397 2880 4402 ’
3029 4399 3060 4436 θ
3401 4399 3430 4435 θ
3489 4399 3522 4436 8
3579 4399 3670 4436 ne.

2895 4466 2975 4533 Ut
3007 4468 3257 4533 invisus
3298 4467 3384 4532 sit
3424 4469 3577 4549 quia
3615 4465 3891 4554 timetur]
3956 4465 4324 4534 Contrariis
4377 4469 4448 4534 in
4511 4490 4674 4536 con-

2706 4554 2914 4618 traria
2967 4555 3188 4638 agitur
3231 4563 3571 4639 tyrannus.
3661 4554 3836 4618 Nam
3889 4552 4110 4619 timeri
4147 4554 4295 4620 vult
4349 4556 4505 4637 quia
4562 4557 4672 4622 in-

2707 4640 2894 4705 visus
2934 4645 3083 4719 [pag.
3120 4644 3230 4719 88]
3276 4649 3392 4704 est.
3462 4640 3552 4703 Et
3595 4646 3815 4703 tamen
3859 4636 4004 4704 ideo
4047 4641 4302 4707 invisus
4345 4649 4462 4717 est,
4509 4645 4679 4725 quia

2707 4726 2990 4791 timetur.
3081 4726 3286 4808 Atqui
3330 4725 3496 4790 nihil
3539 4745 3702 4807 opus
3747 4738 3920 4791 esset
3965 4726 4227 4805 timore,
4284 4727 4342 4793 61
4395 4728 4679 4794 nullum

2706 4819 2880 4877 esset
2913 4810 3151 4876 odium.
3219 4812 3365 4878 Hoc
3399 4812 3607 4895 igitur
3639 4832 3848 4877 unum
3891 4810 3990 4876 illi
4032 4813 4280 4878 malum
4323 4823 4441 4886 est.
4490 4815 4680 4897 quod

2705 4905 2896 4981 putat
2938 4897 3100 4962 mali
3147 4898 3528 4972 remedium.

2881 4983 2971 5048 Et
2999 4981 3277 5071 timetur]
3324 4984 3420 5050 Ut
3451 4985 3625 5049 enim
3661 4984 3754 5049 ait
3786 4984 4065 5061 Ennius,
4112 5003 4306 5066 quem
4338 4995 4676 5066 metuunt,

2707 5070 3015 5135 oderunt:
3064 5090 3258 5152 quem
3293 5070 3563 5153 quisque
3597 5068 3752 5148 odit,
3788 5069 4036 5152 perisse
4072 5068 4336 5153 expetit.
4406 5068 4682 5139 Seneca

2707 5156 2819 5221 lib.
2866 5155 2955 5220 11.
2996 5155 3078 5220 (16
3120 5154 3260 5220 Ira:
3308 5154 3526 5237 Quid?
3574 5155 3749 5239 quod
3791 5173 4052 5239 semper
4092 5156 4163 5219 in
4213 5162 4515 5223 auctores
4557 5179 4680 5224 re-

2709 5240 2962 5306 dundat
3004 5242 3216 5320 timor,
3261 5263 3382 5307 nec
3412 5242 3760 5325 quisquam
3791 5242 4127 5320 metuitur,
4170 5241 4313 5325 11166
4343 5243 4674 5310 securus?
