4984 5975
332 361 454 426 349

328 569 456 614 cern
498 549 893 647 concipimus,
933 545 1323 629 praefamur,
1366 549 1436 610 ut
1480 545 1617 610 eius
1658 544 1942 610 voluntas
1979 544 2121 626 fiat,
2166 544 2275 609 ubi

329 636 463 700 iam
506 635 644 700 eius
675 633 975 699 voluntati
1006 636 1289 697 nostram
1321 631 1710 710 subiicinms,
1754 651 1874 712 quo
1905 630 2068 697 velut
2098 629 2275 712 freno

331 722 549 786 iniecto
583 721 854 799 coercita,
890 717 1100 783 Deum
1133 718 1205 781 in
1238 716 1516 782 ordinem
1551 737 1754 801 coqere
1786 738 1862 782 ne
1883 720 2275 799 praesumat

338 805 431 886 Si,
475 807 714 872 anionis
754 807 825 870 in
866 804 1024 869 banc
1065 802 1471 868 obedientiam
1513 803 1893 884 compositis,
1939 802 2276 883 providen-

282 899 294 912 '
333 894 462 958 tiae
502 892 754 957 divinae
795 888 1064 955 arbitrio
1100 910 1213 966 nos
1244 889 1375 972 reyi
1397 890 1705 969 patimur,
1746 887 1937 970 facile
1970 888 2279 954 discemus

329 978 405 1042 in
447 978 722 1043 oratione
743 996 1165 1056 perseverare,
1210 995 1285 1040 ac
1324 976 1649 1056 suspensis
1679 974 2015 1040 desideriis
2036 973 2281 1055 patien-

332 1068 424 1128 ter
466 1067 818 1143 exspectare
841 1060 1217 1127 Dominum.-
1258 1061 1428 1138 certi‚
1472 1061 1661 1125 etiam
1693 1061 1754 1125 si
1794 1061 2051 1125 minime
2083 1078 2282 1141 appa-

333 1153 443 1228 ret,
488 1149 664 1213 nobis
700 1153 905 1212 tamen
946 1167 1185 1229 semper
1226 1147 1457 1224 adesse,
1501 1167 1733 1227 suoque
1775 1151 2045 1227 tempore
2079 1145 2280 1210 decla-

335 1240 650 1312 raturum,
720 1233 884 1313 quod
940 1254 1065 1298 non
1118 1231 1401 1297 habuerit
1453 1232 1687 1297 surdas
1740 1251 1926 1297 aures
1968 1230 2280 1312 precibuS,

336 1341 496 1401 quae
537 1320 609 1384 in
650 1318 969 1384 bominum
1024 1318 1221 1382 oculis
1274 1318 1574 1401 neylectae
1631 1316 2011 1382 videbantur.
2108 1317 2283 1397 Quod

335 1406 395 1472 si
439 1406 702 1485 demum,
744 1426 853 1470 nec
878 1411 1025 1487 post
1065 1404 1313 1485 lonyam
1355 1405 1878 1502 exspectationem,
1913 1408 2284 1485 assequatur

335 1511 557 1557 sensus
601 1495 819 1570 noster,
868 1490 1023 1572 quid
1063 1490 1298 1554 orando
1330 1490 1681 1571 profectum
1721 1489 1822 1569 sit,
1867 1508 1973 1553 nec
2009 1490 2284 1570 fructum

332 1578 481 1676 inde
518 1578 721 1643 ullum
763 1578 1017 1642 sentiat:
1052 1576 1210 1657 fides
1243 1580 1449 1639 tamen
1482 1581 1698 1640 nostra
1730 1576 1894 1657 quod
1926 1596 2115 1640 sensu
2138 1594 2285 1653 per-

861 1661 1088 1741 ,nobis
1120 1667 1349 1726 certum
1379 1660 1582 1743 faciet,
1620 1682 1733 1727 nos
1765 1660 2100 1725 obtinuisse
2121 1659 2285 1741 quod

324 1748 700 1848 expediebat:
788 1714 996 1830 Atque
1038 1749 1131 1812 ita
1173 1747 1422 1828 efficiet,
1466 1752 1536 1810 ut
1576 1748 1646 1811 in
1676 1751 2050 1828 paupertate
2091 1744 2285 1810 abun—

326 1834 633 1913 ᾶαπιιαηι,
671 1835 741 1899 in
761 1834 1095 1916 afflictione
1116 1832 1579 1899 consolationem
1593 1834 2054 1914 possideamus.
2114 1831 2286 1894 Nam

325 1925 401 1985 ut
443 1884 739 2001 deficiant
771 1922 1000 1997 omnia,
1036 1919 1218 1986 Deus
1253 1924 1459 1984 tamen
1496 1923 1645 1999 [pag.
1672 1924 1780 1998 43]
1817 1938 2140 1999 nunquam
2174 1936 2288 1981 nos

325 2006 642 2072 destituet.-
675 2008 786 2087 qui
808 2007 1313 2086 exspectationem
1349 2025 1422 2069 ac
1444 2005 1827 2085 patientiam
1858 2023 2118 2067 suorum
2149 2002 2288 2085 fru-

325 2093 531 2158 strari
573 2113 696 2157 non
727 2096 947 2173 potest.
1038 2090 1187 2156 Erit
1228 2092 1366 2172 ipse
1397 2111 1567 2155 unus
1606 2090 1941 2170 nobispro
1984 2087 2287 2166 omnibus,

324 2177 581 2259 quando
620 2177 777 2243 bona
819 2176 1030 2241 omnia
1074 2178 1143 2240 iu
1185 2198 1251 2242 se
1293 2176 1727 2257 complectitur,
1783 2194 1941 2256 quae
1994 2174 2139 2239 olim
2185 2193 2289 2238 no-

323 2263 429 2329 bis
474 2262 557 2328 ad
600 2263 866 2347 plenum
912 2261 1218 2328 revelabit.

878 2466 1005 2533 DE
1052 2465 1730 2534 SACRAMEN'PIS.

507 2604 937 2674 Sacramenta
979 2603 1125 2669 ideo
1167 2611 1329 2670 sunt
1372 2603 1703 2682 instituta,
1761 2611 1838 2667 ιιι
1880 2612 2023 2668 ιιιιιι
2065 2623 2287 2668 coram

322 2692 506 2768 Dee,
563 2699 708 2755 tum
766 2690 936 2774 apud
977 2689 1278 2754 homines
1330 2688 1482 2755 fidei
1526 2696 1789 2753 nostrae
1831 2688 2145 2755 exercitia
2184 2710 2286 2754 es-

326 2789 498 2843 sent.
587 2778 690 2842 Ac
759 2796 976 2841 coram
1044 2777 1334 2840 Domino
1400 2774 1665 2858 quidem
1726 2774 1924 2839 fidem
1991 2783 2282 2839 nostram

324 2869 671 2940 exercent,
740 2861 896 2926 dum
960 2862 1030 2926 in
1086 2860 1215 2925 Dei
1269 2860 1548 2925 veritate
1611 2860 1822 2943 ipsam
1876 2862 2283 2927 confirmant.

325 2948 505 3015 Nam
551 2947 721 3032 quod
765 2949 1173 3033 ignorantiae
1215 2946 1432 3013 carnis
1476 2955 1739 3012 nostrae
1794 2944 2102 3031 expedire
2146 2948 2284 3012 Do·
2332 2925 2338 3047 j

325 3037 558 3100 minus
621 3034 1037 3117 providebat,
1103 3033 1408 3099 sublimia.
1472 3033 1900 3117 coelestiaque
1965 3034 2285 3118 mysteria

327 3120 458 3186 sub
523 3120 894 3186 carnalibus
959 3119 1299 3185 elementis
1364 3118 1861 3202 contemplanda
1925 3120 2283 3201 proposuit.

324 3207 486 3272 Non
540 3205 712 3289 quod
764 3205 929 3270 tales
982 3204 1226 3271 inditae
1280 3205 1414 3270 sint
1469 3204 1652 3270 dotes
1717 3206 1972 3270 naturis
2036 3226 2279 3283 rerum,

368 3313 499 3358 uae
555 3292 629 3356 in
684 3291 1112 3358 sacramentis
1167 3292 1354 3357 nobis
1408 3299 1899 3390 proponuntur:
1961 3289 2077 3356 sed
2131 3292 2284 3374 quia

394 3377 608 3443 omini
643 3378 895 3478 verbo
877 3399 946 3440 ιιι
983 3376 1153 3443 hauc
1198 3377 1739 3477 significationem
1774 3377 2074 3460 signatae
2110 3385 2279 3441 sunt.

321 3463 681 3531 Praecedit
723 3464 899 3529 enim
944 3484 1200 3545 semper
1244 3462 1613 3546 promissi0,
1672 3483 1838 3544 quae
1883 3460 2083 3562 verbo
2129 3482 2282 3527 con-

324 3552 614 3616 tinctur:
661 3547 926 3614 additur
968 3548 1368 3634 symbolum,
1422 3545 1596 3632 quod
1640 3547 2137 3631 promissionem
2181 3548 2282 3630 ip-

328 3657 477 3701 sam
522 3637 743 3701 firmet
778 3642 973 3718 atque
1021 3635 1347 3719 obsignet,
1404 3634 1714 3732 nobisque
1759 3634 1940 3698 velut
1990 3633 2281 3699 testatio-

328 3744 475 3788 rem
521 3722 747 3801 faciat,
801 3720 1121 3805 quomodo
1166 3728 1427 3786 nostrae
1471 3719 1813 3784 tenuitatis
1857 3720 2076 3803 captui
2128 3742 2282 3785 con-

328 3809 563 3873 venire
604 3807 919 3891 prospicit
958 3805 1305 3871 Dominus.
1398 3804 1506 3870 Sic
1530 3805 1580 3888 ¹)
1625 3806 1789 3869 enim
1831 3826 2059 3889 exiyua
2103 3811 2195 3871 est
2226 3811 2284 3870 et

328 3893 640 3959 imbecilla
682 3898 899 3959 nostra
950 3892 1139 3973 fides,
1196 3898 1268 3956 ut
1318 3893 1452 3957 nisi
1504 3891 1781 3972 undique
1831 3891 2153 3974 fulciatur,
2210 3911 2284 3957 ac

324 3980 540 4046 modis
561 3978 846 4045 omnibus
869 3982 1256 4058 sustentetur,
1282 3976 1494 4043 statim
1516 3978 1918 4058 concutiatur,
1936 3979 2282 4058 fluctuetur,

319 4066 592 4131 vacillet.
658 4064 806 4130 Iam
850 4072 919 4129 et
959 4065 1101 4147 ipsa
1143 4071 1487 4130 exercetur
1520 4062 1696 4147 apud
1731 4028 2031 4129 homines
2066 4084 2281 4130 sacra-

320 4151 575 4217 mentis
589 4202 605 4230 ,
662 4150 819 4216 dum
865 4151 934 4215 in
978 4149 1307 4235 publicam
1351 4151 1489 4216 exit
1529 4149 1999 4214 confessionem
2017 4202 2031 4224 ‚
2092 4158 2158 4216 et
2200 4149 2285 4214 ad

320 4235 743 4303 referendam
784 4236 1072 4301 Domino
1115 4235 1379 4302 laudem
1423 4236 1767 4301 excitatur.

805 4440 1036 4523 QUID
1082 4440 1809 4508 SAGRAMENTUM.

505 4579 701 4664 Est2)
754 4600 912 4663 ergo
954 4584 1431 4645 sacramentum·
1462 4579 1713 4662 siynum
1765 4582 2109 4656 eaternum,
2165 4599 2287 4660 quo

320 4667 558 4733 bonam
613 4686 797 4732 suam
852 4685 1001 4750 crya
1042 4686 1154 4730 nos
1198 4666 1568 4732 voluntatem
1611 4663 1927 4729 Dominus
1968 4628 2146 4729 nobis
2188 4685 2285 4729 re-

306 4756 688 4837 praesudat
741 4773 814 4817 ac
870 4750 1250 4832 testificatur,
1302 4752 1388 4816 ad
1444 4750 1913 4816 imbecillitatem
1955 4749 2106 4831 fidei
2149 4771 2286 4816 nos-

318 4846 467 4905 trae
508 4839 954 4905 sustinendam.
1041 4838 1184 4901 Aut
1220 4837 1488 4903 brevius
1544 4856 1619 4902 ac
1671 4836 1937 4903 clarius:
1993 4835 2286 4899 Testimo-

319 4926 513 4989 nium
550 4925 798 5008 qratiae
842 4921 988 5002 Dei,
1321 4922 1587 5006 symbolo
1629 4922 2027 4988 declaratum.
2097 4922 2283 4986 Duo-

318 5012 455 5076 bus
504 5010 772 5075 omnino
827 5028 1168 5075 sacramen
1221 5031 1253 5074 s
1309 5010 1518 5074 utitur
1575 5009 1934 5075 christiana
1991 5006 2281 5074 ecclesia.

472 5287 537 5353 ι)
576 5286 759 5341 rauce.
784 5300 845 5354 p.
881 5282 999 5337 201.
1206 5279 1266 5347 2)
1306 5280 1447 5336 ιιεᾱ.
1481 5298 1537 5351 ρ.
1572 5279 1689 5335 200.

1996 353 2673 422 CA'I'ECHISMUS.

4213 360 4339 423 350

2378 547 2527 622 [pag.
2568 548 2674 624 44]
3025 546 3155 612 DE
3200 544 3698 615 BAPTISMO.

2552 663 2935 745 Baptismus
2962 666 3011 750 ¹)
3054 665 3234 731 nobis
3275 689 3318 730 a
3351 665 3491 732 Deo
3532 669 3737 746 datus,
3768 667 4056 748 primum
4091 670 4162 730 ut
4202 686 4341 731 nos-

2379 754 2517 815 trae
2558 752 2732 830 apud
2776 771 2842 815 se
2878 752 3058 832 fidei,
3115 750 3333 817 deinde
3375 757 3445 816 ut
3496 752 3867 835 confessioni
3920 752 4095 833 apud
4147 751 4341 849 homi-

2382 856 2492 900 nes
2537 838 2811 902 serviret.
2903 834 3106 903 Fides
3152 838 3652 920 promissionem
3695 837 3986 921 respicit,
4043 857 4173 919 qua
4216 836 4341 900 mi·-

2384 922 2662 987 sericors
2718 931 2906 1003 pater
2950 922 3202 988 Christi
3257 925 3362 989 sui
3417 924 4075 990 communicationem
4127 922 4338 1021 offert,

2386 1015 2462 1072 ut
2504 1008 2645 1089 ipso
2686 1008 2922 1086 induti,
2968 1011 3263 1075 omnium
3308 1001 3451 1075 eius
3494 1009 3814 1075 bonorum
3856 1008 4209 1092 participes
4253 1008 4340 1073 si-

2385 1116 2553 1158 mus,
2646 1095 2796 1159 Duo
2840 1103 3060 1160 tamen
3106 1096 3525 1178 peculiariter
3569 1105 4044 1178 repraesentat:
4096 1115 4340 1178 purga-

2387 1180 2653 1256 tionem,
2699 1202 2896 1263 quam
2931 1182 3004 1245 ιιι
3042 1180 3296 1247 Christi
3331 1181 3649 1283 sanguine
3686 1182 4075 1246 obtinemus.
4123 1180 4341 1244 carnis

2386 1277 2650 1330 nostrae
2685 1267 3271 1341 mortificationem,
3318 1287 3513 1351 quam
3549 1270 3690 1332 eius
3724 1277 3936 1332 morte
3972 1287 4199 1331 sumus
4236 1287 4339 1330 as-

2386 1352 2661 1434 sequuti.
2751 1353 2957 1418 Iussit
2994 1354 3172 1418 enim
3193 1354 3519 1419 Dominus
3564 1375 3716 1418 suos
3758 1353 4072 1436 baptizari
4123 1353 4194 1415 in
4236 1372 4340 1416 re-

2387 1438 2766 1504 missionem
2811 1451 3244 1522 peccatorum.
3319 1440 3412 1504 Et
3455 1439 3703 1505 Paulus
3757 1438 3974 1515 docet,
4028 1437 4344 1503 ecclesiam

2389 1545 2431 1586 a
2470 1543 2699 1602 sponso
2749 1521 2993 1589 Christo
3036 1525 3491 1605 sanctificatam
3531 1546 3689 1604 esse,
3747 1530 3803 1590 et
3842 1524 4209 1589 mundatam
4253 1523 4344 1588 la-

2388 1628 2574 1673 vacro
2617 1630 2834 1689 aqua(
2880 1611 2950 1674 in
2993 1609 3172 1676 verbo
3207 1613 3370 1675 vitae
3414 1611 3687 1693 (Ephes.
3729 1617 3787 1690 5,
3827 1613 3958 1690 29).
4045 1610 4344 1673 Rursum

2387 1696 2461 1758 ιιι
2507 1693 2756 1759 Christi
2806 1706 3085 1760 mortem
3131 1696 3493 1778 baptizatos
3549 1718 3692 1763 esse
3747 1711 3894 1772 nos,
3951 1695 4344 1778 interpreta-

2391 1791 2522 1854 tur,
2565 1782 2763 1845 morti
2807 1782 2948 1846 eius
2991 1782 3431 1865 consepultos,
3475 1788 3546 1846 ut
3587 1784 3654 1846 in
3696 1784 3859 1848 vitae
3899 1782 4168 1847 novitate
4211 1801 4343 1844 am-

2391 1865 2670 1931 bulemus
2712 1868 2933 1949 (Rom.
2976 1873 3032 1944 6,
3071 1870 3161 1952 4).
3250 1866 3511 1949 Quibus
3551 1890 3684 1933 uon
3719 1868 4142 1952 significatur,
4187 1887 4344 1948 pur-

2393 1953 2680 2035 gationis
2718 1973 2792 2017 ac
2836 1955 3349 2036 regenerationis
3393 1975 3686 2033 causam,
3732 1953 3839 2019 vel
3884 1953 4084 2018 etiam
4126 1951 4344 2016 effica-

2393 2037 2564 2103 ciam
2608 2058 2817 2119 aquae
2859 2039 3159 2104 subesse.
3218 2039 3332 2105 sed
3376 2007 3703 2105 duntaxat
3745 2039 3977 2104 talium
4020 2036 4344 2102 donorum

2392 2123 2464 2186 ιιι
2508 2122 2632 2186 hoc
2676 2133 3083 2188 sacramento
3127 2126 3372 2208 percipi
3416 2127 3884 2209 cognitionem,
3933 2122 4192 2207 quando
4238 2145 4342 2189 ac-

2393 2209 2629 2292 cipere,
2675 2209 2985 2286 obtinere,
3032 2211 3384 2293 immtrare
3428 2209 3722 2310 dicimur,
3766 2209 3937 2293 quod
3972 2209 4161 2275 nobis
4205 2228 4344 2274 cre-

2394 2293 2609 2359 dimus
2666 2315 2705 2358 a
2745 2295 3033 2360 Domino
3089 2295 3345 2361 datum:
3407 2298 3545 2362 sive
3600 2297 3669 2361 id
3713 2305 3855 2361 tum
3898 2297 4185 2378 primum
4228 2316 4344 2378 ag-

2393 2379 2754 2458 noscimus,
2801 2380 2940 2445 sive
2985 2382 3284 2466 agnitum
3327 2391 3522 2447 antea
3564 2383 3808 2448 certius
3850 2379 4341 2465 persuademur.

2398 2464 2784 2547 Confessioni
2801 2466 2859 2549 ²)
2920 2472 3126 2532 autem
3180 2474 3427 2533 nostrae
3470 2469 3645 2548 apud
3684 2468 3961 2532 homines
4001 2468 4093 2532 sic
4135 2466 4341 2545 servit,

2391 2552 2700 2631 siquidem
2740 2558 2886 2616 nota
2929 2557 3033 2631 est,
3077 2574 3203 2633 qua
3234 2554 3464 2634 palam
3495 2554 3887 2635 profitemur,
3932 2572 4046 2617 nos
4077 2551 4206 2616 Dei
4230 2571 4344 2650 po-

2381 2637 2539 2719 pulo
2594 2639 2903 2703 accenseri
2957 2638 3132 2717 velle,
3201 2661 3326 2722 quo
3391 2660 3596 2704 unum
3653 2660 3804 2705 cum
3857 2638 4163 2703 omnibus
4219 2637 4344 2719 piis

2390 2722 2628 2800 Deum,
2675 2723 2902 2788 eadem
2949 2723 3263 2808 religione
3309 2726 3618 2791 colamus.
3709 2723 3933 2805 Quum
3979 2744 4136 2807 ergo
4182 2722 4343 2805 bap·

2389 2811 2583 2875 tismo
2629 2811 2977 2892 praecipue
3020 2808 3246 2876 foedus
3291 2811 3560 2875 Domini
3605 2811 3941 2876 nobiscum
3988 2810 4341 2886 sanciatur,

2387 2897 2530 2960 iure
2575 2895 2860 2960 infantes
2906 2906 3166 2961 nostros
3209 2897 3613 2979 baptizamus
3629 2948 3644 2974 ,
3706 2905 4042 2962 consortes
4097 2894 4346 2959 scilicet

2387 2979 2666 3046 foederis
2710 2982 3122 3066 sempiterni:
3180 3004 3306 3065 quo
3347 2982 3690 3066 pollicetur
3731 2981 4058 3047 Dominus
4103 3003 4173 3047 se
4208 2982 4344 3045 fore

2387 3068 2630 3145 Deum,
2676 3089 2807 3132 non
2851 3078 3147 3133 nostrum
3189 3068 3403 3145 modo,
3450 3069 3564 3134 sed
3607 3068 3876 3134 seminis
3916 3067 4141 3132 nostri.

2392 3279 2539 3354 [pag
2589 3278 2699 3352 45]
2922 3272 3049 3338 DE
3095 3272 3404 3340 eoENA
3452 3273 3817 3339 nomm.

2569 3412 2763 3490 Quem
2781 3410 2840 3491 ⁸)
2895 3412 2969 3475 in
3038 3411 3230 3492 finem
3295 3412 3652 3476 institutum
3723 3411 3807 3475 sit
3857 3432 4096 3476 coenae
4277 3430 4340 3472 s-

2389 3495 2666 3572 terium,
2722 3515 2798 3560 ac
2849 3516 3150 3578 quorsum
3200 3503 3449 3580 spectet,
3511 3496 3857 3579 promissio
3921 3496 4054 3561 illic
4117 3432 4340 3559 addyita

2377 3582 2711 3662 perspicue
2752 3582 3048 3647 declarat.
3129 3583 3370 3666 Nempe
3420 3589 3493 3648 ut
3532 3582 3710 3648 nobis
3750 3580 4080 3661 continuet,
4116 3599 4340 3659 corpus

2390 3667 2656 3731 Domini
2712 3668 2805 3732 sic
2846 3688 2971 3749 pro
3014 3667 3192 3733 nobis
3234 3669 3421 3734 semel
3474 3667 3806 3744 traditum,
3859 3672 3932 3731 ut
3973 3686 4137 3731 nunc
4199 3685 4338 3729 nos·

2385 3758 2554 3816 tmm
2620 3753 2735 3831 sit,
2814 3773 2890 3818 ac
2958 3759 3261 3836 perpetuo
3326 3755 3517 3819 etiam
3577 3717 3894 3835 futwum·
3969 3751 4338 3833 sanquinem

2388 3839 2836 3920 eiussicpro
2893 3839 3068 3904 nobis
3122 3841 3307 3905 semel
3363 3841 3660 3921 effusura,
3703 3837 4339 3902 utnostersitsem-

2376 3945 2501 4008 per
2562 3926 2835 4006 futurus.
2920 3923 3239 4010 Symbola
3294 3934 3481 4003 sunt,
3540 3925 3729 4023 panis
3784 3929 3854 3988 et
3895 3923 4152 3997 vinum,
4213 3922 4338 3988 sub

2387 4011 2623 4096 quibus
2679 4032 2906 4077 veram
2959 4013 3246 4093 corporis
3300 4034 3376 4078 ac
3429 4009 3768 4093 sanguinis
3821 4010 3925 4074 sui
3977 4008 4339 4074 communi-

2388 4098 2712 4164 cationem
2765 4095 3094 4163 Dominus
3147 4097 3438 4196 exhibet.
3509 4094 3624 4161 sed
3675 4094 4119 4178 spiritualem,
4174 4114 4341 4194 quae

2389 4184 2636 4250 scilicet
2693 4182 2950 4249 vinculo
3005 4183 3272 4266 spiritus
3314 4183 3455 4248 eius
3511 4189 3846 4259 contenta,
3903 4181 4338 4263 praesentiam

2391 4278 2508 4335 aut
2549 4269 2767 4334 carnis
2809 4269 2930 4334 sub
2972 4289 3174 4351 pane,
3232 4276 3348 4334 aut
3387 4267 3727 4367 sanguinis
3779 4267 3902 4333 sub
3943 4265 4144 4333 calice
4186 4285 4339 4331 con-

2390 4355 2642 4455 clusam
2676 4363 2746 4420 et
2779 4356 3336 4438 circumscriptam
3369 4354 3640 4418 minime
3674 4354 3981 4435 requirat.
4049 4350 4340 4416 Tametsi

2391 4442 2568 4507 enim
2611 4441 2752 4524 ipse
2794 4442 2863 4505 ιιι
2907 4442 3162 4506 coelum
3204 4439 3499 4505 sublatus
3553 4438 3839 4504 residere
3890 4439 3963 4503 ιιι
4004 4446 4186 4502 terra
4227 4435 4341 4501 de-

2391 4528 2521 4605 siit,
2567 4527 2640 4591 ιιι
2683 4548 2812 4609 qua
2853 4548 2973 4593 nos
3015 4526 3229 4591 adhuc
3264 4525 3778 4609 peregrinamur,
3823 4523 4084 4589 nullum
4118 4530 4338 4586 tamen

2388 4612 2816 4678 intervallum
2859 4614 2999 4678 eius
3043 4613 3355 4677 virtutem
3401 4610 3653 4677 solvere
3697 4618 3930 4693 potest,
3975 4609 4135 4691 quin
4177 4605 4338 4672 fide-
4387 4630 4394 4639 ·

2389 4700 2485 4764 les
2540 4699 2889 4781 semetipso
2945 4706 3196 4797 pascat,
3260 4717 3336 4762 ac
3391 4696 3632 4762 efficiat
3692 4707 3766 4760 ut
3820 4695 3962 4762 loeo
4017 4693 4338 4769 absentes,

2390 4794 2612 4850 tamen
2655 4785 3188 4882 praesentissima
3241 4783 3345 4847 sui
3389 4782 3976 4848 communicatione
4017 4781 4337 4844 fruantur.

2386 4871 2610 4936 Huius
2652 4871 2748 4935 rei
2791 4869 3254 4936 documentum
3298 4869 3486 4934 nobis
3528 4870 3600 4931 ιιι
3634 4888 3837 4933 coena
3875 4866 4146 4950 praebet
4179 4864 4341 4929 adeo

2388 4967 2642 5023 certum
2688 4977 2763 5020 ac
2807 4954 3233 5031 luculentum,
3294 4961 3368 5018 ut
3410 4954 3638 5038 procul
3680 4951 3875 5019 dubio
3919 4948 4338 5017 statuendum

2389 5044 2505 5119 sit,
2558 5042 2899 5108 Christum
2953 5060 3105 5120 cum
3149 5039 3285 5105 suis
3329 5040 3630 5106 omnibus
3673 5038 3949 5114 divitiis,
3995 5034 4180 5101 nobis
4224 5058 4339 5100 ex-

2530 5282 2587 5347 1)
2629 5280 2809 5335 Instit.
2836 5295 2896 5347 p.
2914 5276 3018 5331 217
3034 5293 3175 5350 seqq.
3298 5277 3359 5345 2)
3396 5278 3543 5334 Ibid.
3570 5294 3629 5347 p.
3647 5273 3766 5330 227.
3868 5272 3930 5339 3)
3968 5271 4111 5328 Ibid.
4141 5270 4337 5343 paess.
